2551 3044
216 166 278 198 209

217 261 413 300 suffocabam,
445 262 717 301 interficiebamque
740 271 796 293 eos.
838 261 888 292 36.
915 261 1000 292 Nam
1021 264 1047 292 et
1069 262 1181 293 leonem

219 306 247 334 et
280 314 388 335 ursum
421 305 558 343 interfeci
591 315 644 344 eya
676 314 784 335 servus
817 306 905 335 tuus:
937 304 994 335 erit
1028 305 1126 344 igyz'tur
1156 306 1182 334 et

219 346 416 378 Plcilistaeus
455 347 504 379 hic
542 347 776 379 incircumcisus
808 347 900 386 quasi
934 357 1016 377 unus
1049 357 1086 378 ex
1120 347 1181 377 eis:
1207 349 1208 353 ’

219 389 295 428 quia
335 400 434 421 ausus
469 393 512 421 est
549 390 726 421 maledicere
766 389 916 421 eoeercitui
949 388 1012 420 Dei
1043 390 1181 420 viventis.

220 431 271 463 37.
296 431 338 463 Et
360 433 406 463 ait
423 433 548 464 David:
570 432 728 464 Dominus
749 433 803 471 qui
826 432 941 471 eripuit
962 442 1008 462 me
1030 432 1065 464 de
1087 442 1183 463 manu

221 475 325 514 leonis,
353 477 380 505 et
408 475 444 506 de
473 485 568 506 manu
595 475 672 515 ursi,
704 476 770 514 ipse
800 474 939 506 liberabit
961 485 1008 505 me
1029 475 1066 506 de
1088 485 1184 506 manu

220 516 387 548 Plzwz'listaei
405 517 508 549 liuius.
543 517 636 549 Ducit
657 520 758 549 autem
771 517 851 548 Saul
873 518 913 549 ad
936 517 1058 549 David.-
1088 517 1183 558 Vade,

220 562 247 591 et
268 559 426 591 Dominus
448 563 544 592 tecum
566 561 615 592 sit.

305 643 443 676 Davidis
471 645 654 676 unctionem
678 656 740 676 non
764 645 861 677 fuisse
884 646 949 677 Isa‘i'
970 645 1109 676 familiae
1132 644 1181 676 in-

219 687 383 727 cognitam
402 687 494 718 facile
513 688 746 728 cognoscimus,
770 688 821 719 vel
841 699 880 719 ex
900 699 937 719 co
956 688 1038 728 quod
1057 692 1180 727 septem

218 730 320 770 ipsius
349 730 465 761 fratres
495 731 633 761 maiores
663 736 741 761 natu
766 730 910 762 Samueli
938 731 1036 762 fuisse
1058 730 1181 762 oblatos

217 772 370 813 vidimus,
394 778 430 804 ut
452 784 490 803 ex
514 773 553 803 iis
577 773 710 813 eligeret-
734 774 789 813 qui
802 773 873 804 Deo
897 778 1045 814 acceptus
1066 774 1179 804 fuisset

216 826 326 856 regem
366 817 398 846 in
432 815 553 847 Israele
594 816 756 847 futurum:
798 827 897 856 quare
930 816 1030 857 ipsius
1063 816 1179 848 fratres

217 858 296 890 satis
330 858 475 890 sciebant
508 858 684 894 Davidem,
723 859 798 890 licet
830 860 973 890 omnium
1006 859 1177 890 minimum

219 901 298 940 ipsis
327 902 517 941 praelatum.
570 902 640 932 Etsi
672 912 751 932 vero
779 907 897 933 natura
926 902 1072 933 homines
1101 906 1178 933 sunt

218 943 448 974 dominationis
470 943 594 984 cupidi:=
626 949 734 975 tamen
758 943 819 975 Dei
842 945 959 976 iudicio
982 945 1177 976 commoveri

216 986 334 1018 fratres
368 986 505 1018 Davidis
539 987 721 1026 oportebat,
763 992 801 1018 ut
834 998 929 1027 quem
960 987 1051 1019 Deus
1085 992 1177 1018 tanto

216 1028 376 1060 afficiebat
394 1029 516 1059 honore
542 1029 682 1060 vicissim
702 1029 764 1069 ipsi
783 1036 1010 1070 agnoscerent:
1029 1029 1175 1070 quando-

216 1071 347 1112 quidem
360 1076 393 1102 et
405 1081 524 1112 magna
543 1071 684 1112 dignitas
704 1074 761 1102 toti
785 1073 924 1104 familiae
942 1073 1177 1113 acquirebatur,

216 1125 317 1154 quum
345 1114 461 1154 aliquis
486 1125 527 1145 ex
550 1114 608 1145 illa
631 1115 809 1155 eligebatur
839 1126 897 1146 rex
920 1116 954 1146 in
984 1115 1104 1147 Israele
1127 1116 1176 1146 fu-

216 1161 319 1194 turus,
350 1163 383 1188 et
412 1156 542 1196 quidem
574 1157 671 1188 totius
700 1158 797 1188 etiam
828 1158 943 1189 mundi
966 1159 1177 1199 redemptoris

215 1200 329 1240 figura.
381 1199 494 1239 Neque
528 1200 615 1230 enim
649 1199 769 1231 Davidi
805 1200 914 1232 datum
948 1212 1082 1241 regnum
1116 1201 1178 1232 fuit

215 1242 358 1282 vulgare,
388 1241 443 1273 sed
468 1241 538 1272 Deo
568 1248 716 1274 sanctum
747 1249 779 1274 ct
809 1243 960 1281 dicatum,
991 1244 1073 1284 quod
1105 1255 1175 1275 cum

215 1295 272 1324 spe
290 1286 458 1316 coniuncta
477 1292 559 1316 esset
578 1286 701 1325 figura:
725 1291 758 1316 ct
776 1286 807 1316 in
828 1287 965 1318 salutem
988 1294 1176 1327 perpetuam

215 1327 325 1368 populi
356 1338 412 1358 rex
444 1327 496 1358 hic
527 1334 608 1359 esset
633 1328 829 1368 designatus.
875 1329 1090 1368 Quamobrem
1115 1331 1176 1360 toti

214 1370 356 1401 familiae
375 1370 441 1401 Isai
463 1381 581 1410 magna
605 1376 674 1401 erat
697 1371 804 1402 oblata
827 1372 967 1403 laetitiae
989 1373 1121 1410 occasio,
1145 1379 1177 1404 et

214 1423 372 1453 magnum
402 1420 629 1453 argumentum
661 1414 860 1454 agendarum
890 1415 959 1446 Deo
990 1416 1175 1454 gratiarum,

214 1455 298 1495 quod
340 1461 406 1487 tam
447 1456 605 1487 abiectam
640 1462 671 1487 et
705 1457 861 1488 humilem
896 1458 1051 1489 familiam
1086 1464 1176 1489 tanto

215 1498 338 1530 honore
367 1503 452 1529 esset
482 1498 641 1538 dignatus.
687 1499 808 1530 Contra
839 1510 914 1531 vero
944 1501 996 1531 hic
1026 1501 1176 1532 Eliabum

217 1541 467 1582 primogenitum
500 1541 619 1572 Davidi
643 1542 851 1574 vehementer
873 1544 1093 1575 succensuisse
1123 1555 1177 1575 au-

218 1583 334 1615 dimus.
379 1584 423 1615 Et
452 1585 640 1624 arrogantia
669 1595 732 1624 qua
757 1587 790 1615 in
814 1586 946 1617 fratrem
969 1587 1116 1627 insurgit,
1146 1592 1176 1618 et

218 1627 308 1658 virus
341 1626 426 1667 quod
460 1628 581 1658 evomit
612 1634 704 1658 tanta
733 1634 862 1668 tamque
892 1629 1025 1660 effraeni
1053 1635 1177 1670 pertur-

216 1669 344 1700 batione
363 1670 441 1700 satis
459 1669 598 1701 ostendit
617 1670 723 1710 ipsum
742 1676 837 1702 antea
859 1682 917 1702 suo
941 1672 1048 1703 animo
1071 1673 1177 1704 nescio

218 1711 303 1751 quod
333 1712 442 1743 odium
472 1712 628 1744 adversus
656 1713 747 1744 illum
778 1713 907 1746 fovisse.
952 1715 1020 1745 Nae
1042 1715 1179 1756 insignis

216 1754 297 1785 haec
330 1755 392 1786 fuit
424 1755 561 1787 malitia:
594 1766 680 1794 nam,
714 1762 750 1787 ut
779 1762 854 1788 ante
885 1757 961 1795 dixi,
991 1768 1054 1789 non
1084 1759 1178 1790 modo

216 1797 291 1829 facit
305 1797 426 1828 Davidi
445 1808 605 1829 summam
628 1799 791 1837 iniuriam,
814 1799 869 1830 sed
893 1799 1048 1831 adversus
1070 1801 1177 1841 ipsum

216 1839 325 1871 Deum
354 1840 548 1872 intolerabili
572 1841 806 1881 ingratitudine
829 1846 950 1882 peccat.
994 1842 1057 1875 Sed
1082 1855 1177 1884 quam

216 1882 264 1913 illi
295 1884 495 1914 occasionem
525 1885 717 1923 praebuerat
741 1885 847 1916 David
876 1886 1046 1917 accusandi
1069 1886 1175 1927 ipsum

215 1927 384 1965 superbiae
406 1933 438 1958 et
460 1927 644 1966 nequitiae?
686 1927 798 1967 Neque
821 1928 906 1959 enim
931 1928 1065 1960 ambivit
1086 1930 1175 1961 illam

216 1968 417 2009 dignitatem,
448 1980 552 2009 neque
575 1969 650 2001 ullis
681 1971 804 2002 artibus
828 1972 987 2009 quaesivit
1021 1972 1089 2003 sola
1111 1972 1175 2004 Dei

212 2011 356 2052 gratuita
385 2012 553 2043 voluntate
581 2020 785 2052 praeventus.
831 2013 1050 2052 Quamobrem
1078 2015 1172 2047 Eliab

211 2054 265 2086 hic
287 2065 448 2086 summam
472 2055 572 2085 animi
595 2056 869 2095 perturbationem
893 2062 925 2088 et
948 2057 1172 2089 alienationem

210 2096 328 2137 prodit,
359 2108 459 2137 quum
482 2098 574 2128 fratri
598 2103 665 2128 tam
687 2098 800 2130 acerbe
823 2099 892 2130 sine
914 2101 1078 2131 occasione
1100 2112 1172 2133 suc-

211 2145 330 2171 censet.
376 2140 470 2179 Quod
501 2151 576 2181 ergo
600 2141 682 2171 fovit
705 2141 759 2172 diu
782 2142 815 2172 in
839 2148 965 2182 pectore
987 2143 1096 2174 odium
1116 2144 1172 2175 ad-

211 2193 329 2215 versus
352 2183 494 2219 fratrem,
519 2189 550 2214 et
572 2183 655 2223 quod
678 2183 742 2215 iam
765 2184 813 2214 illi
835 2185 904 2216 sine
925 2196 1022 2217 causa
1043 2196 1171 2218 succen-

212 2229 270 2262 set,
304 2227 382 2256 satis
417 2231 554 2257 testatur
587 2236 652 2256 non
684 2237 776 2266 posse
809 2227 901 2258 illum
935 2238 1034 2269 aequo
1063 2229 1170 2261 animo

211 2267 296 2298 ferre
319 2267 481 2299 Davidem
512 2268 552 2299 ad
583 2279 653 2299 eam
677 2269 880 2310 dignitatem,
904 2281 985 2311 quae
1006 2271 1053 2302 illi
1076 2271 1169 2304 debe-

210 2310 317 2348 batur,
341 2311 446 2342 evehi.
481 2311 568 2342 Hinc
586 2311 746 2343 discamus
765 2323 860 2352 quam
879 2313 920 2344 sit
939 2313 1067 2345 lethalis
1088 2315 1169 2354 lues,

212 2352 344 2385 ambitio
375 2357 406 2384 et
436 2354 592 2385 honorum
623 2354 796 2394 cupiditas:
827 2366 907 2396 quae
931 2357 989 2388 vix
1010 2357 1045 2388 in
1067 2368 1169 2397 quen-

211 2406 308 2435 quam
345 2395 459 2428 cadere
500 2400 606 2437 potest
640 2398 717 2438 quin
751 2399 848 2429 etiam
880 2399 1004 2431 invidia
1037 2399 1167 2432 laboret.

211 2437 322 2477 Quum
352 2449 430 2469 vero
458 2443 522 2470 tam
553 2440 706 2480 pestifera
735 2440 804 2473 lues
827 2442 969 2473 animum
991 2444 1169 2485 occupavit,

210 2481 310 2513 etiam
338 2482 483 2513 convicia
513 2488 545 2513 et
573 2482 744 2514 maledicta
778 2484 872 2516 modo
901 2484 935 2516 in
964 2485 1050 2517 hunc
1072 2487 1167 2518 modo

209 2524 244 2554 in
276 2524 370 2555 illum
394 2525 548 2564 producit,
575 2532 606 2556 et
630 2525 692 2556 Dei
715 2526 837 2566 gratiae
859 2538 988 2559 cursum
1009 2539 1068 2569 pro
1092 2530 1167 2560 viri·
1192 2559 1193 2565 ,

211 2566 270 2599 bus
290 2567 482 2608 abrumpere
501 2568 630 2598 nititur:
654 2574 685 2599 et
702 2568 748 2599 ita
766 2570 803 2600 fit
821 2574 858 2601 ut
880 2570 957 2601 dum
979 2571 1168 2604 mortalibus

209 2610 358 2642 resistere
381 2621 438 2642 nos
462 2615 612 2650 putamus
635 2610 789 2644 adversus
812 2613 916 2653 ipsum
934 2614 1040 2646 Deum
1059 2615 1167 2647 insur-

313 2661 421 2688 Calvini
433 2669 522 2694 opera.
548 2662 608 2688 Vol.
621 2661 717 2690 XXX.

865 167 914 198 IN
937 167 964 198 Ι.
988 167 1074 198 LIB.
1100 166 1298 200 SAMUEL.
1322 169 1419 200 CAP.
1443 170 1550 202 XVII.

2136 173 2201 204 210

1235 273 1355 301 gamus,
1378 268 1409 294 ct
1432 264 1534 295 eidem
1560 265 1679 296 bellum
1704 266 1891 297 inseramus.
1933 266 2041 305 Quare
2065 267 2090 297 si
2114 277 2196 307 pure

1235 310 1265 335 et
1295 306 1418 337 sincere
1451 307 1554 338 Deum
1583 308 1687 339 colere
1720 309 1931 348 venerarique
1960 316 2126 349 optamus,
2161 314 2194 341 et

1235 358 1298 378 non
1319 350 1471 380 remorari
1491 361 1620 381 cursum
1643 351 1819 391 gratiarum
1844 352 1952 391 ipsius,
1976 358 2072 391 prout
2096 353 2195 385 variis

1234 392 1379 429 personis
1400 392 1471 423 illas
1492 393 1683 424 distribuere
1702 394 1853 432 voluerit,
1878 395 2016 434 primum
2042 395 2195 435 fugienda

1235 442 1335 472 prava
1363 433 1419 464 illa
1447 434 1631 466 dominandi
1661 443 1692 467 et
1721 447 1819 476 supra
1842 437 1920 468 alios
1949 438 2111 468 eminendi
2141 448 2195 470 cu-

1236 475 1369 514 piditas:
1413 477 1526 508 deinde
1560 478 1665 509 danda
1698 489 1795 519 opera
1828 485 1863 510 ut
1894 480 2075 520 ubicunque
2109 480 2194 512 dona

1235 518 1367 557 spiritus
1391 519 1451 549 Dei
1473 522 1688 559 apparuerint,
1718 533 1754 552 ea
1777 522 1845 553 sine
1870 522 1993 553 invidia
2016 529 2047 553 et
2069 523 2194 555 malitia.

1235 561 1347 600 quanti
1365 572 1422 601 par
1444 568 1492 593 est
1513 563 1675 602 faciamus,
1699 570 1730 595 et
1754 575 1810 604 pro
1834 564 1954 596 viribus
1977 576 2015 596 ea
2037 576 2193 597 conemur

1234 603 1383 634 omnibus
1405 610 1480 635 nota
1503 605 1613 644 facere,
1638 607 1720 646 quod
1744 618 1868 638 summo
1892 614 2002 639 nostro
2025 607 2193 640 commodo

1234 646 1298 676 fiet.
1344 646 1437 684 Nam,
1466 658 1593 686 quaeso,
1624 649 1699 688 quid
1723 651 1959 689 promovebunt
1981 651 2033 690 qui
2059 661 2092 682 se
2115 661 2192 691 prae

1234 688 1305 719 aliis
1336 689 1492 720 extollere
1520 691 1644 729 volunt,
1674 692 1701 722 si
1733 692 1883 724 dentibus
1912 693 2127 731 infrendeant,
2158 699 2192 725 et

1233 730 1442 763 vehementer
1471 732 1688 773 indignentur,
1719 735 1745 765 si
1770 735 1859 766 Deus
1883 736 1962 767 alios
1986 746 2081 776 quam
2104 736 2191 776 ipsos

1232 774 1397 805 assumat?
1433 773 1469 805 Si
1488 776 1557 814 quis
1577 776 1662 807 enim
1685 777 1793 808 multis
1817 777 1909 809 donis
1931 778 2034 810 sancti
2057 779 2191 819 spiritus

1231 816 1376 854 excellat,
1406 823 1528 848 certum
1558 824 1606 850 est
1636 829 1842 860 quaecunque
1873 821 1956 852 dona
1981 826 2014 852 et
2042 821 2132 853 dotes
2154 822 2189 853 in

1231 869 1267 890 eo
1280 859 1399 890 fuerint
1412 860 1444 890 in
1457 861 1599 891 omnium
1620 862 1762 893 fidelium
1784 863 1921 894 salutem
1942 863 2188 903 redundaturas,

1230 906 1263 932 et
1292 903 1434 933 omnium
1464 903 1596 934 utilitati
1618 915 1773 936 cessuras.
1819 905 1927 944 Quare
1951 917 2056 938 nonne
2080 918 2190 938 amen-

1230 944 1309 975 tiam
1328 950 1470 976 nostram
1490 945 1678 986 detegimus,
1702 957 1799 987 quum
1819 958 1913 988 aegre
1935 949 2068 980 ferimus
2081 950 2188 981 Deum

1229 987 1262 1018 in
1295 987 1355 1019 hoc
1389 988 1439 1019 vel
1473 988 1527 1018 illo
1562 990 1701 1028 operari,
1744 996 1775 1020 et
1807 1001 2016 1031 quaecunque
2045 992 2128 1023 dona
2157 993 2191 1024 in

1229 1030 1302 1061 illos
1321 1031 1495 1062 contulerit
1514 1031 1547 1061 in
1567 1037 1714 1062 nostrum
1734 1033 1935 1064 commodum
1961 1040 1992 1064 et
2016 1035 2190 1067 utilitatem

1229 1072 1365 1104 cedere?
1399 1073 1470 1105 Hoc
1489 1074 1588 1114 igitur
1607 1075 1789 1115 exemplum
1805 1076 1908 1107 Eliabi
1931 1077 2041 1108 fratris
2055 1077 2192 1110 Davidis

1230 1115 1404 1156 diligenter
1427 1122 1475 1147 est
1499 1116 1588 1147 nobis
1613 1117 1857 1149 observandum.
1892 1119 1976 1150 Nam
2001 1131 2040 1150 ex
2064 1130 2101 1151 eo
2124 1120 2190 1152 dis-

1229 1159 1331 1190 cimus
1361 1160 1578 1199 arrogantiam
1608 1165 1640 1190 et
1663 1161 1845 1200 superbiam
1869 1172 1909 1192 ex
1933 1162 2098 1193 hominum
2123 1173 2192 1194 me-

1229 1202 1331 1232 moria
1361 1212 1489 1232 omnem
1522 1201 1755 1234 humanitatem
1788 1203 1901 1241 delere,
1931 1211 1961 1235 et
1991 1205 2189 1237 oblivionem

1231 1244 1384 1275 inducere
1415 1244 1672 1282 necessitudinis,
1700 1251 1734 1276 ut
1762 1246 1850 1277 nulla
1878 1248 1958 1277 ratio
1989 1258 2091 1287 neque
2114 1259 2191 1280 con-

1229 1288 1478 1327 sanguineorum
1496 1297 1600 1327 neque
1619 1288 1755 1319 fratrum
1775 1289 1939 1329 habeatur,
1960 1291 2054 1321 sicuti
2074 1293 2190 1322 tratres

1229 1329 1376 1361 videmus
1396 1330 1458 1360 iam
1478 1330 1551 1360 inde
1571 1331 1609 1361 ab
1629 1331 1715 1361 omni
1735 1341 1812 1362 aevo
1831 1332 1891 1363 sibi
1912 1343 1975 1363 non
1999 1335 2190 1373 pepercisse,

1229 1383 1329 1412 quum
1357 1372 1396 1403 de
1419 1372 1633 1404 dominatione
1657 1377 1762 1404 actum
1786 1379 1851 1406 est:
1882 1374 1937 1406 sed
1966 1386 2036 1406 sese
2066 1377 2190 1407 mutuis

1229 1415 1311 1446 odiis
1341 1421 1373 1446 ct
1402 1416 1578 1447 inimicitiis
1607 1421 1814 1456 persequutos
1838 1427 1914 1455 esse,
1946 1424 1978 1449 et
2001 1418 2189 1450 vulneribus

1229 1457 1425 1489 confodisse:
1467 1469 1561 1498 saepe
1594 1459 1675 1489 filios
1710 1470 1727 1489 a
1761 1464 1900 1490 matrum
1930 1461 2018 1492 ulnis
2052 1468 2187 1502 ereptos,

1229 1512 1324 1541 saepe
1354 1502 1449 1532 etiam
1479 1501 1596 1532 liberos
1618 1501 1762 1541 patribus
1786 1502 1864 1542 ipsis
1887 1507 1919 1533 et
1941 1504 2099 1535 matribus
2122 1515 2188 1535 non

1230 1543 1432 1582 abstinuisse,
1456 1549 1544 1574 tanta
1563 1544 1611 1575 vis
1629 1549 1678 1574 est
1694 1544 1874 1576 ambitionis
1893 1546 1986 1576 istius
2005 1546 2189 1584 diabolicae,

1230 1597 1293 1626 qua
1326 1587 1472 1618 homines
1505 1587 1551 1617 ita
1584 1587 1793 1624 fascinantur,
1827 1594 1862 1618 ut
1890 1599 2016 1619 omnem
2048 1589 2086 1620 de
2117 1591 2188 1621 Deo

1229 1630 1308 1669 ipsis
1340 1630 1527 1660 memoriam
1563 1629 1697 1666 adimat,
1733 1635 1764 1660 et
1800 1637 1970 1670 parentum
2001 1632 2098 1663 etiam
2131 1633 2188 1664 ob-

1230 1673 1383 1704 livionem
1407 1672 1539 1703 adferat.

1314 1716 1358 1747 Et
1381 1715 1419 1746 de
1442 1715 1548 1746 Eliabi
1572 1715 1620 1745 ira
1643 1714 1797 1746 adversus
1822 1715 1980 1746 Davidem
2006 1717 2091 1749 satis.
2114 1719 2187 1758 qui-

1230 1759 1288 1790 bus
1318 1763 1522 1790 accesserunt
1552 1762 1582 1788 et
1605 1758 1836 1789 contumeliosa
1860 1759 1966 1789 verba.
2013 1760 2107 1796 jam,
2132 1762 2186 1801 ait,

1228 1802 1298 1833 novi
1315 1801 1490 1841 superbiam
1508 1803 1601 1837 tuam,
1625 1803 1650 1830 et
1672 1801 1838 1839 nequiciam
1861 1802 1964 1832 cordis
1985 1803 2039 1832 tui.
2084 1803 2187 1842 Quare

1228 1844 1419 1883 dereliquisti
1437 1844 1592 1883 pauculas
1615 1843 1686 1873 illas
1708 1853 1775 1874 oves
1797 1844 1829 1873 in
1849 1844 1991 1874 deserto?
2023 1845 2184 1878 Davidem

1228 1887 1281 1918 hic
1299 1887 1380 1918 falso
1403 1887 1545 1918 accusari
1565 1896 1583 1916 a
1604 1885 1702 1916 fratre
1724 1885 1892 1926 superbiae
1915 1893 1944 1916 et
1968 1887 2109 1919 malitiae
2127 1899 2184 1920 au-

1227 1930 1342 1961 dimus.
1383 1929 1469 1968 Quid
1493 1929 1578 1959 enim
1602 1928 1635 1959 in
1656 1939 1692 1958 eo
1715 1928 1812 1959 frater
1835 1928 2100 1968 deprehenderat,
2124 1942 2184 1963 eur

1227 1984 1302 2004 cum
1325 1979 1390 2003 tam
1413 1977 1601 2012 arroganter
1624 1971 1816 2010 obiurgaret,
1846 1973 1934 2011 quasi
1959 1972 2099 2012 aliquam
2124 1985 2181 2005 au—

1226 2015 1350 2047 daciam
1370 2015 1403 2046 in
1427 2025 1463 2046 eo
1487 2013 1758 2054 deprehendisset,
1783 2019 1838 2044 aut
1860 2019 1944 2045 artes
1966 2014 2088 2055 aliquas
2112 2017 2180 2056 qui-

1225 2058 1284 2089 bus
1314 2058 1472 2098 appetitae
1502 2058 1535 2088 in
1565 2056 1644 2087 alios
1675 2056 1897 2087 dominationis
1927 2058 2018 2096 argui
2048 2059 2179 2098 posset?

1224 2102 1336 2141 Neque
1365 2101 1451 2131 enim
1475 2099 1581 2130 David
1606 2099 1788 2130 Samuelem
1819 2105 2040 2138 praevenerat,
2072 2107 2108 2132 ut
2139 2102 2180 2133 ab

1223 2145 1291 2184 ipso
1321 2149 1506 2184 ungeretur,
1537 2152 1638 2181 neque
1669 2141 1844 2172 rationibus
1875 2141 2010 2181 obliquis
2041 2154 2180 2184 regnum

1223 2188 1388 2218 affectasse
1409 2185 1626 2225 deprehensus
1645 2185 1756 2219 fuerat,
1781 2184 1834 2223 qui
1855 2184 1892 2214 de
1911 2195 2010 2224 regno
2029 2186 2068 2216 ad
2092 2187 2179 2226 quod

1222 2241 1354 2270 prorsus
1371 2229 1551 2268 incogitans
1570 2232 1701 2258 vocatus
1719 2232 1766 2258 est
1787 2237 1948 2266 nunquam
1968 2228 2179 2268 cogitaverat.

1222 2273 1284 2303 Illa
1314 2283 1389 2312 ergo
1414 2269 1548 2302 Davidis
1574 2270 1730 2309 superbia,
1760 2269 1814 2300 illa
1837 2269 1969 2308 malitia,
1993 2271 2077 2310 quod
2100 2282 2178 2304 oves

1221 2315 1351 2346 sedulus
1373 2313 1532 2354 pascebat,
1564 2312 1651 2343 nulla
1675 2312 1827 2342 vanitatis
1851 2312 1967 2344 ductus
1989 2313 2177 2354 cupiditate,

1221 2358 1276 2390 sed
1300 2367 1366 2394 sua,
1399 2357 1473 2388 licet
1495 2355 1617 2386 abiecta
1640 2359 1671 2385 et
1694 2355 1758 2390 vili,
1790 2354 1972 2386 conditione
1995 2361 2174 2389 contentus.

1221 2399 1285 2433 Sed
1309 2400 1378 2430 Deo
1401 2399 1522 2439 placuit
1545 2399 1649 2437 ipsum
1672 2397 1746 2427 inde
1770 2398 1807 2427 ad
1831 2396 1946 2428 solium
1970 2399 2093 2438 regium
2117 2410 2176 2430 ex-

1221 2444 1339 2474 tollere.
1385 2442 1472 2472 Hinc
1502 2445 1633 2480 apparet
1662 2439 1824 2479 improbos
1847 2450 1974 2479 semper
1996 2441 2029 2471 in
2053 2441 2175 2473 calum-

1220 2487 1289 2517 nias
1318 2493 1348 2516 et
1377 2483 1547 2515 maledicta
1576 2482 1732 2522 proclives
1762 2492 1846 2521 esse,
1877 2486 1909 2512 et
1937 2482 2176 2516 calumniarum

1219 2530 1411 2565 inventores,
1432 2527 1505 2557 licet
1525 2526 1613 2556 nulla
1632 2525 1708 2564 ipsis
1727 2525 1890 2556 occasione
1914 2525 2029 2556 oblata.
2064 2526 2175 2565 Quare

1218 2572 1378 2613 patienter
1407 2570 1546 2600 feramus
1569 2566 1787 2607 improborum
1809 2567 1891 2606 odia,
1921 2578 2002 2607 quae
2025 2570 2175 2607 graviora.

1220 2614 1372 2646 adversus
1392 2623 1448 2644 nos
1467 2615 1677 2651 consurgunt,
1700 2610 1781 2650 quod
1802 2610 1894 2641 nobis
1912 2610 2059 2642 invident
2081 2611 2173 2650 dona,

1934 2660 1966 2685 14
