<?xml version="1.0" encoding="UTF-8"?>
<!DOCTYPE html PUBLIC "-//W3C//DTD XHTML 1.0 Transitional//EN"
    "http://www.w3.org/TR/xhtml1/DTD/xhtml1-transitional.dtd">
<html xmlns="http://www.w3.org/1999/xhtml" xml:lang="en" lang="en">
 <head>
  <title>
</title>
<meta http-equiv="Content-Type" content="text/html;charset=utf-8" />
  <meta name='ocr-system' content='tesseract 3.04.00' />
  <meta name='ocr-capabilities' content='ocr_page ocr_carea ocr_par ocr_line ocrx_word'/>
</head>
<body>
  <div class='ocr_page' id='page_1' title='image "./ioanniscalviniop30calv_0186.png"; bbox 0 0 2551 3044; ppageno 0'>
   <div class='ocr_carea' id='block_1_1' title="bbox 368 225 426 255">
    <p class='ocr_par' dir='ltr' id='par_1_1' title="bbox 368 225 426 255">
     <span class='ocr_line' id='line_1_1' title="bbox 368 225 426 255; baseline -0.017 0"><span class='ocrx_word' id='word_1_1' title='bbox 368 225 426 255; x_wconf 67' lang='lat'><strong>351</strong></span> 
     </span>
    </p>
   </div>
   <div class='ocr_carea' id='block_1_2' title="bbox 368 313 1331 400">
    <p class='ocr_par' dir='ltr' id='par_1_2' title="bbox 368 313 1331 400">
     <span class='ocr_line' id='line_1_2' title="bbox 370 313 1330 353; baseline -0.005 -5"><span class='ocrx_word' id='word_1_2' title='bbox 370 318 535 348; x_wconf 77' lang='lat' dir='ltr'><strong>veritatem</strong></span> <span class='ocrx_word' id='word_1_3' title='bbox 570 323 668 351; x_wconf 84' lang='lat' dir='ltr'><strong>amat,</strong></span> <span class='ocrx_word' id='word_1_4' title='bbox 708 313 968 353; x_wconf 82' lang='lat' dir='ltr'><strong>quandoquidem</strong></span> <span class='ocrx_word' id='word_1_5' title='bbox 1006 313 1074 352; x_wconf 88' lang='lat' dir='ltr'><strong>ipse</strong></span> <span class='ocrx_word' id='word_1_6' title='bbox 1109 318 1157 343; x_wconf 89' lang='lat' dir='ltr'><strong>est</strong></span> <span class='ocrx_word' id='word_1_7' title='bbox 1192 313 1330 344; x_wconf 75' lang='lat' dir='ltr'><strong>veritas:</strong></span> 
     </span>
     <span class='ocr_line' id='line_1_3' title="bbox 368 355 1331 400; baseline -0.004 -10"><span class='ocrx_word' id='word_1_8' title='bbox 368 370 466 400; x_wconf 82' lang='lat' dir='ltr'><strong>quare</strong></span> <span class='ocrx_word' id='word_1_9' title='bbox 496 360 598 397; x_wconf 75' lang='lat' dir='ltr'><strong>ipsum</strong></span> <span class='ocrx_word' id='word_1_10' title='bbox 630 364 755 396; x_wconf 80' lang='lat' dir='ltr'>oportet</span> <span class='ocrx_word' id='word_1_11' title='bbox 785 355 962 386; x_wconf 87' lang='lat' dir='ltr'><strong>abominari</strong></span> <span class='ocrx_word' id='word_1_12' title='bbox 995 363 1026 386; x_wconf 88' lang='lat' dir='ltr'><strong>et</strong></span> <span class='ocrx_word' id='word_1_13' title='bbox 1057 355 1208 386; x_wconf 82' lang='lat' dir='ltr'><strong>detestari</strong></span> <span class='ocrx_word' id='word_1_14' title='bbox 1240 355 1331 395; x_wconf 91' lang='lat' dir='ltr'><strong>quid-</strong></span> 
     </span>
    </p>
   </div>
   <div class='ocr_carea' id='block_1_3' title="bbox 369 398 1359 442">
    <p class='ocr_par' dir='ltr' id='par_1_3' title="bbox 369 398 1359 442">
     <span class='ocr_line' id='line_1_4' title="bbox 369 398 1359 442; baseline -0.004 -10"><span class='ocrx_word' id='word_1_15' title='bbox 369 402 445 442; x_wconf 84' lang='lat' dir='ltr'><strong>quid</strong></span> <span class='ocrx_word' id='word_1_16' title='bbox 465 402 565 441; x_wconf 84' lang='lat' dir='ltr'><strong>ipsius</strong></span> <span class='ocrx_word' id='word_1_17' title='bbox 585 400 743 430; x_wconf 62' lang='lat' dir='ltr'><strong>maiestati</strong></span> <span class='ocrx_word' id='word_1_18' title='bbox 764 399 960 429; x_wconf 89' lang='lat' dir='ltr'><strong>contrarium</strong></span> <span class='ocrx_word' id='word_1_19' title='bbox 980 405 1039 430; x_wconf 87' lang='lat' dir='ltr'><strong>est.</strong></span> <span class='ocrx_word' id='word_1_20' title='bbox 1075 398 1212 429; x_wconf 87' lang='lat' dir='ltr'><strong>Davidis</strong></span> <span class='ocrx_word' id='word_1_21' title='bbox 1224 399 1332 438; x_wconf 88' lang='lat' dir='ltr'><strong>itaque</strong></span> <span class='ocrx_word' id='word_1_22' title='bbox 1358 416 1359 427; x_wconf 69' lang='lat' dir='ltr'><strong>l</strong></span> 
     </span>
    </p>
   </div>
   <div class='ocr_carea' id='block_1_4' title="bbox 368 440 1332 740">
    <p class='ocr_par' dir='ltr' id='par_1_4' title="bbox 368 440 1332 740">
     <span class='ocr_line' id='line_1_5' title="bbox 368 440 1332 482; baseline -0.004 -7"><span class='ocrx_word' id='word_1_23' title='bbox 368 444 554 475; x_wconf 78' lang='lat' dir='ltr'><strong>simulatum</strong></span> <span class='ocrx_word' id='word_1_24' title='bbox 587 449 790 482; x_wconf 73' lang='lat' dir='ltr'><strong>praetextum</strong></span> <span class='ocrx_word' id='word_1_25' title='bbox 821 451 975 472; x_wconf 74' lang='lat' dir='ltr'><strong>excusare</strong></span> <span class='ocrx_word' id='word_1_26' title='bbox 1007 451 1100 472; x_wconf 83' lang='lat' dir='ltr'><strong>nenio</strong></span> <span class='ocrx_word' id='word_1_27' title='bbox 1131 447 1251 481; x_wconf 88' lang='lat' dir='ltr'><strong>potest:</strong></span> <span class='ocrx_word' id='word_1_28' title='bbox 1276 440 1332 472; x_wconf 89' lang='lat' dir='ltr'><strong>sed</strong></span> 
     </span>
     <span class='ocr_line' id='line_1_6' title="bbox 369 483 1331 527; baseline -0.004 -9"><span class='ocrx_word' id='word_1_29' title='bbox 369 488 473 527; x_wconf 84' lang='lat' dir='ltr'><strong>potius</strong></span> <span class='ocrx_word' id='word_1_30' title='bbox 503 486 572 516; x_wconf 90' lang='lat' dir='ltr'><strong>eius</strong></span> <span class='ocrx_word' id='word_1_31' title='bbox 601 484 748 523; x_wconf 72' lang='lat' dir='ltr'><strong>exemplo</strong></span> <span class='ocrx_word' id='word_1_32' title='bbox 777 494 890 523; x_wconf 86' lang='lat' dir='ltr'><strong>sapere</strong></span> <span class='ocrx_word' id='word_1_33' title='bbox 913 483 1074 520; x_wconf 89' lang='lat' dir='ltr'><strong>debemus,</strong></span> <span class='ocrx_word' id='word_1_34' title='bbox 1104 484 1189 514; x_wconf 89' lang='lat' dir='ltr'><strong>etin</strong></span> <span class='ocrx_word' id='word_1_35' title='bbox 1211 494 1331 514; x_wconf 89' lang='lat' dir='ltr'><strong>memo-</strong></span> 
     </span>
     <span class='ocr_line' id='line_1_7' title="bbox 368 527 1332 566; baseline -0.003 -6"><span class='ocrx_word' id='word_1_36' title='bbox 368 531 448 560; x_wconf 83' lang='lat' dir='ltr'>riam</span> <span class='ocrx_word' id='word_1_37' title='bbox 472 538 624 559; x_wconf 74' lang='lat' dir='ltr'><strong>revoeare</strong></span> <span class='ocrx_word' id='word_1_38' title='bbox 648 527 731 566; x_wconf 82' lang='lat' dir='ltr'><strong>quod</strong></span> <span class='ocrx_word' id='word_1_39' title='bbox 756 537 851 566; x_wconf 83' lang='lat' dir='ltr'><strong>saepe</strong></span> <span class='ocrx_word' id='word_1_40' title='bbox 870 527 904 556; x_wconf 92' lang='lat' dir='ltr'><strong>in</strong></span> <span class='ocrx_word' id='word_1_41' title='bbox 925 527 1024 557; x_wconf 88' lang='lat' dir='ltr'><strong>sacris</strong></span> <span class='ocrx_word' id='word_1_42' title='bbox 1043 527 1191 563; x_wconf 88' lang='lat' dir='ltr'><strong>occurrit,</strong></span> <span class='ocrx_word' id='word_1_43' title='bbox 1216 536 1332 566; x_wconf 81' lang='lat' dir='ltr'>nempe</span> 
     </span>
     <span class='ocr_line' id='line_1_8' title="bbox 368 568 1332 609; baseline -0.004 -6"><span class='ocrx_word' id='word_1_44' title='bbox 368 572 429 603; x_wconf 84' lang='lat' dir='ltr'><strong>Dei</strong></span> <span class='ocrx_word' id='word_1_45' title='bbox 455 571 537 602; x_wconf 85' lang='lat' dir='ltr'><strong>filios</strong></span> <span class='ocrx_word' id='word_1_46' title='bbox 561 571 659 601; x_wconf 88' lang='lat' dir='ltr'><strong>etiam</strong></span> <span class='ocrx_word' id='word_1_47' title='bbox 683 568 722 600; x_wconf 85' lang='lat' dir='ltr'><strong>ad</strong></span> <span class='ocrx_word' id='word_1_48' title='bbox 748 570 866 599; x_wconf 83' lang='lat' dir='ltr'><strong>bonum</strong></span> <span class='ocrx_word' id='word_1_49' title='bbox 887 570 984 600; x_wconf 85' lang='lat' dir='ltr'><strong>finem</strong></span> <span class='ocrx_word' id='word_1_50' title='bbox 1004 568 1212 605; x_wconf 82' lang='lat' dir='ltr'><strong>collimantes,</strong></span> <span class='ocrx_word' id='word_1_51' title='bbox 1238 579 1332 609; x_wconf 86' lang='lat' dir='ltr'><strong>saepe</strong></span> 
     </span>
     <span class='ocr_line' id='line_1_9' title="bbox 369 611 1331 651; baseline -0.003 -6"><span class='ocrx_word' id='word_1_52' title='bbox 369 623 477 645; x_wconf 77' lang='lat' dir='ltr'><strong>tamen</strong></span> <span class='ocrx_word' id='word_1_53' title='bbox 502 613 563 644; x_wconf 83' lang='lat' dir='ltr'><strong>labi</strong></span> <span class='ocrx_word' id='word_1_54' title='bbox 588 618 619 643; x_wconf 86' lang='lat' dir='ltr'><strong>et</strong></span> <span class='ocrx_word' id='word_1_55' title='bbox 642 612 801 644; x_wconf 81' lang='lat' dir='ltr'><strong>aberrare.</strong></span> <span class='ocrx_word' id='word_1_56' title='bbox 838 611 943 642; x_wconf 89' lang='lat' dir='ltr'><strong>David</strong></span> <span class='ocrx_word' id='word_1_57' title='bbox 967 611 1094 651; x_wconf 92' lang='lat' dir='ltr'><strong>quidem</strong></span> <span class='ocrx_word' id='word_1_58' title='bbox 1115 622 1192 642; x_wconf 87' lang='lat' dir='ltr'><strong>sane</strong></span> <span class='ocrx_word' id='word_1_59' title='bbox 1211 618 1331 642; x_wconf 86' lang='lat' dir='ltr'><strong>rectam</strong></span> 
     </span>
     <span class='ocr_line' id='line_1_10' title="bbox 369 653 1331 694; baseline -0.004 -6"><span class='ocrx_word' id='word_1_60' title='bbox 369 658 454 688; x_wconf 78' lang='lat' dir='ltr'><strong>viam</strong></span> <span class='ocrx_word' id='word_1_61' title='bbox 491 656 615 693; x_wconf 82' lang='lat' dir='ltr'><strong>institit,</strong></span> <span class='ocrx_word' id='word_1_62' title='bbox 660 661 692 685; x_wconf 90' lang='lat' dir='ltr'><strong>et</strong></span> <span class='ocrx_word' id='word_1_63' title='bbox 725 653 765 684; x_wconf 89' lang='lat' dir='ltr'><strong>ad</strong></span> <span class='ocrx_word' id='word_1_64' title='bbox 796 655 893 684; x_wconf 86' lang='lat' dir='ltr'><strong>finem</strong></span> <span class='ocrx_word' id='word_1_65' title='bbox 917 664 1012 694; x_wconf 89' lang='lat' dir='ltr'><strong>quem</strong></span> <span class='ocrx_word' id='word_1_66' title='bbox 1042 654 1151 685; x_wconf 88' lang='lat' dir='ltr'><strong>debuit</strong></span> <span class='ocrx_word' id='word_1_67' title='bbox 1181 654 1331 694; x_wconf 76' lang='lat' dir='ltr'>respexit,</span> 
     </span>
     <span class='ocr_line' id='line_1_11' title="bbox 370 696 1332 740; baseline -0.004 -9"><span class='ocrx_word' id='word_1_68' title='bbox 370 711 484 740; x_wconf 89' lang='lat' dir='ltr'><strong>nempe</strong></span> <span class='ocrx_word' id='word_1_69' title='bbox 508 707 544 730; x_wconf 89' lang='lat' dir='ltr'><strong>ut</strong></span> <span class='ocrx_word' id='word_1_70' title='bbox 567 698 673 728; x_wconf 89' lang='lat' dir='ltr'><strong>Deum</strong></span> <span class='ocrx_word' id='word_1_71' title='bbox 697 698 821 728; x_wconf 90' lang='lat' dir='ltr'><strong>sincere</strong></span> <span class='ocrx_word' id='word_1_72' title='bbox 845 704 876 727; x_wconf 89' lang='lat' dir='ltr'><strong>et</strong></span> <span class='ocrx_word' id='word_1_73' title='bbox 900 696 1035 728; x_wconf 84' lang='lat' dir='ltr'><strong>candide</strong></span> <span class='ocrx_word' id='word_1_74' title='bbox 1056 697 1183 736; x_wconf 86' lang='lat' dir='ltr'><strong>coleret,</strong></span> <span class='ocrx_word' id='word_1_75' title='bbox 1208 697 1241 727; x_wconf 93' lang='lat' dir='ltr'><strong>in</strong></span> <span class='ocrx_word' id='word_1_76' title='bbox 1266 697 1332 736; x_wconf 90' lang='lat' dir='ltr'><strong>ipso</strong></span> 
     </span>
    </p>
   </div>
   <div class='ocr_carea' id='block_1_5' title="bbox 369 739 1359 824">
    <p class='ocr_par' dir='ltr' id='par_1_5' title="bbox 369 739 1359 824">
     <span class='ocr_line' id='line_1_12' title="bbox 369 739 1359 783; baseline -0.004 -10"><span class='ocrx_word' id='word_1_77' title='bbox 369 750 400 773; x_wconf 82' lang='lat' dir='ltr'><strong>et</strong></span> <span class='ocrx_word' id='word_1_78' title='bbox 426 741 642 773; x_wconf 83' lang='lat' dir='ltr'><strong>misericordia</strong></span> <span class='ocrx_word' id='word_1_79' title='bbox 665 739 938 783; x_wconf 17' lang='lat' dir='ltr'><strong>ipsiusdfidueiam</strong></span> <span class='ocrx_word' id='word_1_80' title='bbox 964 747 1141 779; x_wconf 78' lang='lat' dir='ltr'><strong>reponeret,</strong></span> <span class='ocrx_word' id='word_1_81' title='bbox 1167 740 1332 779; x_wconf 79' lang='lat' dir='ltr'><strong>promissis</strong></span> <span class='ocrx_word' id='word_1_82' title='bbox 1358 743 1359 747; x_wconf 79' lang='grc'>’</span> 
     </span>
     <span class='ocr_line' id='line_1_13' title="bbox 370 782 1359 824; baseline -0.006 -8"><span class='ocrx_word' id='word_1_83' title='bbox 370 787 507 824; x_wconf 76' lang='lat' dir='ltr'><strong>deniquo</strong></span> <span class='ocrx_word' id='word_1_84' title='bbox 541 784 642 823; x_wconf 79' lang='lat' dir='ltr'><strong>ipsius</strong></span> <span class='ocrx_word' id='word_1_85' title='bbox 675 793 732 822; x_wconf 89' lang='lat' dir='ltr'><strong>per</strong></span> <span class='ocrx_word' id='word_1_86' title='bbox 767 782 950 813; x_wconf 66' lang='lat' dir='ltr'><strong>Samuelem</strong></span> <span class='ocrx_word' id='word_1_87' title='bbox 986 783 1077 814; x_wconf 77' lang='lat' dir='ltr'><strong>factis</strong></span> <span class='ocrx_word' id='word_1_88' title='bbox 1111 782 1235 813; x_wconf 82' lang='lat' dir='ltr'><strong>fideret.</strong></span> <span class='ocrx_word' id='word_1_89' title='bbox 1294 782 1359 812; x_wconf 75' lang='lat' dir='ltr'><strong>ln:</strong></span> 
     </span>
    </p>
   </div>
   <div class='ocr_carea' id='block_1_6' title="bbox 369 824 1332 868">
    <p class='ocr_par' dir='ltr' id='par_1_6' title="bbox 369 824 1332 868">
     <span class='ocr_line' id='line_1_14' title="bbox 369 824 1332 868; baseline -0.003 -10"><span class='ocrx_word' id='word_1_90' title='bbox 369 830 484 868; x_wconf 69' lang='lat' dir='ltr'><strong>quilius</strong></span> <span class='ocrx_word' id='word_1_91' title='bbox 518 827 667 857; x_wconf 87' lang='lat' dir='ltr'><strong>omnibus</strong></span> <span class='ocrx_word' id='word_1_92' title='bbox 702 825 838 865; x_wconf 86' lang='lat' dir='ltr'><strong>insignis</strong></span> <span class='ocrx_word' id='word_1_93' title='bbox 872 825 948 862; x_wconf 82' lang='lat' dir='ltr'><strong>fuit,</strong></span> <span class='ocrx_word' id='word_1_94' title='bbox 988 831 1021 856; x_wconf 84' lang='lat' dir='ltr'><strong>et</strong></span> <span class='ocrx_word' id='word_1_95' title='bbox 1055 835 1154 865; x_wconf 87' lang='lat' dir='ltr'><strong>paene</strong></span> <span class='ocrx_word' id='word_1_96' title='bbox 1188 824 1332 865; x_wconf 81' lang='lat' dir='ltr'><strong>angelica</strong></span> 
     </span>
    </p>
   </div>
   <div class='ocr_carea' id='block_1_7' title="bbox 369 866 1359 908">
    <p class='ocr_par' dir='ltr' id='par_1_7' title="bbox 369 866 1359 908">
     <span class='ocr_line' id='line_1_15' title="bbox 369 866 1359 908; baseline -0.003 -8"><span class='ocrx_word' id='word_1_97' title='bbox 369 870 505 901; x_wconf 71' lang='lat' dir='ltr'><strong>havidis</strong></span> <span class='ocrx_word' id='word_1_98' title='bbox 530 869 696 908; x_wconf 81' lang='lat' dir='ltr'><strong>perfectio:</strong></span> <span class='ocrx_word' id='word_1_99' title='bbox 723 874 946 899; x_wconf 82' lang='lat' dir='ltr'><strong>verumtamen</strong></span> <span class='ocrx_word' id='word_1_100' title='bbox 965 878 1046 907; x_wconf 86' lang='lat' dir='ltr'><strong>quae</strong></span> <span class='ocrx_word' id='word_1_101' title='bbox 1065 878 1192 908; x_wconf 83' lang='lat' dir='ltr'><strong>semper</strong></span> <span class='ocrx_word' id='word_1_102' title='bbox 1211 866 1332 907; x_wconf 87' lang='lat' dir='ltr'><strong>aliquid</strong></span> <span class='ocrx_word' id='word_1_103' title='bbox 1358 884 1359 891; x_wconf 36' lang='grc' dir='ltr'><strong>κ</strong></span> 
     </span>
    </p>
   </div>
   <div class='ocr_carea' id='block_1_8' title="bbox 368 910 1343 2700">
    <p class='ocr_par' dir='ltr' id='par_1_8' title="bbox 368 910 1343 2700">
     <span class='ocr_line' id='line_1_16' title="bbox 371 910 1332 952; baseline -0.004 -8"><span class='ocrx_word' id='word_1_104' title='bbox 371 913 504 944; x_wconf 79' lang='lat' dir='ltr'><strong>humani</strong></span> <span class='ocrx_word' id='word_1_105' title='bbox 536 922 629 952; x_wconf 84' lang='lat' dir='ltr'><strong>passa</strong></span> <span class='ocrx_word' id='word_1_106' title='bbox 662 918 719 942; x_wconf 90' lang='lat' dir='ltr'><strong>est.</strong></span> <span class='ocrx_word' id='word_1_107' title='bbox 768 910 818 941; x_wconf 82' lang='lat' dir='ltr'><strong>Ex</strong></span> <span class='ocrx_word' id='word_1_108' title='bbox 848 910 965 950; x_wconf 90' lang='lat' dir='ltr'><strong>quibus</strong></span> <span class='ocrx_word' id='word_1_109' title='bbox 995 910 1148 942; x_wconf 77' lang='lat' dir='ltr'><strong>discimus</strong></span> <span class='ocrx_word' id='word_1_110' title='bbox 1177 921 1235 941; x_wconf 89' lang='lat' dir='ltr'><strong>nos</strong></span> <span class='ocrx_word' id='word_1_111' title='bbox 1258 910 1332 941; x_wconf 89' lang='lat' dir='ltr'><strong>licet</strong></span> 
     </span>
     <span class='ocr_line' id='line_1_17' title="bbox 371 952 1332 993; baseline -0.004 -6"><span class='ocrx_word' id='word_1_112' title='bbox 371 956 439 987; x_wconf 90' lang='lat' dir='ltr'><strong>Deo</strong></span> <span class='ocrx_word' id='word_1_113' title='bbox 462 957 584 986; x_wconf 84' lang='lat' dir='ltr'><strong>servire</strong></span> <span class='ocrx_word' id='word_1_114' title='bbox 608 961 672 985; x_wconf 84' lang='lat' dir='ltr'><strong>tam</strong></span> <span class='ocrx_word' id='word_1_115' title='bbox 696 953 821 984; x_wconf 85' lang='lat' dir='ltr'><strong>ardenti</strong></span> <span class='ocrx_word' id='word_1_116' title='bbox 845 952 950 984; x_wconf 88' lang='lat' dir='ltr'><strong>studio</strong></span> <span class='ocrx_word' id='word_1_117' title='bbox 973 963 1037 984; x_wconf 94' lang='lat' dir='ltr'><strong>non</strong></span> <span class='ocrx_word' id='word_1_118' title='bbox 1058 954 1216 993; x_wconf 77' lang='lat' dir='ltr'><strong>possimus</strong></span> <span class='ocrx_word' id='word_1_119' title='bbox 1237 962 1332 993; x_wconf 90' lang='lat' dir='ltr'><strong>quam</strong></span> 
     </span>
     <span class='ocr_line' id='line_1_18' title="bbox 368 995 1332 1039; baseline -0.005 -9"><span class='ocrx_word' id='word_1_120' title='bbox 368 1005 539 1039; x_wconf 78' lang='lat' dir='ltr'><strong>oporteret,</strong></span> <span class='ocrx_word' id='word_1_121' title='bbox 563 1008 624 1028; x_wconf 91' lang='lat' dir='ltr'><strong>non</strong></span> <span class='ocrx_word' id='word_1_122' title='bbox 649 996 719 1027; x_wconf 90' lang='lat' dir='ltr'><strong>ideo</strong></span> <span class='ocrx_word' id='word_1_123' title='bbox 743 1003 849 1026; x_wconf 84' lang='lat' dir='ltr'><strong>tamen</strong></span> <span class='ocrx_word' id='word_1_124' title='bbox 874 995 990 1026; x_wconf 89' lang='lat' dir='ltr'><strong>debere</strong></span> <span class='ocrx_word' id='word_1_125' title='bbox 1012 997 1155 1026; x_wconf 89' lang='lat' dir='ltr'><strong>animum</strong></span> <span class='ocrx_word' id='word_1_126' title='bbox 1179 995 1332 1027; x_wconf 88' lang='lat' dir='ltr'><strong>abiicere:</strong></span> 
     </span>
     <span class='ocr_line' id='line_1_19' title="bbox 368 1038 1332 1081; baseline -0.004 -8"><span class='ocrx_word' id='word_1_127' title='bbox 368 1041 424 1073; x_wconf 88' lang='lat' dir='ltr'><strong>sed</strong></span> <span class='ocrx_word' id='word_1_128' title='bbox 459 1041 566 1081; x_wconf 82' lang='lat' dir='ltr'><strong>potius</strong></span> <span class='ocrx_word' id='word_1_129' title='bbox 596 1050 653 1080; x_wconf 92' lang='lat' dir='ltr'><strong>pro</strong></span> <span class='ocrx_word' id='word_1_130' title='bbox 686 1038 808 1069; x_wconf 90' lang='lat' dir='ltr'><strong>viribus</strong></span> <span class='ocrx_word' id='word_1_131' title='bbox 839 1039 926 1075; x_wconf 89' lang='lat' dir='ltr'><strong>eniti,</strong></span> <span class='ocrx_word' id='word_1_132' title='bbox 962 1044 1174 1078; x_wconf 83' lang='lat' dir='ltr'><strong>agnoscentes</strong></span> <span class='ocrx_word' id='word_1_133' title='bbox 1203 1038 1332 1069; x_wconf 88' lang='lat' dir='ltr'><strong>interim</strong></span> 
     </span>
     <span class='ocr_line' id='line_1_20' title="bbox 368 1081 1333 1124; baseline -0.005 -9"><span class='ocrx_word' id='word_1_134' title='bbox 368 1084 490 1124; x_wconf 86' lang='lat' dir='ltr'><strong>optima</strong></span> <span class='ocrx_word' id='word_1_135' title='bbox 513 1093 657 1123; x_wconf 84' lang='lat' dir='ltr'><strong>quaeque</strong></span> <span class='ocrx_word' id='word_1_136' title='bbox 681 1088 789 1112; x_wconf 87' lang='lat' dir='ltr'><strong>nostra</strong></span> <span class='ocrx_word' id='word_1_137' title='bbox 807 1091 904 1120; x_wconf 84' lang='lat' dir='ltr'><strong>opera</strong></span> <span class='ocrx_word' id='word_1_138' title='bbox 923 1091 1031 1111; x_wconf 84' lang='lat' dir='ltr'><strong>eoram</strong></span> <span class='ocrx_word' id='word_1_139' title='bbox 1051 1081 1118 1120; x_wconf 92' lang='lat' dir='ltr'><strong>ipso</strong></span> <span class='ocrx_word' id='word_1_140' title='bbox 1138 1081 1333 1121; x_wconf 81' lang='lat' dir='ltr'><strong>imperfecta,</strong></span> 
     </span>
     <span class='ocr_line' id='line_1_21' title="bbox 369 1123 1335 1163; baseline -0.004 -5"><span class='ocrx_word' id='word_1_141' title='bbox 369 1128 468 1158; x_wconf 89' lang='lat' dir='ltr'><strong>immo</strong></span> <span class='ocrx_word' id='word_1_142' title='bbox 503 1126 619 1157; x_wconf 77' lang='lat' dir='ltr'><strong>vitiosa</strong></span> <span class='ocrx_word' id='word_1_143' title='bbox 653 1126 730 1160; x_wconf 75' lang='lat' dir='ltr'><strong>fore,</strong></span> <span class='ocrx_word' id='word_1_144' title='bbox 763 1124 824 1154; x_wconf 92' lang='lat' dir='ltr'><strong>nisi</strong></span> <span class='ocrx_word' id='word_1_145' title='bbox 861 1123 999 1163; x_wconf 88' lang='lat' dir='ltr'><strong>benigne</strong></span> <span class='ocrx_word' id='word_1_146' title='bbox 1033 1124 1087 1154; x_wconf 86' lang='lat' dir='ltr'><strong>illa</strong></span> <span class='ocrx_word' id='word_1_147' title='bbox 1115 1125 1271 1163; x_wconf 86' lang='lat' dir='ltr'><strong>acciperet</strong></span> <span class='ocrx_word' id='word_1_148' title='bbox 1303 1130 1335 1153; x_wconf 88' lang='lat' dir='ltr'><strong>et</strong></span> 
     </span>
     <span class='ocr_line' id='line_1_22' title="bbox 370 1165 1334 1206; baseline -0.004 -6"><span class='ocrx_word' id='word_1_149' title='bbox 370 1170 533 1201; x_wconf 64' lang='lat' dir='ltr'><strong>toleraret.</strong></span> <span class='ocrx_word' id='word_1_150' title='bbox 563 1168 651 1206; x_wconf 81' lang='lat' dir='ltr'><strong>Quin</strong></span> <span class='ocrx_word' id='word_1_151' title='bbox 677 1175 710 1198; x_wconf 86' lang='lat' dir='ltr'><strong>et</strong></span> <span class='ocrx_word' id='word_1_152' title='bbox 732 1167 801 1206; x_wconf 83' lang='lat' dir='ltr'><strong>ipse</strong></span> <span class='ocrx_word' id='word_1_153' title='bbox 814 1165 938 1197; x_wconf 84' lang='lat' dir='ltr'><strong>Paulus</strong></span> <span class='ocrx_word' id='word_1_154' title='bbox 962 1167 1122 1206; x_wconf 86' lang='lat' dir='ltr'><strong>apostolus</strong></span> <span class='ocrx_word' id='word_1_155' title='bbox 1145 1166 1204 1197; x_wconf 90' lang='lat' dir='ltr'><strong>hoc</strong></span> <span class='ocrx_word' id='word_1_156' title='bbox 1228 1167 1334 1206; x_wconf 86' lang='lat' dir='ltr'><strong>ipsum</strong></span> 
     </span>
     <span class='ocr_line' id='line_1_23' title="bbox 371 1208 1335 1250; baseline -0.005 -6"><span class='ocrx_word' id='word_1_157' title='bbox 371 1223 428 1244; x_wconf 90' lang='lat' dir='ltr'><strong>nos</strong></span> <span class='ocrx_word' id='word_1_158' title='bbox 451 1211 600 1250; x_wconf 83' lang='lat' dir='ltr'><strong>exemplo</strong></span> <span class='ocrx_word' id='word_1_159' title='bbox 621 1221 678 1241; x_wconf 91' lang='lat' dir='ltr'><strong>suo</strong></span> <span class='ocrx_word' id='word_1_160' title='bbox 702 1209 801 1245; x_wconf 88' lang='lat' dir='ltr'><strong>docet,</strong></span> <span class='ocrx_word' id='word_1_161' title='bbox 826 1219 901 1239; x_wconf 92' lang='lat' dir='ltr'><strong>nam</strong></span> <span class='ocrx_word' id='word_1_162' title='bbox 926 1208 964 1239; x_wconf 89' lang='lat' dir='ltr'><strong>de</strong></span> <span class='ocrx_word' id='word_1_163' title='bbox 987 1219 1022 1239; x_wconf 91' lang='lat' dir='ltr'><strong>so</strong></span> <span class='ocrx_word' id='word_1_164' title='bbox 1045 1210 1112 1249; x_wconf 88' lang='lat' dir='ltr'><strong>ipso</strong></span> <span class='ocrx_word' id='word_1_165' title='bbox 1137 1209 1279 1249; x_wconf 88' lang='lat' dir='ltr'><strong>loquens,</strong></span> <span class='ocrx_word' id='word_1_166' title='bbox 1303 1214 1335 1239; x_wconf 90' lang='lat' dir='ltr'><strong>et</strong></span> 
     </span>
     <span class='ocr_line' id='line_1_24' title="bbox 370 1251 1334 1295; baseline -0.004 -9"><span class='ocrx_word' id='word_1_167' title='bbox 370 1255 497 1295; x_wconf 89' lang='lat' dir='ltr'><strong>quidem</strong></span> <span class='ocrx_word' id='word_1_168' title='bbox 521 1264 558 1285; x_wconf 90' lang='lat' dir='ltr'><strong>eo</strong></span> <span class='ocrx_word' id='word_1_169' title='bbox 582 1262 725 1292; x_wconf 84' lang='lat' dir='ltr'><strong>tempore</strong></span> <span class='ocrx_word' id='word_1_170' title='bbox 747 1262 810 1291; x_wconf 92' lang='lat' dir='ltr'><strong>quo</strong></span> <span class='ocrx_word' id='word_1_171' title='bbox 834 1252 1008 1291; x_wconf 88' lang='lat' dir='ltr'><strong>plurimum</strong></span> <span class='ocrx_word' id='word_1_172' title='bbox 1028 1252 1059 1282; x_wconf 91' lang='lat' dir='ltr'><strong>in</strong></span> <span class='ocrx_word' id='word_1_173' title='bbox 1080 1252 1239 1292; x_wconf 82' lang='lat' dir='ltr'><strong>evangelii</strong></span> <span class='ocrx_word' id='word_1_174' title='bbox 1262 1251 1334 1282; x_wconf 82' lang='lat' dir='ltr'><strong>‹ioe-</strong></span> 
     </span>
     <span class='ocr_line' id='line_1_25' title="bbox 372 1294 1334 1337; baseline -0.005 -9"><span class='ocrx_word' id='word_1_175' title='bbox 372 1298 457 1328; x_wconf 89' lang='lat' dir='ltr'><strong>trina</strong></span> <span class='ocrx_word' id='word_1_176' title='bbox 481 1297 667 1337; x_wconf 79' lang='lat' dir='ltr'><strong>profecerat,</strong></span> <span class='ocrx_word' id='word_1_177' title='bbox 702 1302 733 1325; x_wconf 90' lang='lat' dir='ltr'><strong>et</strong></span> <span class='ocrx_word' id='word_1_178' title='bbox 756 1301 822 1325; x_wconf 83' lang='lat' dir='ltr'><strong>tam</strong></span> <span class='ocrx_word' id='word_1_179' title='bbox 846 1294 948 1325; x_wconf 86' lang='lat' dir='ltr'><strong>multa</strong></span> <span class='ocrx_word' id='word_1_180' title='bbox 971 1294 1160 1325; x_wconf 79' lang='lat' dir='ltr'><strong>admiranda</strong></span> <span class='ocrx_word' id='word_1_181' title='bbox 1183 1301 1334 1334; x_wconf 76' lang='lat' dir='ltr'><strong>gesserat,</strong></span> 
     </span>
     <span class='ocr_line' id='line_1_26' title="bbox 372 1336 1334 1379; baseline -0.005 -8"><span class='ocrx_word' id='word_1_182' title='bbox 372 1348 404 1371; x_wconf 88' lang='lat' dir='ltr'><strong>et</strong></span> <span class='ocrx_word' id='word_1_183' title='bbox 417 1339 578 1379; x_wconf 87' lang='lat' dir='ltr'><strong>evangelii</strong></span> <span class='ocrx_word' id='word_1_184' title='bbox 597 1337 775 1370; x_wconf 84' lang='lat' dir='ltr'><strong>doctrinam</strong></span> <span class='ocrx_word' id='word_1_185' title='bbox 796 1343 860 1368; x_wconf 84' lang='lat' dir='ltr'><strong>tam</strong></span> <span class='ocrx_word' id='word_1_186' title='bbox 882 1336 976 1377; x_wconf 88' lang='lat' dir='ltr'><strong>longe</strong></span> <span class='ocrx_word' id='word_1_187' title='bbox 994 1337 1119 1377; x_wconf 81' lang='lat' dir='ltr'><strong>lateque</strong></span> <span class='ocrx_word' id='word_1_188' title='bbox 1133 1343 1334 1377; x_wconf 61' lang='lat' dir='ltr'><strong>propagauit,</strong></span> 
     </span>
     <span class='ocr_line' id='line_1_27' title="bbox 373 1379 1335 1419; baseline -0.005 -5"><span class='ocrx_word' id='word_1_189' title='bbox 373 1392 481 1414; x_wconf 85' lang='lat' dir='ltr'><strong>tamen</strong></span> <span class='ocrx_word' id='word_1_190' title='bbox 504 1382 623 1412; x_wconf 85' lang='lat' dir='ltr'><strong>fatetur</strong></span> <span class='ocrx_word' id='word_1_191' title='bbox 641 1391 676 1411; x_wconf 89' lang='lat' dir='ltr'><strong>se</strong></span> <span class='ocrx_word' id='word_1_192' title='bbox 700 1391 762 1410; x_wconf 76' lang='lat' dir='ltr'><strong>nou</strong></span> <span class='ocrx_word' id='word_1_193' title='bbox 784 1380 887 1411; x_wconf 88' lang='lat' dir='ltr'><strong>facere</strong></span> <span class='ocrx_word' id='word_1_194' title='bbox 907 1379 1026 1410; x_wconf 90' lang='lat' dir='ltr'><strong>bonum</strong></span> <span class='ocrx_word' id='word_1_195' title='bbox 1047 1380 1131 1419; x_wconf 90' lang='lat' dir='ltr'><strong>quod</strong></span> <span class='ocrx_word' id='word_1_196' title='bbox 1153 1380 1255 1415; x_wconf 75' lang='lat' dir='ltr'><strong>vellet,</strong></span> <span class='ocrx_word' id='word_1_197' title='bbox 1280 1379 1335 1410; x_wconf 88' lang='lat' dir='ltr'><strong>sed</strong></span> 
     </span>
     <span class='ocr_line' id='line_1_28' title="bbox 373 1421 1336 1463; baseline -0.004 -7"><span class='ocrx_word' id='word_1_198' title='bbox 373 1426 478 1456; x_wconf 78' lang='lat' dir='ltr'><strong>facere</strong></span> <span class='ocrx_word' id='word_1_199' title='bbox 502 1424 623 1454; x_wconf 91' lang='lat' dir='ltr'><strong>malum</strong></span> <span class='ocrx_word' id='word_1_200' title='bbox 642 1422 727 1463; x_wconf 90' lang='lat' dir='ltr'><strong>quod</strong></span> <span class='ocrx_word' id='word_1_201' title='bbox 748 1423 855 1459; x_wconf 90' lang='lat' dir='ltr'><strong>nollet,</strong></span> <span class='ocrx_word' id='word_1_202' title='bbox 878 1429 910 1453; x_wconf 87' lang='lat' dir='ltr'><strong>ct</strong></span> <span class='ocrx_word' id='word_1_203' title='bbox 928 1421 1012 1462; x_wconf 91' lang='lat' dir='ltr'><strong>quod</strong></span> <span class='ocrx_word' id='word_1_204' title='bbox 1031 1422 1103 1453; x_wconf 92' lang='lat' dir='ltr'><strong>odio</strong></span> <span class='ocrx_word' id='word_1_205' title='bbox 1123 1422 1336 1463; x_wconf 84' lang='lat' dir='ltr'><strong>prosequitur,</strong></span> 
     </span>
     <span class='ocr_line' id='line_1_29' title="bbox 373 1464 1335 1508; baseline -0.004 -9"><span class='ocrx_word' id='word_1_206' title='bbox 373 1478 469 1508; x_wconf 81' lang='lat' dir='ltr'><strong>seque</strong></span> <span class='ocrx_word' id='word_1_207' title='bbox 499 1466 617 1498; x_wconf 87' lang='lat' dir='ltr'><strong>idcirco</strong></span> <span class='ocrx_word' id='word_1_208' title='bbox 649 1466 800 1496; x_wconf 81' lang='lat' dir='ltr'><strong>miserum</strong></span> <span class='ocrx_word' id='word_1_209' title='bbox 832 1464 995 1495; x_wconf 79' lang='lat' dir='ltr'><strong>hominem</strong></span> <span class='ocrx_word' id='word_1_210' title='bbox 1028 1465 1111 1503; x_wconf 79' lang='lat' dir='ltr'><strong>dicit,</strong></span> <span class='ocrx_word' id='word_1_211' title='bbox 1152 1465 1235 1505; x_wconf 88' lang='lat' dir='ltr'><strong>quod</strong></span> <span class='ocrx_word' id='word_1_212' title='bbox 1266 1464 1335 1495; x_wconf 88' lang='lat' dir='ltr'><strong>Deo</strong></span> 
     </span>
     <span class='ocr_line' id='line_1_30' title="bbox 373 1508 1337 1547; baseline -0.005 -5"><span class='ocrx_word' id='word_1_213' title='bbox 373 1512 496 1542; x_wconf 87' lang='lat' dir='ltr'><strong>servire</strong></span> <span class='ocrx_word' id='word_1_214' title='bbox 531 1517 594 1540; x_wconf 85' lang='lat' dir='ltr'><strong>tam</strong></span> <span class='ocrx_word' id='word_1_215' title='bbox 629 1509 753 1540; x_wconf 87' lang='lat' dir='ltr'><strong>sincere</strong></span> <span class='ocrx_word' id='word_1_216' title='bbox 787 1518 850 1538; x_wconf 83' lang='lat' dir='ltr'><strong>non</strong></span> <span class='ocrx_word' id='word_1_217' title='bbox 887 1508 987 1547; x_wconf 72' lang='lat' dir='ltr'><strong>possit</strong></span> <span class='ocrx_word' id='word_1_218' title='bbox 1021 1518 1117 1547; x_wconf 85' lang='lat' dir='ltr'><strong>quam</strong></span> <span class='ocrx_word' id='word_1_219' title='bbox 1155 1508 1265 1539; x_wconf 88' lang='lat' dir='ltr'><strong>debeat</strong></span> <span class='ocrx_word' id='word_1_220' title='bbox 1304 1513 1337 1538; x_wconf 93' lang='lat' dir='ltr'><strong>et</strong></span> 
     </span>
     <span class='ocr_line' id='line_1_31' title="bbox 374 1550 1336 1593; baseline -0.006 -8"><span class='ocrx_word' id='word_1_221' title='bbox 374 1560 512 1593; x_wconf 83' lang='lat' dir='ltr'><strong>exoptet.</strong></span> <span class='ocrx_word' id='word_1_222' title='bbox 570 1550 665 1590; x_wconf 77' lang='lat' dir='ltr'><strong>Quod</strong></span> <span class='ocrx_word' id='word_1_223' title='bbox 703 1551 728 1581; x_wconf 92' lang='lat' dir='ltr'><strong>si</strong></span> <span class='ocrx_word' id='word_1_224' title='bbox 764 1550 866 1581; x_wconf 88' lang='lat' dir='ltr'><strong>Paulo</strong></span> <span class='ocrx_word' id='word_1_225' title='bbox 901 1550 1034 1590; x_wconf 86' lang='lat' dir='ltr'><strong>contigit</strong></span> <span class='ocrx_word' id='word_1_226' title='bbox 1068 1557 1133 1581; x_wconf 88' lang='lat' dir='ltr'><strong>tam</strong></span> <span class='ocrx_word' id='word_1_227' title='bbox 1167 1550 1336 1582; x_wconf 81' lang='lat' dir='ltr'><strong>excellenti</strong></span> 
     </span>
     <span class='ocr_line' id='line_1_32' title="bbox 377 1592 1176 1634; baseline -0.005 -7"><span class='ocrx_word' id='word_1_228' title='bbox 377 1596 437 1627; x_wconf 89' lang='lat' dir='ltr'><strong>Dei</strong></span> <span class='ocrx_word' id='word_1_229' title='bbox 461 1605 564 1630; x_wconf 88' lang='lat' dir='ltr'><strong>servo,</strong></span> <span class='ocrx_word' id='word_1_230' title='bbox 595 1593 671 1634; x_wconf 91' lang='lat' dir='ltr'><strong>quid</strong></span> <span class='ocrx_word' id='word_1_231' title='bbox 704 1593 794 1624; x_wconf 75' lang='lat' dir='ltr'><strong>nobis</strong></span> <span class='ocrx_word' id='word_1_232' title='bbox 825 1594 968 1624; x_wconf 83' lang='lat' dir='ltr'><strong>futurum</strong></span> <span class='ocrx_word' id='word_1_233' title='bbox 1000 1592 1176 1632; x_wconf 83' lang='lat' dir='ltr'><strong>putamus?</strong></span> 
     </span>
     <span class='ocr_line' id='line_1_33' title="bbox 375 1635 1336 1676; baseline -0.002 -8"><span class='ocrx_word' id='word_1_234' title='bbox 375 1637 551 1670; x_wconf 86' lang='lat' dir='ltr'><strong>tenendum</strong></span> <span class='ocrx_word' id='word_1_235' title='bbox 575 1644 634 1675; x_wconf 87' lang='lat' dir='ltr'><strong>est,</strong></span> <span class='ocrx_word' id='word_1_236' title='bbox 665 1636 827 1667; x_wconf 89' lang='lat' dir='ltr'><strong>neminem</strong></span> <span class='ocrx_word' id='word_1_237' title='bbox 851 1646 944 1676; x_wconf 83' lang='lat' dir='ltr'><strong>posse</strong></span> <span class='ocrx_word' id='word_1_238' title='bbox 969 1646 1109 1675; x_wconf 83' lang='lat' dir='ltr'><strong>unquam</strong></span> <span class='ocrx_word' id='word_1_239' title='bbox 1133 1642 1274 1666; x_wconf 85' lang='lat' dir='ltr'><strong>mentem</strong></span> <span class='ocrx_word' id='word_1_240' title='bbox 1298 1635 1336 1665; x_wconf 89' lang='lat' dir='ltr'><strong>ad</strong></span> 
     </span>
     <span class='ocr_line' id='line_1_34' title="bbox 377 1678 1338 1719; baseline -0.004 -7"><span class='ocrx_word' id='word_1_241' title='bbox 377 1682 496 1713; x_wconf 86' lang='lat' dir='ltr'><strong>bonum</strong></span> <span class='ocrx_word' id='word_1_242' title='bbox 509 1679 634 1719; x_wconf 83' lang='lat' dir='ltr'><strong>aliquod</strong></span> <span class='ocrx_word' id='word_1_243' title='bbox 647 1689 728 1718; x_wconf 88' lang='lat' dir='ltr'><strong>opus</strong></span> <span class='ocrx_word' id='word_1_244' title='bbox 747 1678 893 1715; x_wconf 87' lang='lat' dir='ltr'><strong>adiicere,</strong></span> <span class='ocrx_word' id='word_1_245' title='bbox 917 1679 992 1718; x_wconf 92' lang='lat' dir='ltr'><strong>quin</strong></span> <span class='ocrx_word' id='word_1_246' title='bbox 1014 1678 1124 1709; x_wconf 89' lang='lat' dir='ltr'><strong>multis</strong></span> <span class='ocrx_word' id='word_1_247' title='bbox 1145 1678 1338 1718; x_wconf 81' lang='lat' dir='ltr'><strong>impediatur</strong></span> 
     </span>
     <span class='ocr_line' id='line_1_35' title="bbox 375 1720 1338 1762; baseline -0.004 -7"><span class='ocrx_word' id='word_1_248' title='bbox 375 1723 489 1756; x_wconf 84' lang='lat' dir='ltr'><strong>studiis</strong></span> <span class='ocrx_word' id='word_1_249' title='bbox 512 1721 782 1762; x_wconf 79' lang='lat' dir='ltr'><strong>repugnantibus:</strong></span> <span class='ocrx_word' id='word_1_250' title='bbox 805 1720 860 1752; x_wconf 87' lang='lat' dir='ltr'><strong>sed</strong></span> <span class='ocrx_word' id='word_1_251' title='bbox 885 1732 946 1751; x_wconf 92' lang='lat' dir='ltr'><strong>non</strong></span> <span class='ocrx_word' id='word_1_252' title='bbox 971 1721 1042 1752; x_wconf 89' lang='lat' dir='ltr'><strong>ideo</strong></span> <span class='ocrx_word' id='word_1_253' title='bbox 1067 1728 1173 1751; x_wconf 88' lang='lat' dir='ltr'><strong>tamen</strong></span> <span class='ocrx_word' id='word_1_254' title='bbox 1194 1721 1338 1751; x_wconf 85' lang='lat' dir='ltr'><strong>animum</strong></span> 
     </span>
     <span class='ocr_line' id='line_1_36' title="bbox 377 1763 1338 1806; baseline -0.005 -8"><span class='ocrx_word' id='word_1_255' title='bbox 377 1764 650 1806; x_wconf 81' lang='lat' dir='ltr'><strong>despondendum.</strong></span> <span class='ocrx_word' id='word_1_256' title='bbox 696 1764 869 1795; x_wconf 84' lang='lat' dir='ltr'><strong>Caeterum</strong></span> <span class='ocrx_word' id='word_1_257' title='bbox 903 1774 1002 1803; x_wconf 88' lang='lat' dir='ltr'><strong>quum</strong></span> <span class='ocrx_word' id='word_1_258' title='bbox 1034 1764 1129 1803; x_wconf 84' lang='lat' dir='ltr'><strong>probe</strong></span> <span class='ocrx_word' id='word_1_259' title='bbox 1154 1763 1243 1795; x_wconf 76' lang='lat' dir='ltr'><strong>nobis</strong></span> <span class='ocrx_word' id='word_1_260' title='bbox 1266 1774 1338 1803; x_wconf 83' lang='lat' dir='ltr'><strong>cog-</strong></span> 
     </span>
     <span class='ocr_line' id='line_1_37' title="bbox 377 1807 1339 1843; baseline -0.004 -3"><span class='ocrx_word' id='word_1_261' title='bbox 377 1811 463 1840; x_wconf 86' lang='lat' dir='ltr'><strong>nitae</strong></span> <span class='ocrx_word' id='word_1_262' title='bbox 498 1807 618 1838; x_wconf 89' lang='lat' dir='ltr'><strong>fuerint</strong></span> <span class='ocrx_word' id='word_1_263' title='bbox 649 1812 778 1837; x_wconf 85' lang='lat' dir='ltr'><strong>nostrae</strong></span> <span class='ocrx_word' id='word_1_264' title='bbox 809 1807 1022 1843; x_wconf 83' lang='lat' dir='ltr'><strong>infirmitates,</strong></span> <span class='ocrx_word' id='word_1_265' title='bbox 1056 1816 1092 1837; x_wconf 88' lang='lat' dir='ltr'><strong>eo</strong></span> <span class='ocrx_word' id='word_1_266' title='bbox 1123 1807 1251 1837; x_wconf 88' lang='lat' dir='ltr'><strong>nomine</strong></span> <span class='ocrx_word' id='word_1_267' title='bbox 1283 1816 1339 1836; x_wconf 90' lang='lat' dir='ltr'><strong>nos</strong></span> 
     </span>
     <span class='ocr_line' id='line_1_38' title="bbox 377 1849 1338 1890; baseline -0.005 -6"><span class='ocrx_word' id='word_1_268' title='bbox 377 1853 446 1883; x_wconf 81' lang='lat' dir='ltr'><strong>Deo</strong></span> <span class='ocrx_word' id='word_1_269' title='bbox 476 1850 580 1890; x_wconf 85' lang='lat' dir='ltr'><strong>magis</strong></span> <span class='ocrx_word' id='word_1_270' title='bbox 607 1849 774 1880; x_wconf 85' lang='lat' dir='ltr'><strong>devinctos</strong></span> <span class='ocrx_word' id='word_1_271' title='bbox 805 1859 1025 1889; x_wconf 82' lang='lat' dir='ltr'><strong>agnoscamus,</strong></span> <span class='ocrx_word' id='word_1_272' title='bbox 1062 1859 1200 1888; x_wconf 86' lang='lat' dir='ltr'><strong>eumque</strong></span> <span class='ocrx_word' id='word_1_273' title='bbox 1233 1859 1338 1887; x_wconf 88' lang='lat' dir='ltr'><strong>prece-</strong></span> 
     </span>
     <span class='ocr_line' id='line_1_39' title="bbox 378 1891 1337 1932; baseline -0.005 -6"><span class='ocrx_word' id='word_1_274' title='bbox 378 1906 449 1926; x_wconf 85' lang='lat' dir='ltr'><strong>mur</strong></span> <span class='ocrx_word' id='word_1_275' title='bbox 479 1900 515 1924; x_wconf 88' lang='lat' dir='ltr'><strong>ut</strong></span> <span class='ocrx_word' id='word_1_276' title='bbox 547 1893 684 1932; x_wconf 86' lang='lat' dir='ltr'><strong>benigne</strong></span> <span class='ocrx_word' id='word_1_277' title='bbox 715 1891 880 1923; x_wconf 88' lang='lat' dir='ltr'><strong>nobiscum</strong></span> <span class='ocrx_word' id='word_1_278' title='bbox 905 1898 988 1932; x_wconf 83' lang='lat' dir='ltr'><strong>agat,</strong></span> <span class='ocrx_word' id='word_1_279' title='bbox 1019 1897 1050 1922; x_wconf 86' lang='lat' dir='ltr'><strong>et</strong></span> <span class='ocrx_word' id='word_1_280' title='bbox 1074 1899 1199 1923; x_wconf 87' lang='lat' dir='ltr'><strong>nostras</strong></span> <span class='ocrx_word' id='word_1_281' title='bbox 1223 1892 1337 1931; x_wconf 86' lang='lat' dir='ltr'><strong>imper·</strong></span> 
     </span>
     <span class='ocr_line' id='line_1_40' title="bbox 377 1933 1338 1974; baseline -0.005 -5"><span class='ocrx_word' id='word_1_282' title='bbox 377 1937 531 1969; x_wconf 81' lang='lat' dir='ltr'><strong>fectiones</strong></span> <span class='ocrx_word' id='word_1_283' title='bbox 570 1940 601 1966; x_wconf 88' lang='lat' dir='ltr'><strong>et</strong></span> <span class='ocrx_word' id='word_1_284' title='bbox 643 1934 786 1965; x_wconf 84' lang='lat' dir='ltr'><strong>defectus</strong></span> <span class='ocrx_word' id='word_1_285' title='bbox 826 1945 889 1965; x_wconf 92' lang='lat' dir='ltr'><strong>non</strong></span> <span class='ocrx_word' id='word_1_286' title='bbox 930 1935 1041 1974; x_wconf 82' lang='lat' dir='ltr'><strong>exigat</strong></span> <span class='ocrx_word' id='word_1_287' title='bbox 1075 1934 1114 1965; x_wconf 83' lang='lat' dir='ltr'><strong>ad</strong></span> <span class='ocrx_word' id='word_1_288' title='bbox 1149 1944 1224 1965; x_wconf 87' lang='lat' dir='ltr'><strong>suae</strong></span> <span class='ocrx_word' id='word_1_289' title='bbox 1258 1933 1338 1973; x_wconf 90' lang='lat' dir='ltr'><strong>legis</strong></span> 
     </span>
     <span class='ocr_line' id='line_1_41' title="bbox 377 1976 1339 2016; baseline -0.005 -5"><span class='ocrx_word' id='word_1_290' title='bbox 377 1979 542 2016; x_wconf 78' lang='lat' dir='ltr'><strong>amussim,</strong></span> <span class='ocrx_word' id='word_1_291' title='bbox 564 1983 597 2009; x_wconf 89' lang='lat' dir='ltr'><strong>et</strong></span> <span class='ocrx_word' id='word_1_292' title='bbox 619 1988 660 2008; x_wconf 89' lang='lat' dir='ltr'><strong>ne</strong></span> <span class='ocrx_word' id='word_1_293' title='bbox 683 1978 780 2007; x_wconf 86' lang='lat' dir='ltr'><strong>intret</strong></span> <span class='ocrx_word' id='word_1_294' title='bbox 801 1977 966 2008; x_wconf 89' lang='lat' dir='ltr'><strong>nobiscum</strong></span> <span class='ocrx_word' id='word_1_295' title='bbox 986 1978 1019 2007; x_wconf 93' lang='lat' dir='ltr'><strong>in</strong></span> <span class='ocrx_word' id='word_1_296' title='bbox 1042 1976 1195 2008; x_wconf 90' lang='lat' dir='ltr'><strong>iudicium</strong></span> <span class='ocrx_word' id='word_1_297' title='bbox 1215 1982 1250 2007; x_wconf 83' lang='lat' dir='ltr'><strong>ut</strong></span> <span class='ocrx_word' id='word_1_298' title='bbox 1270 1987 1339 2016; x_wconf 90' lang='lat' dir='ltr'><strong>pro-</strong></span> 
     </span>
     <span class='ocr_line' id='line_1_42' title="bbox 379 2019 1339 2063; baseline -0.003 -11"><span class='ocrx_word' id='word_1_299' title='bbox 379 2024 476 2063; x_wconf 85' lang='lat' dir='ltr'><strong>pheta</strong></span> <span class='ocrx_word' id='word_1_300' title='bbox 499 2020 651 2060; x_wconf 84' lang='lat' dir='ltr'><strong>loquitur,</strong></span> <span class='ocrx_word' id='word_1_301' title='bbox 675 2019 730 2051; x_wconf 88' lang='lat' dir='ltr'><strong>sed</strong></span> <span class='ocrx_word' id='word_1_302' title='bbox 750 2019 892 2051; x_wconf 84' lang='lat' dir='ltr'><strong>defectus</strong></span> <span class='ocrx_word' id='word_1_303' title='bbox 912 2025 1038 2051; x_wconf 90' lang='lat' dir='ltr'><strong>nostros</strong></span> <span class='ocrx_word' id='word_1_304' title='bbox 1058 2024 1154 2059; x_wconf 85' lang='lat' dir='ltr'><strong>tegat,</strong></span> <span class='ocrx_word' id='word_1_305' title='bbox 1179 2026 1211 2050; x_wconf 88' lang='lat' dir='ltr'><strong>et</strong></span> <span class='ocrx_word' id='word_1_306' title='bbox 1230 2019 1339 2049; x_wconf 76' lang='lat' dir='ltr'><strong>foedus</strong></span> 
     </span>
     <span class='ocr_line' id='line_1_43' title="bbox 377 2061 1340 2106; baseline -0.003 -11"><span class='ocrx_word' id='word_1_307' title='bbox 377 2065 461 2106; x_wconf 82' lang='lat' dir='ltr'><strong>quod</strong></span> <span class='ocrx_word' id='word_1_308' title='bbox 486 2063 651 2095; x_wconf 88' lang='lat' dir='ltr'><strong>nobiscum</strong></span> <span class='ocrx_word' id='word_1_309' title='bbox 675 2063 749 2093; x_wconf 86' lang='lat' dir='ltr'><strong>iniit</strong></span> <span class='ocrx_word' id='word_1_310' title='bbox 771 2062 802 2093; x_wconf 92' lang='lat' dir='ltr'><strong>in</strong></span> <span class='ocrx_word' id='word_1_311' title='bbox 826 2062 967 2093; x_wconf 87' lang='lat' dir='ltr'><strong>Domino</strong></span> <span class='ocrx_word' id='word_1_312' title='bbox 988 2068 1096 2093; x_wconf 91' lang='lat' dir='ltr'><strong>nostro</strong></span> <span class='ocrx_word' id='word_1_313' title='bbox 1116 2062 1189 2093; x_wconf 91' lang='lat' dir='ltr'><strong>Iesu</strong></span> <span class='ocrx_word' id='word_1_314' title='bbox 1210 2061 1340 2093; x_wconf 88' lang='lat' dir='ltr'><strong>Christo</strong></span> 
     </span>
     <span class='ocr_line' id='line_1_44' title="bbox 378 2104 1339 2148; baseline -0.005 -9"><span class='ocrx_word' id='word_1_315' title='bbox 378 2114 505 2148; x_wconf 78' lang='lat' dir='ltr'><strong>gratum</strong></span> <span class='ocrx_word' id='word_1_316' title='bbox 539 2112 572 2137; x_wconf 91' lang='lat' dir='ltr'><strong>et</strong></span> <span class='ocrx_word' id='word_1_317' title='bbox 602 2112 768 2144; x_wconf 82' lang='lat' dir='ltr'><strong>acceptum</strong></span> <span class='ocrx_word' id='word_1_318' title='bbox 801 2104 924 2136; x_wconf 85' lang='lat' dir='ltr'><strong>habeat.</strong></span> <span class='ocrx_word' id='word_1_319' title='bbox 969 2105 1017 2136; x_wconf 89' lang='lat' dir='ltr'><strong>Ac</strong></span> <span class='ocrx_word' id='word_1_320' title='bbox 1041 2105 1114 2136; x_wconf 89' lang='lat' dir='ltr'><strong>licet</strong></span> <span class='ocrx_word' id='word_1_321' title='bbox 1137 2105 1169 2135; x_wconf 91' lang='lat' dir='ltr'><strong>in</strong></span> <span class='ocrx_word' id='word_1_322' title='bbox 1194 2105 1245 2135; x_wconf 87' lang='lat' dir='ltr'><strong>via</strong></span> <span class='ocrx_word' id='word_1_323' title='bbox 1267 2115 1339 2135; x_wconf 88' lang='lat' dir='ltr'><strong>cur-</strong></span> 
     </span>
     <span class='ocr_line' id='line_1_45' title="bbox 380 2148 1340 2188; baseline -0.006 -5"><span class='ocrx_word' id='word_1_324' title='bbox 380 2158 485 2182; x_wconf 90' lang='lat' dir='ltr'><strong>rentes</strong></span> <span class='ocrx_word' id='word_1_325' title='bbox 507 2148 664 2186; x_wconf 80' lang='lat' dir='ltr'><strong>labamur,</strong></span> <span class='ocrx_word' id='word_1_326' title='bbox 688 2158 745 2188; x_wconf 83' lang='lat' dir='ltr'><strong>pro</strong></span> <span class='ocrx_word' id='word_1_327' title='bbox 767 2148 908 2179; x_wconf 90' lang='lat' dir='ltr'><strong>bonitate</strong></span> <span class='ocrx_word' id='word_1_328' title='bbox 926 2158 985 2179; x_wconf 90' lang='lat' dir='ltr'><strong>sua</strong></span> <span class='ocrx_word' id='word_1_329' title='bbox 1004 2148 1170 2185; x_wconf 84' lang='lat' dir='ltr'><strong>sustineat,</strong></span> <span class='ocrx_word' id='word_1_330' title='bbox 1194 2157 1340 2178; x_wconf 90' lang='lat' dir='ltr'><strong>cursum-</strong></span> 
     </span>
     <span class='ocr_line' id='line_1_46' title="bbox 379 2189 1340 2234; baseline -0.005 -9"><span class='ocrx_word' id='word_1_331' title='bbox 379 2205 440 2234; x_wconf 89' lang='lat' dir='ltr'><strong>que</strong></span> <span class='ocrx_word' id='word_1_332' title='bbox 470 2198 616 2224; x_wconf 80' lang='lat' dir='ltr'><strong>nostrum</strong></span> <span class='ocrx_word' id='word_1_333' title='bbox 640 2199 771 2231; x_wconf 84' lang='lat' dir='ltr'><strong>gratum</strong></span> <span class='ocrx_word' id='word_1_334' title='bbox 795 2191 922 2229; x_wconf 88' lang='lat' dir='ltr'><strong>habeat,</strong></span> <span class='ocrx_word' id='word_1_335' title='bbox 952 2196 984 2221; x_wconf 85' lang='lat' dir='ltr'><strong>et</strong></span> <span class='ocrx_word' id='word_1_336' title='bbox 1005 2189 1043 2221; x_wconf 91' lang='lat' dir='ltr'><strong>ad</strong></span> <span class='ocrx_word' id='word_1_337' title='bbox 1069 2190 1215 2221; x_wconf 86' lang='lat' dir='ltr'><strong>ultimam</strong></span> <span class='ocrx_word' id='word_1_338' title='bbox 1240 2200 1340 2229; x_wconf 91' lang='lat' dir='ltr'><strong>usque</strong></span> 
     </span>
     <span class='ocr_line' id='line_1_47' title="bbox 381 2232 1340 2274; baseline -0.006 -6"><span class='ocrx_word' id='word_1_339' title='bbox 381 2242 498 2268; x_wconf 84' lang='lat' dir='ltr'><strong>metam</strong></span> <span class='ocrx_word' id='word_1_340' title='bbox 532 2234 659 2274; x_wconf 84' lang='lat' dir='ltr'><strong>dirigat.</strong></span> <span class='ocrx_word' id='word_1_341' title='bbox 707 2233 832 2264; x_wconf 87' lang='lat' dir='ltr'><strong>Deinde</strong></span> <span class='ocrx_word' id='word_1_342' title='bbox 862 2244 918 2273; x_wconf 88' lang='lat' dir='ltr'><strong>pro</strong></span> <span class='ocrx_word' id='word_1_343' title='bbox 943 2233 1027 2264; x_wconf 85' lang='lat' dir='ltr'><strong>virili</strong></span> <span class='ocrx_word' id='word_1_344' title='bbox 1052 2238 1161 2263; x_wconf 87' lang='lat' dir='ltr'><strong>nostra</strong></span> <span class='ocrx_word' id='word_1_345' title='bbox 1184 2232 1252 2263; x_wconf 87' lang='lat' dir='ltr'><strong>vias</strong></span> <span class='ocrx_word' id='word_1_346' title='bbox 1273 2242 1340 2263; x_wconf 93' lang='lat' dir='ltr'><strong>om-</strong></span> 
     </span>
     <span class='ocr_line' id='line_1_48' title="bbox 381 2274 1341 2317; baseline -0.006 -7"><span class='ocrx_word' id='word_1_347' title='bbox 381 2291 437 2311; x_wconf 89' lang='lat' dir='ltr'><strong>nes</strong></span> <span class='ocrx_word' id='word_1_348' title='bbox 459 2278 604 2317; x_wconf 86' lang='lat' dir='ltr'><strong>obliquas</strong></span> <span class='ocrx_word' id='word_1_349' title='bbox 628 2282 659 2307; x_wconf 88' lang='lat' dir='ltr'><strong>et</strong></span> <span class='ocrx_word' id='word_1_350' title='bbox 683 2276 830 2307; x_wconf 85' lang='lat' dir='ltr'><strong>sinuosas</strong></span> <span class='ocrx_word' id='word_1_351' title='bbox 854 2276 1032 2316; x_wconf 83' lang='lat' dir='ltr'><strong>fugiamus:</strong></span> <span class='ocrx_word' id='word_1_352' title='bbox 1057 2285 1131 2306; x_wconf 91' lang='lat' dir='ltr'><strong>nam</strong></span> <span class='ocrx_word' id='word_1_353' title='bbox 1151 2275 1177 2305; x_wconf 88' lang='lat' dir='ltr'><strong>si</strong></span> <span class='ocrx_word' id='word_1_354' title='bbox 1200 2274 1249 2305; x_wconf 92' lang='lat' dir='ltr'><strong>vel</strong></span> <span class='ocrx_word' id='word_1_355' title='bbox 1269 2280 1341 2305; x_wconf 88' lang='lat' dir='ltr'><strong>tan-</strong></span> 
     </span>
     <span class='ocr_line' id='line_1_49' title="bbox 381 2317 1339 2355; baseline -0.006 -2"><span class='ocrx_word' id='word_1_356' title='bbox 381 2322 484 2353; x_wconf 91' lang='lat' dir='ltr'><strong>tillum</strong></span> <span class='ocrx_word' id='word_1_357' title='bbox 509 2332 527 2351; x_wconf 88' lang='lat' dir='ltr'><strong>a</strong></span> <span class='ocrx_word' id='word_1_358' title='bbox 551 2326 636 2350; x_wconf 88' lang='lat' dir='ltr'><strong>reeta</strong></span> <span class='ocrx_word' id='word_1_359' title='bbox 659 2319 775 2350; x_wconf 86' lang='lat' dir='ltr'><strong>semita</strong></span> <span class='ocrx_word' id='word_1_360' title='bbox 798 2318 1032 2355; x_wconf 85' lang='lat' dir='ltr'><strong>deflexerimus,</strong></span> <span class='ocrx_word' id='word_1_361' title='bbox 1058 2317 1206 2349; x_wconf 81' lang='lat' dir='ltr'><strong>facillime</strong></span> <span class='ocrx_word' id='word_1_362' title='bbox 1231 2317 1263 2348; x_wconf 90' lang='lat' dir='ltr'><strong>in</strong></span> <span class='ocrx_word' id='word_1_363' title='bbox 1287 2318 1339 2347; x_wconf 90' lang='lat' dir='ltr'><strong>de-</strong></span> 
     </span>
     <span class='ocr_line' id='line_1_50' title="bbox 382 2360 1339 2400; baseline -0.005 -5"><span class='ocrx_word' id='word_1_364' title='bbox 382 2365 433 2395; x_wconf 84' lang='lat' dir='ltr'><strong>via</strong></span> <span class='ocrx_word' id='word_1_365' title='bbox 466 2371 498 2395; x_wconf 90' lang='lat' dir='ltr'><strong>et</strong></span> <span class='ocrx_word' id='word_1_366' title='bbox 531 2362 633 2394; x_wconf 87' lang='lat' dir='ltr'><strong>saltus</strong></span> <span class='ocrx_word' id='word_1_367' title='bbox 663 2360 881 2393; x_wconf 88' lang='lat' dir='ltr'><strong>aberrabimus</strong></span> <span class='ocrx_word' id='word_1_368' title='bbox 915 2367 947 2392; x_wconf 84' lang='lat' dir='ltr'><strong>et</strong></span> <span class='ocrx_word' id='word_1_369' title='bbox 979 2360 1168 2400; x_wconf 87' lang='lat' dir='ltr'><strong>praecipites</strong></span> <span class='ocrx_word' id='word_1_370' title='bbox 1192 2361 1339 2391; x_wconf 70' lang='lat' dir='ltr'><strong>feremur.</strong></span> 
     </span>
     <span class='ocr_line' id='line_1_51' title="bbox 382 2402 1340 2446; baseline -0.006 -8"><span class='ocrx_word' id='word_1_371' title='bbox 382 2407 488 2438; x_wconf 82' lang='lat' dir='ltr'><strong>David</strong></span> <span class='ocrx_word' id='word_1_372' title='bbox 518 2405 646 2446; x_wconf 91' lang='lat' dir='ltr'><strong>quidem</strong></span> <span class='ocrx_word' id='word_1_373' title='bbox 678 2415 697 2435; x_wconf 90' lang='lat' dir='ltr'><strong>a</strong></span> <span class='ocrx_word' id='word_1_374' title='bbox 728 2410 813 2436; x_wconf 88' lang='lat' dir='ltr'><strong>recto</strong></span> <span class='ocrx_word' id='word_1_375' title='bbox 844 2413 939 2445; x_wconf 88' lang='lat' dir='ltr'><strong>scopo</strong></span> <span class='ocrx_word' id='word_1_376' title='bbox 962 2414 1026 2434; x_wconf 94' lang='lat' dir='ltr'><strong>non</strong></span> <span class='ocrx_word' id='word_1_377' title='bbox 1050 2403 1172 2441; x_wconf 86' lang='lat' dir='ltr'><strong>resiliit,</strong></span> <span class='ocrx_word' id='word_1_378' title='bbox 1201 2403 1256 2434; x_wconf 88' lang='lat' dir='ltr'><strong>sed</strong></span> <span class='ocrx_word' id='word_1_379' title='bbox 1281 2402 1340 2432; x_wconf 88' lang='lat' dir='ltr'><strong>Dei</strong></span> 
     </span>
     <span class='ocr_line' id='line_1_52' title="bbox 381 2445 1340 2487; baseline -0.005 -6"><span class='ocrx_word' id='word_1_380' title='bbox 381 2449 517 2482; x_wconf 86' lang='lat' dir='ltr'><strong>bonitati</strong></span> <span class='ocrx_word' id='word_1_381' title='bbox 548 2446 784 2487; x_wconf 83' lang='lat' dir='ltr'><strong>imputandum,</strong></span> <span class='ocrx_word' id='word_1_382' title='bbox 815 2446 899 2487; x_wconf 93' lang='lat' dir='ltr'><strong>quod</strong></span> <span class='ocrx_word' id='word_1_383' title='bbox 929 2447 1036 2486; x_wconf 88' lang='lat' dir='ltr'><strong>ipsum</strong></span> <span class='ocrx_word' id='word_1_384' title='bbox 1059 2445 1225 2477; x_wconf 87' lang='lat' dir='ltr'><strong>mendacio</strong></span> <span class='ocrx_word' id='word_1_385' title='bbox 1249 2455 1340 2476; x_wconf 92' lang='lat' dir='ltr'><strong>usum</strong></span> 
     </span>
     <span class='ocr_line' id='line_1_53' title="bbox 382 2487 1341 2529; baseline -0.006 -5"><span class='ocrx_word' id='word_1_386' title='bbox 382 2494 415 2523; x_wconf 91' lang='lat' dir='ltr'><strong>in</strong></span> <span class='ocrx_word' id='word_1_387' title='bbox 440 2493 526 2524; x_wconf 87' lang='lat' dir='ltr'><strong>viam</strong></span> <span class='ocrx_word' id='word_1_388' title='bbox 549 2497 656 2521; x_wconf 89' lang='lat' dir='ltr'><strong>tamen</strong></span> <span class='ocrx_word' id='word_1_389' title='bbox 677 2490 822 2521; x_wconf 84' lang='lat' dir='ltr'><strong>reduxit:</strong></span> <span class='ocrx_word' id='word_1_390' title='bbox 845 2500 881 2522; x_wconf 86' lang='lat' dir='ltr'><strong>ac</strong></span> <span class='ocrx_word' id='word_1_391' title='bbox 901 2489 1034 2529; x_wconf 89' lang='lat' dir='ltr'><strong>proinde</strong></span> <span class='ocrx_word' id='word_1_392' title='bbox 1053 2488 1230 2520; x_wconf 86' lang='lat' dir='ltr'><strong>cavendum</strong></span> <span class='ocrx_word' id='word_1_393' title='bbox 1250 2487 1341 2518; x_wconf 77' lang='lat' dir='ltr'><strong>nobis</strong></span> 
     </span>
     <span class='ocr_line' id='line_1_54' title="bbox 383 2529 1341 2573; baseline -0.007 -6"><span class='ocrx_word' id='word_1_394' title='bbox 383 2546 421 2567; x_wconf 89' lang='lat' dir='ltr'><strong>ne</strong></span> <span class='ocrx_word' id='word_1_395' title='bbox 443 2534 531 2566; x_wconf 89' lang='lat' dir='ltr'><strong>istud</strong></span> <span class='ocrx_word' id='word_1_396' title='bbox 555 2533 739 2573; x_wconf 76' lang='lat' dir='ltr'><strong>exemplum</strong></span> <span class='ocrx_word' id='word_1_397' title='bbox 763 2533 937 2567; x_wconf 81' lang='lat' dir='ltr'><strong>imitemur.</strong></span> <span class='ocrx_word' id='word_1_398' title='bbox 960 2531 1042 2571; x_wconf 92' lang='lat' dir='ltr'><strong>quod</strong></span> <span class='ocrx_word' id='word_1_399' title='bbox 1066 2531 1091 2562; x_wconf 91' lang='lat' dir='ltr'><strong>si</strong></span> <span class='ocrx_word' id='word_1_400' title='bbox 1111 2531 1210 2568; x_wconf 86' lang='lat' dir='ltr'><strong>fieret,</strong></span> <span class='ocrx_word' id='word_1_401' title='bbox 1235 2529 1341 2561; x_wconf 89' lang='lat' dir='ltr'><strong>Deum</strong></span> 
     </span>
     <span class='ocr_line' id='line_1_55' title="bbox 382 2573 1343 2618; baseline -0.005 -10"><span class='ocrx_word' id='word_1_402' title='bbox 382 2576 588 2618; x_wconf 89' lang='lat' dir='ltr'><strong>proculdubio</strong></span> <span class='ocrx_word' id='word_1_403' title='bbox 612 2581 821 2607; x_wconf 82' lang='lat' dir='ltr'><strong>tentaremus.</strong></span> <span class='ocrx_word' id='word_1_404' title='bbox 865 2575 914 2606; x_wconf 90' lang='lat' dir='ltr'><strong>Ac</strong></span> <span class='ocrx_word' id='word_1_405' title='bbox 936 2584 1013 2606; x_wconf 87' lang='lat' dir='ltr'><strong>sane</strong></span> <span class='ocrx_word' id='word_1_406' title='bbox 1032 2573 1168 2604; x_wconf 88' lang='lat' dir='ltr'><strong>nimium</strong></span> <span class='ocrx_word' id='word_1_407' title='bbox 1189 2573 1343 2613; x_wconf 87' lang='lat' dir='ltr'><strong>proclives</strong></span> 
     </span>
     <span class='ocr_line' id='line_1_56' title="bbox 383 2615 1343 2658; baseline -0.007 -5"><span class='ocrx_word' id='word_1_408' title='bbox 383 2631 495 2652; x_wconf 83' lang='lat' dir='ltr'><strong>sumus</strong></span> <span class='ocrx_word' id='word_1_409' title='bbox 518 2619 558 2651; x_wconf 90' lang='lat' dir='ltr'><strong>ad</strong></span> <span class='ocrx_word' id='word_1_410' title='bbox 581 2619 706 2655; x_wconf 84' lang='lat' dir='ltr'><strong>vitium,</strong></span> <span class='ocrx_word' id='word_1_411' title='bbox 737 2623 774 2649; x_wconf 85' lang='lat' dir='ltr'><strong>ut</strong></span> <span class='ocrx_word' id='word_1_412' title='bbox 796 2629 861 2649; x_wconf 87' lang='lat' dir='ltr'><strong>non</strong></span> <span class='ocrx_word' id='word_1_413' title='bbox 884 2628 964 2658; x_wconf 82' lang='lat' dir='ltr'><strong>opus</strong></span> <span class='ocrx_word' id='word_1_414' title='bbox 987 2617 1029 2648; x_wconf 85' lang='lat' dir='ltr'><strong>sit</strong></span> <span class='ocrx_word' id='word_1_415' title='bbox 1050 2616 1207 2656; x_wconf 82' lang='lat' dir='ltr'><strong>exemplis</strong></span> <span class='ocrx_word' id='word_1_416' title='bbox 1229 2615 1343 2656; x_wconf 89' lang='lat' dir='ltr'><strong>quibus</strong></span> 
     </span>
     <span class='ocr_line' id='line_1_57' title="bbox 382 2658 1343 2700; baseline -0.005 -7"><span class='ocrx_word' id='word_1_417' title='bbox 382 2663 421 2694; x_wconf 83' lang='lat' dir='ltr'><strong>ad</strong></span> <span class='ocrx_word' id='word_1_418' title='bbox 452 2662 615 2696; x_wconf 84' lang='lat' dir='ltr'><strong>licentiam</strong></span> <span class='ocrx_word' id='word_1_419' title='bbox 647 2661 827 2693; x_wconf 81' lang='lat' dir='ltr'><strong>abutamur.</strong></span> <span class='ocrx_word' id='word_1_420' title='bbox 874 2660 958 2691; x_wconf 85' lang='lat' dir='ltr'><strong>Nam</strong></span> <span class='ocrx_word' id='word_1_421' title='bbox 989 2659 1016 2691; x_wconf 90' lang='lat' dir='ltr'><strong>si</strong></span> <span class='ocrx_word' id='word_1_422' title='bbox 1046 2669 1141 2700; x_wconf 87' lang='lat' dir='ltr'><strong>saepe</strong></span> <span class='ocrx_word' id='word_1_423' title='bbox 1171 2658 1225 2699; x_wconf 90' lang='lat' dir='ltr'><strong>qui</strong></span> <span class='ocrx_word' id='word_1_424' title='bbox 1256 2658 1343 2689; x_wconf 86' lang='lat' dir='ltr'><strong>vitiis</strong></span> 
     </span>
    </p>
   </div>
   <div class='ocr_carea' id='block_1_9' title="bbox 1160 218 1548 250">
    <p class='ocr_par' dir='ltr' id='par_1_9' title="bbox 1160 218 1548 250">
     <span class='ocr_line' id='line_1_58' title="bbox 1160 218 1548 250; baseline -0.003 0"><span class='ocrx_word' id='word_1_425' title='bbox 1160 218 1363 250; x_wconf 77' lang='lat' dir='ltr'><strong>HOMILIA</strong></span> <span class='ocrx_word' id='word_1_426' title='bbox 1390 218 1548 249; x_wconf 77' lang='lat' dir='ltr'><strong>LXXIV.</strong></span> 
     </span>
    </p>
   </div>
   <div class='ocr_carea' id='block_1_10' title="bbox 1361 1279 1372 2576">
    <p class='ocr_par' dir='ltr' id='par_1_10' title="bbox 1361 1279 1372 2576">
     <span class='ocr_line' id='line_1_59' title="bbox 1361 1279 1372 2576; baseline 0 0"><span class='ocrx_word' id='word_1_427' title='bbox 1361 1279 1372 2576; x_wconf 95' lang='lat' dir='ltr'><strong> </strong></span> 
     </span>
    </p>
   </div>
   <div class='ocr_carea' id='block_1_11' title="bbox 2289 221 2353 252">
    <p class='ocr_par' dir='ltr' id='par_1_11' title="bbox 2289 221 2353 252">
     <span class='ocr_line' id='line_1_60' title="bbox 2289 221 2353 252; baseline 0 0"><span class='ocrx_word' id='word_1_428' title='bbox 2289 221 2353 252; x_wconf 81' lang='lat'><strong>352</strong></span> 
     </span>
    </p>
   </div>
   <div class='ocr_carea' id='block_1_12' title="bbox 1385 311 2353 480">
    <p class='ocr_par' dir='ltr' id='par_1_12' title="bbox 1385 311 2353 480">
     <span class='ocr_line' id='line_1_61' title="bbox 1385 311 2353 354; baseline 0.005 -13"><span class='ocrx_word' id='word_1_429' title='bbox 1385 323 1443 353; x_wconf 85' lang='lat' dir='ltr'><strong>pro</strong></span> <span class='ocrx_word' id='word_1_430' title='bbox 1473 311 1596 342; x_wconf 75' lang='lat' dir='ltr'><strong>viribus</strong></span> <span class='ocrx_word' id='word_1_431' title='bbox 1627 311 1760 344; x_wconf 84' lang='lat' dir='ltr'><strong>student</strong></span> <span class='ocrx_word' id='word_1_432' title='bbox 1789 313 1959 350; x_wconf 84' lang='lat' dir='ltr'><strong>dominari,</strong></span> <span class='ocrx_word' id='word_1_433' title='bbox 1997 319 2029 344; x_wconf 87' lang='lat' dir='ltr'><strong>et</strong></span> <span class='ocrx_word' id='word_1_434' title='bbox 2060 313 2202 344; x_wconf 82' lang='lat' dir='ltr'><strong>habenas</strong></span> <span class='ocrx_word' id='word_1_435' title='bbox 2232 314 2353 354; x_wconf 84' lang='lat' dir='ltr'><strong>rigidas</strong></span> 
     </span>
     <span class='ocr_line' id='line_1_62' title="bbox 1385 354 2351 395; baseline 0.002 -9"><span class='ocrx_word' id='word_1_436' title='bbox 1385 354 1560 391; x_wconf 84' lang='lat' dir='ltr'><strong>adducunt,</strong></span> <span class='ocrx_word' id='word_1_437' title='bbox 1586 355 1618 385; x_wconf 95' lang='lat' dir='ltr'><strong>in</strong></span> <span class='ocrx_word' id='word_1_438' title='bbox 1643 355 1754 387; x_wconf 85' lang='lat' dir='ltr'><strong>multis</strong></span> <span class='ocrx_word' id='word_1_439' title='bbox 1777 361 1884 387; x_wconf 88' lang='lat' dir='ltr'><strong>tamen</strong></span> <span class='ocrx_word' id='word_1_440' title='bbox 1909 356 2080 387; x_wconf 88' lang='lat' dir='ltr'><strong>labuntur:</strong></span> <span class='ocrx_word' id='word_1_441' title='bbox 2110 355 2185 395; x_wconf 90' lang='lat' dir='ltr'><strong>quid</strong></span> <span class='ocrx_word' id='word_1_442' title='bbox 2209 356 2351 388; x_wconf 85' lang='lat' dir='ltr'><strong>futurum</strong></span> 
     </span>
     <span class='ocr_line' id='line_1_63' title="bbox 1387 397 2350 438; baseline 0.002 -10"><span class='ocrx_word' id='word_1_443' title='bbox 1387 397 1477 428; x_wconf 72' lang='lat' dir='ltr'><strong>uobis</strong></span> <span class='ocrx_word' id='word_1_444' title='bbox 1501 397 1727 428; x_wconf 72' lang='lat' dir='ltr'><strong>existimamus</strong></span> <span class='ocrx_word' id='word_1_445' title='bbox 1750 398 1777 429; x_wconf 88' lang='lat' dir='ltr'><strong>si</strong></span> <span class='ocrx_word' id='word_1_446' title='bbox 1801 398 1885 429; x_wconf 91' lang='lat' dir='ltr'><strong>ultro</strong></span> <span class='ocrx_word' id='word_1_447' title='bbox 1909 398 2001 429; x_wconf 90' lang='lat' dir='ltr'><strong>nobis</strong></span> <span class='ocrx_word' id='word_1_448' title='bbox 2024 399 2101 438; x_wconf 90' lang='lat' dir='ltr'><strong>ipsis</strong></span> <span class='ocrx_word' id='word_1_449' title='bbox 2121 398 2179 429; x_wconf 88' lang='lat' dir='ltr'><strong>hoo</strong></span> <span class='ocrx_word' id='word_1_450' title='bbox 2200 398 2251 430; x_wconf 88' lang='lat' dir='ltr'><strong>vel</strong></span> <span class='ocrx_word' id='word_1_451' title='bbox 2271 399 2350 430; x_wconf 87' lang='lat' dir='ltr'><strong>illud</strong></span> 
     </span>
     <span class='ocr_line' id='line_1_64' title="bbox 1387 439 2350 480; baseline 0.003 -10"><span class='ocrx_word' id='word_1_452' title='bbox 1387 439 1626 480; x_wconf 87' lang='lat' dir='ltr'><strong>permittimus?</strong></span> <span class='ocrx_word' id='word_1_453' title='bbox 1675 439 1892 478; x_wconf 79' lang='lat' dir='ltr'><strong>Quamobrem</strong></span> <span class='ocrx_word' id='word_1_454' title='bbox 1935 441 2096 473; x_wconf 87' lang='lat' dir='ltr'><strong>discamus</strong></span> <span class='ocrx_word' id='word_1_455' title='bbox 2139 441 2244 472; x_wconf 87' lang='lat' dir='ltr'><strong>Deum</strong></span> <span class='ocrx_word' id='word_1_456' title='bbox 2285 451 2350 473; x_wconf 89' lang='lat' dir='ltr'><strong>non</strong></span> 
     </span>
    </p>
   </div>
   <div class='ocr_carea' id='block_1_13' title="bbox 1358 482 2351 528">
    <p class='ocr_par' dir='ltr' id='par_1_13' title="bbox 1358 482 2351 528">
     <span class='ocr_line' id='line_1_65' title="bbox 1358 482 2351 528; baseline 0.003 -16"><span class='ocrx_word' id='word_1_457' title='bbox 1358 496 1359 528; x_wconf 51' lang='lat' dir='ltr'><strong>j</strong></span> <span class='ocrx_word' id='word_1_458' title='bbox 1386 489 1526 513; x_wconf 88' lang='lat' dir='ltr'><strong>tentare:</strong></span> <span class='ocrx_word' id='word_1_459' title='bbox 1558 488 1589 512; x_wconf 88' lang='lat' dir='ltr'><strong>et</strong></span> <span class='ocrx_word' id='word_1_460' title='bbox 1619 492 1718 522; x_wconf 90' lang='lat' dir='ltr'><strong>quum</strong></span> <span class='ocrx_word' id='word_1_461' title='bbox 1750 482 1909 514; x_wconf 85' lang='lat' dir='ltr'><strong>Davidem</strong></span> <span class='ocrx_word' id='word_1_462' title='bbox 1942 490 2032 515; x_wconf 85' lang='lat' dir='ltr'><strong>tanto</strong></span> <span class='ocrx_word' id='word_1_463' title='bbox 2056 484 2240 524; x_wconf 86' lang='lat' dir='ltr'><strong>perculsum</strong></span> <span class='ocrx_word' id='word_1_464' title='bbox 2264 490 2351 516; x_wconf 79' lang='lat' dir='ltr'><strong>metu</strong></span> 
     </span>
    </p>
   </div>
   <div class='ocr_carea' id='block_1_14' title="bbox 1385 524 2351 906">
    <p class='ocr_par' dir='ltr' id='par_1_14' title="bbox 1385 524 2351 906">
     <span class='ocr_line' id='line_1_66' title="bbox 1387 524 2349 567; baseline 0.002 -12"><span class='ocrx_word' id='word_1_465' title='bbox 1387 524 1560 557; x_wconf 78' lang='lat' dir='ltr'><strong>videamus.</strong></span> <span class='ocrx_word' id='word_1_466' title='bbox 1596 531 1629 555; x_wconf 91' lang='lat' dir='ltr'><strong>ut</strong></span> <span class='ocrx_word' id='word_1_467' title='bbox 1653 525 1692 555; x_wconf 87' lang='lat' dir='ltr'><strong>ad</strong></span> <span class='ocrx_word' id='word_1_468' title='bbox 1717 525 1920 557; x_wconf 81' lang='lat' dir='ltr'><strong>mendacium</strong></span> <span class='ocrx_word' id='word_1_469' title='bbox 1945 536 2097 566; x_wconf 84' lang='lat' dir='ltr'><strong>tanquam</strong></span> <span class='ocrx_word' id='word_1_470' title='bbox 2122 527 2251 557; x_wconf 89' lang='lat' dir='ltr'><strong>unicum</strong></span> <span class='ocrx_word' id='word_1_471' title='bbox 2277 537 2349 567; x_wconf 83' lang='lat' dir='ltr'><strong>asy-</strong></span> 
     </span>
     <span class='ocr_line' id='line_1_67' title="bbox 1386 566 2351 609; baseline 0.002 -11"><span class='ocrx_word' id='word_1_472' title='bbox 1386 568 1451 598; x_wconf 88' lang='lat' dir='ltr'><strong>lum</strong></span> <span class='ocrx_word' id='word_1_473' title='bbox 1476 566 1534 597; x_wconf 76' lang='lat' dir='ltr'><strong>sibi</strong></span> <span class='ocrx_word' id='word_1_474' title='bbox 1558 568 1715 607; x_wconf 90' lang='lat' dir='ltr'><strong>reliquum</strong></span> <span class='ocrx_word' id='word_1_475' title='bbox 1739 569 1924 609; x_wconf 84' lang='lat' dir='ltr'><strong>perfugerit,</strong></span> <span class='ocrx_word' id='word_1_476' title='bbox 1948 569 2054 600; x_wconf 79' lang='lat' dir='ltr'><strong>Deum</strong></span> <span class='ocrx_word' id='word_1_477' title='bbox 2079 578 2248 609; x_wconf 81' lang='lat' dir='ltr'><strong>precemur</strong></span> <span class='ocrx_word' id='word_1_478' title='bbox 2270 574 2306 600; x_wconf 88' lang='lat' dir='ltr'><strong>ut</strong></span> <span class='ocrx_word' id='word_1_479' title='bbox 2324 569 2351 600; x_wconf 87' lang='lat' dir='ltr'><strong>si</strong></span> 
     </span>
     <span class='ocr_line' id='line_1_68' title="bbox 1385 609 2351 652; baseline 0.003 -12"><span class='ocrx_word' id='word_1_480' title='bbox 1385 621 1448 650; x_wconf 84' lang='lat' dir='ltr'><strong>qua</strong></span> <span class='ocrx_word' id='word_1_481' title='bbox 1471 609 1638 641; x_wconf 87' lang='lat' dir='ltr'><strong>solicitudo</strong></span> <span class='ocrx_word' id='word_1_482' title='bbox 1663 621 1720 641; x_wconf 90' lang='lat' dir='ltr'><strong>nos</strong></span> <span class='ocrx_word' id='word_1_483' title='bbox 1744 618 1816 642; x_wconf 87' lang='lat' dir='ltr'><strong>urat</strong></span> <span class='ocrx_word' id='word_1_484' title='bbox 1838 618 1894 642; x_wconf 86' lang='lat' dir='ltr'><strong>aut</strong></span> <span class='ocrx_word' id='word_1_485' title='bbox 1917 618 2024 643; x_wconf 84' lang='lat' dir='ltr'><strong>metus</strong></span> <span class='ocrx_word' id='word_1_486' title='bbox 2058 611 2221 652; x_wconf 82' lang='lat' dir='ltr'><strong>percellat,</strong></span> <span class='ocrx_word' id='word_1_487' title='bbox 2255 611 2351 652; x_wconf 90' lang='lat' dir='ltr'><strong>spiri-</strong></span> 
     </span>
     <span class='ocr_line' id='line_1_69' title="bbox 1387 652 2351 694; baseline 0.003 -12"><span class='ocrx_word' id='word_1_488' title='bbox 1387 661 1454 683; x_wconf 87' lang='lat' dir='ltr'><strong>tum</strong></span> <span class='ocrx_word' id='word_1_489' title='bbox 1486 653 1576 683; x_wconf 85' lang='lat' dir='ltr'><strong>nobis</strong></span> <span class='ocrx_word' id='word_1_490' title='bbox 1599 652 1800 684; x_wconf 88' lang='lat' dir='ltr'><strong>discretionis</strong></span> <span class='ocrx_word' id='word_1_491' title='bbox 1823 661 1855 685; x_wconf 91' lang='lat' dir='ltr'><strong>et</strong></span> <span class='ocrx_word' id='word_1_492' title='bbox 1878 655 1947 685; x_wconf 69' lang='lat' dir='ltr'><strong>sani</strong></span> <span class='ocrx_word' id='word_1_493' title='bbox 1970 655 2093 686; x_wconf 88' lang='lat' dir='ltr'><strong>consilii</strong></span> <span class='ocrx_word' id='word_1_494' title='bbox 2119 654 2284 694; x_wconf 85' lang='lat' dir='ltr'><strong>largiatur,</strong></span> <span class='ocrx_word' id='word_1_495' title='bbox 2319 661 2351 685; x_wconf 89' lang='lat' dir='ltr'><strong>et</strong></span> 
     </span>
     <span class='ocr_line' id='line_1_70' title="bbox 1386 695 2350 737; baseline 0.002 -11"><span class='ocrx_word' id='word_1_496' title='bbox 1386 695 1425 726; x_wconf 85' lang='lat' dir='ltr'><strong>ad</strong></span> <span class='ocrx_word' id='word_1_497' title='bbox 1449 697 1554 735; x_wconf 80' lang='lat' dir='ltr'><strong>ipsum</strong></span> <span class='ocrx_word' id='word_1_498' title='bbox 1580 706 1679 725; x_wconf 89' lang='lat' dir='ltr'><strong>unum</strong></span> <span class='ocrx_word' id='word_1_499' title='bbox 1704 696 1920 736; x_wconf 86' lang='lat' dir='ltr'><strong>respiciamus,</strong></span> <span class='ocrx_word' id='word_1_500' title='bbox 1945 697 1985 728; x_wconf 87' lang='lat' dir='ltr'><strong>ab</strong></span> <span class='ocrx_word' id='word_1_501' title='bbox 2008 698 2078 737; x_wconf 87' lang='lat' dir='ltr'><strong>ipso</strong></span> <span class='ocrx_word' id='word_1_502' title='bbox 2097 696 2252 737; x_wconf 90' lang='lat' dir='ltr'><strong>quidquid</strong></span> <span class='ocrx_word' id='word_1_503' title='bbox 2273 696 2350 728; x_wconf 85' lang='lat' dir='ltr'><strong>utile</strong></span> 
     </span>
     <span class='ocr_line' id='line_1_71' title="bbox 1387 739 2351 779; baseline 0.001 -10"><span class='ocrx_word' id='word_1_504' title='bbox 1387 739 1481 769; x_wconf 87' lang='lat' dir='ltr'><strong>fuerit</strong></span> <span class='ocrx_word' id='word_1_505' title='bbox 1511 743 1744 777; x_wconf 84' lang='lat' dir='ltr'><strong>exspectantes.</strong></span> <span class='ocrx_word' id='word_1_506' title='bbox 1775 745 1811 769; x_wconf 88' lang='lat' dir='ltr'><strong>ut</strong></span> <span class='ocrx_word' id='word_1_507' title='bbox 1833 740 2017 779; x_wconf 83' lang='lat' dir='ltr'><strong>quicunque</strong></span> <span class='ocrx_word' id='word_1_508' title='bbox 2039 750 2133 771; x_wconf 86' lang='lat' dir='ltr'><strong>casus</strong></span> <span class='ocrx_word' id='word_1_509' title='bbox 2156 739 2351 779; x_wconf 84' lang='lat' dir='ltr'><strong>ingruerint,</strong></span> 
     </span>
     <span class='ocr_line' id='line_1_72' title="bbox 1387 780 2277 822; baseline 0.002 -11"><span class='ocrx_word' id='word_1_510' title='bbox 1387 780 1555 811; x_wconf 84' lang='lat' dir='ltr'><strong>veritatem</strong></span> <span class='ocrx_word' id='word_1_511' title='bbox 1577 786 1608 810; x_wconf 91' lang='lat' dir='ltr'><strong>et</strong></span> <span class='ocrx_word' id='word_1_512' title='bbox 1631 781 1785 811; x_wconf 87' lang='lat' dir='ltr'><strong>iustitiam</strong></span> <span class='ocrx_word' id='word_1_513' title='bbox 1811 782 1968 812; x_wconf 84' lang='lat' dir='ltr'><strong>inoffenso</strong></span> <span class='ocrx_word' id='word_1_514' title='bbox 1993 782 2071 821; x_wconf 89' lang='lat' dir='ltr'><strong>pede</strong></span> <span class='ocrx_word' id='word_1_515' title='bbox 2095 792 2277 822; x_wconf 88' lang='lat' dir='ltr'><strong>sequamur.</strong></span> 
     </span>
     <span class='ocr_line' id='line_1_73' title="bbox 1474 823 2346 864; baseline 0.002 -11"><span class='ocrx_word' id='word_1_516' title='bbox 1474 826 1646 854; x_wconf 70' lang='lat' dir='ltr'><strong>Caeterum</strong></span> <span class='ocrx_word' id='word_1_517' title='bbox 1691 823 1742 855; x_wconf 90' lang='lat' dir='ltr'><strong>hic</strong></span> <span class='ocrx_word' id='word_1_518' title='bbox 1775 825 1919 864; x_wconf 80' lang='lat' dir='ltr'><strong>quaestio</strong></span> <span class='ocrx_word' id='word_1_519' title='bbox 1957 824 2115 864; x_wconf 85' lang='lat' dir='ltr'><strong>quaedam</strong></span> <span class='ocrx_word' id='word_1_520' title='bbox 2154 824 2266 862; x_wconf 87' lang='lat' dir='ltr'><strong>oritur,</strong></span> <span class='ocrx_word' id='word_1_521' title='bbox 2304 834 2346 856; x_wconf 82' lang='lat' dir='ltr'><strong>an</strong></span> 
     </span>
     <span class='ocr_line' id='line_1_74' title="bbox 1387 865 2350 906; baseline 0.002 -10"><span class='ocrx_word' id='word_1_522' title='bbox 1387 865 1523 905; x_wconf 71' lang='lat' dir='ltr'><strong>singulis</strong></span> <span class='ocrx_word' id='word_1_523' title='bbox 1553 865 1711 904; x_wconf 84' lang='lat' dir='ltr'><strong>permissa</strong></span> <span class='ocrx_word' id='word_1_524' title='bbox 1743 866 1861 897; x_wconf 85' lang='lat' dir='ltr'><strong>fuerint</strong></span> <span class='ocrx_word' id='word_1_525' title='bbox 1897 867 1973 898; x_wconf 85' lang='lat' dir='ltr'><strong>haee</strong></span> <span class='ocrx_word' id='word_1_526' title='bbox 2003 877 2112 897; x_wconf 84' lang='lat' dir='ltr'><strong>annua</strong></span> <span class='ocrx_word' id='word_1_527' title='bbox 2135 877 2236 903; x_wconf 88' lang='lat' dir='ltr'><strong>sacra,</strong></span> <span class='ocrx_word' id='word_1_528' title='bbox 2267 877 2350 906; x_wconf 85' lang='lat' dir='ltr'><strong>quae</strong></span> 
     </span>
    </p>
   </div>
   <div class='ocr_carea' id='block_1_15' title="bbox 1358 907 2351 992">
    <p class='ocr_par' dir='ltr' id='par_1_15' title="bbox 1358 907 2351 992">
     <span class='ocr_line' id='line_1_75' title="bbox 1358 907 2351 952; baseline 0.002 -14"><span class='ocrx_word' id='word_1_529' title='bbox 1358 925 1361 952; x_wconf 63' lang='lat'><strong><em>5</em></strong></span> <span class='ocrx_word' id='word_1_530' title='bbox 1386 915 1492 939; x_wconf 87' lang='lat' dir='ltr'><strong>tamen</strong></span> <span class='ocrx_word' id='word_1_531' title='bbox 1518 908 1587 947; x_wconf 89' lang='lat' dir='ltr'><strong>lege</strong></span> <span class='ocrx_word' id='word_1_532' title='bbox 1609 907 1671 939; x_wconf 93' lang='lat' dir='ltr'><strong>Dei</strong></span> <span class='ocrx_word' id='word_1_533' title='bbox 1694 908 1855 949; x_wconf 87' lang='lat' dir='ltr'><strong>prohibita</strong></span> <span class='ocrx_word' id='word_1_534' title='bbox 1876 910 2066 940; x_wconf 88' lang='lat' dir='ltr'><strong>nominatim</strong></span> <span class='ocrx_word' id='word_1_535' title='bbox 2092 909 2247 940; x_wconf 90' lang='lat' dir='ltr'><strong>videmus.</strong></span> <span class='ocrx_word' id='word_1_536' title='bbox 2269 909 2351 941; x_wconf 90' lang='lat' dir='ltr'><strong>Uni·</strong></span> 
     </span>
     <span class='ocr_line' id='line_1_76' title="bbox 1359 951 2348 992; baseline 0.003 -12"><span class='ocrx_word' id='word_1_537' title='bbox 1359 966 1361 971; x_wconf 48' lang='grc' dir='ltr'><em>ν</em></span> <span class='ocrx_word' id='word_1_538' title='bbox 1386 961 1455 981; x_wconf 83' lang='lat' dir='ltr'><strong>eam</strong></span> <span class='ocrx_word' id='word_1_539' title='bbox 1487 951 1571 981; x_wconf 85' lang='lat' dir='ltr'><strong>euim</strong></span> <span class='ocrx_word' id='word_1_540' title='bbox 1603 956 1635 981; x_wconf 91' lang='lat' dir='ltr'><strong>et</strong></span> <span class='ocrx_word' id='word_1_541' title='bbox 1664 961 1735 981; x_wconf 84' lang='lat' dir='ltr'><strong>eam</strong></span> <span class='ocrx_word' id='word_1_542' title='bbox 1766 951 1943 991; x_wconf 87' lang='lat' dir='ltr'><strong>simplicem</strong></span> <span class='ocrx_word' id='word_1_543' title='bbox 1983 952 2032 982; x_wconf 90' lang='lat' dir='ltr'><strong>sui</strong></span> <span class='ocrx_word' id='word_1_544' title='bbox 2062 952 2169 984; x_wconf 90' lang='lat' dir='ltr'><strong>cultus</strong></span> <span class='ocrx_word' id='word_1_545' title='bbox 2203 951 2348 992; x_wconf 86' lang='lat' dir='ltr'><strong>regulam</strong></span> 
     </span>
    </p>
   </div>
   <div class='ocr_carea' id='block_1_16' title="bbox 1387 993 2350 1546">
    <p class='ocr_par' dir='ltr' id='par_1_16' title="bbox 1387 993 2350 1546">
     <span class='ocr_line' id='line_1_77' title="bbox 1387 993 2349 1035; baseline 0.001 -11"><span class='ocrx_word' id='word_1_546' title='bbox 1387 994 1476 1024; x_wconf 85' lang='lat' dir='ltr'><strong>Deus</strong></span> <span class='ocrx_word' id='word_1_547' title='bbox 1512 993 1719 1033; x_wconf 81' lang='lat' dir='ltr'><strong>praescripsit</strong></span> <span class='ocrx_word' id='word_1_548' title='bbox 1752 1004 1847 1034; x_wconf 85' lang='lat' dir='ltr'><strong>quam</strong></span> <span class='ocrx_word' id='word_1_549' title='bbox 1870 1004 1889 1025; x_wconf 86' lang='lat' dir='ltr'><strong>a</strong></span> <span class='ocrx_word' id='word_1_550' title='bbox 1912 995 2049 1035; x_wconf 87' lang='lat' dir='ltr'><strong>singulis</strong></span> <span class='ocrx_word' id='word_1_551' title='bbox 2072 994 2171 1025; x_wconf 84' lang='lat' dir='ltr'><strong>verbo</strong></span> <span class='ocrx_word' id='word_1_552' title='bbox 2194 1004 2252 1026; x_wconf 87' lang='lat' dir='ltr'><strong>suo</strong></span> <span class='ocrx_word' id='word_1_553' title='bbox 2274 994 2349 1026; x_wconf 84' lang='lat' dir='ltr'><strong>obe-</strong></span> 
     </span>
     <span class='ocr_line' id='line_1_78' title="bbox 1387 1035 2350 1077; baseline 0.002 -11"><span class='ocrx_word' id='word_1_554' title='bbox 1387 1035 1551 1067; x_wconf 85' lang='lat' dir='ltr'><strong>dientibus</strong></span> <span class='ocrx_word' id='word_1_555' title='bbox 1581 1035 1685 1067; x_wconf 89' lang='lat' dir='ltr'><strong>voluit</strong></span> <span class='ocrx_word' id='word_1_556' title='bbox 1714 1035 1887 1068; x_wconf 87' lang='lat' dir='ltr'><strong>observari.</strong></span> <span class='ocrx_word' id='word_1_557' title='bbox 1933 1037 2034 1069; x_wconf 89' lang='lat' dir='ltr'><strong>Cuius</strong></span> <span class='ocrx_word' id='word_1_558' title='bbox 2068 1037 2149 1077; x_wconf 85' lang='lat' dir='ltr'><strong>legis</strong></span> <span class='ocrx_word' id='word_1_559' title='bbox 2173 1047 2266 1068; x_wconf 89' lang='lat' dir='ltr'><strong>usum</strong></span> <span class='ocrx_word' id='word_1_560' title='bbox 2290 1036 2350 1068; x_wconf 89' lang='lat' dir='ltr'><strong>du·</strong></span> 
     </span>
     <span class='ocr_line' id='line_1_79' title="bbox 1388 1079 2349 1118; baseline 0.002 -10"><span class='ocrx_word' id='word_1_561' title='bbox 1388 1079 1501 1118; x_wconf 83' lang='lat' dir='ltr'><strong>plicein</strong></span> <span class='ocrx_word' id='word_1_562' title='bbox 1544 1089 1713 1118; x_wconf 85' lang='lat' dir='ltr'><strong>possumus</strong></span> <span class='ocrx_word' id='word_1_563' title='bbox 1753 1079 2020 1111; x_wconf 88' lang='lat' dir='ltr'><strong>animadvertere.</strong></span> <span class='ocrx_word' id='word_1_564' title='bbox 2078 1079 2225 1110; x_wconf 89' lang='lat' dir='ltr'><strong>Primum</strong></span> <span class='ocrx_word' id='word_1_565' title='bbox 2262 1079 2349 1111; x_wconf 87' lang='lat' dir='ltr'><strong>enim</strong></span> 
     </span>
     <span class='ocr_line' id='line_1_80' title="bbox 1390 1121 2349 1162; baseline 0.001 -11"><span class='ocrx_word' id='word_1_566' title='bbox 1390 1122 1478 1152; x_wconf 79' lang='lat' dir='ltr'><strong>Deus</strong></span> <span class='ocrx_word' id='word_1_567' title='bbox 1503 1132 1536 1152; x_wconf 89' lang='lat' dir='ltr'><strong>se</strong></span> <span class='ocrx_word' id='word_1_568' title='bbox 1559 1121 1662 1152; x_wconf 84' lang='lat' dir='ltr'><strong>solum</strong></span> <span class='ocrx_word' id='word_1_569' title='bbox 1687 1121 1801 1160; x_wconf 84' lang='lat' dir='ltr'><strong>audiri,</strong></span> <span class='ocrx_word' id='word_1_570' title='bbox 1825 1129 1980 1162; x_wconf 89' lang='lat' dir='ltr'><strong>tanquam</strong></span> <span class='ocrx_word' id='word_1_571' title='bbox 2006 1123 2137 1154; x_wconf 92' lang='lat' dir='ltr'><strong>unicum</strong></span> <span class='ocrx_word' id='word_1_572' title='bbox 2162 1121 2274 1162; x_wconf 91' lang='lat' dir='ltr'><strong>populi</strong></span> <span class='ocrx_word' id='word_1_573' title='bbox 2297 1123 2349 1154; x_wconf 82' lang='lat' dir='ltr'><strong>sui</strong></span> 
     </span>
     <span class='ocr_line' id='line_1_81' title="bbox 1389 1163 2349 1205; baseline 0.001 -10"><span class='ocrx_word' id='word_1_574' title='bbox 1389 1164 1614 1205; x_wconf 85' lang='lat' dir='ltr'><strong>legislatorem,</strong></span> <span class='ocrx_word' id='word_1_575' title='bbox 1646 1170 1679 1195; x_wconf 90' lang='lat' dir='ltr'><strong>et</strong></span> <span class='ocrx_word' id='word_1_576' title='bbox 1707 1163 1893 1201; x_wconf 82' lang='lat' dir='ltr'><strong>Dominum,</strong></span> <span class='ocrx_word' id='word_1_577' title='bbox 1922 1175 1940 1196; x_wconf 85' lang='lat' dir='ltr'><strong>a</strong></span> <span class='ocrx_word' id='word_1_578' title='bbox 1972 1166 2062 1196; x_wconf 86' lang='lat' dir='ltr'><strong>cuius</strong></span> <span class='ocrx_word' id='word_1_579' title='bbox 2085 1165 2184 1196; x_wconf 86' lang='lat' dir='ltr'><strong>verbo</strong></span> <span class='ocrx_word' id='word_1_580' title='bbox 2208 1164 2349 1205; x_wconf 85' lang='lat' dir='ltr'><strong>pendere</strong></span> 
     </span>
     <span class='ocr_line' id='line_1_82' title="bbox 1388 1206 2348 1246; baseline 0 -8"><span class='ocrx_word' id='word_1_581' title='bbox 1388 1217 1500 1238; x_wconf 90' lang='lat' dir='ltr'><strong>omnes</strong></span> <span class='ocrx_word' id='word_1_582' title='bbox 1529 1206 1712 1246; x_wconf 82' lang='lat' dir='ltr'><strong>oportebat:</strong></span> <span class='ocrx_word' id='word_1_583' title='bbox 1748 1206 1863 1238; x_wconf 89' lang='lat' dir='ltr'><strong>deinde</strong></span> <span class='ocrx_word' id='word_1_584' title='bbox 1893 1207 2098 1239; x_wconf 84' lang='lat' dir='ltr'><strong>concordiam</strong></span> <span class='ocrx_word' id='word_1_585' title='bbox 2129 1212 2161 1238; x_wconf 87' lang='lat' dir='ltr'><strong>et</strong></span> <span class='ocrx_word' id='word_1_586' title='bbox 2195 1208 2348 1238; x_wconf 89' lang='lat' dir='ltr'><strong>unionem</strong></span> 
     </span>
     <span class='ocr_line' id='line_1_83' title="bbox 1388 1249 2350 1290; baseline 0.001 -10"><span class='ocrx_word' id='word_1_587' title='bbox 1388 1252 1420 1281; x_wconf 88' lang='lat' dir='ltr'><strong>in</strong></span> <span class='ocrx_word' id='word_1_588' title='bbox 1463 1249 1579 1289; x_wconf 76' lang='lat' dir='ltr'><strong>populo</strong></span> <span class='ocrx_word' id='word_1_589' title='bbox 1622 1250 1731 1280; x_wconf 85' lang='lat' dir='ltr'><strong>fovere</strong></span> <span class='ocrx_word' id='word_1_590' title='bbox 1765 1250 1865 1281; x_wconf 87' lang='lat' dir='ltr'><strong>voluit</strong></span> <span class='ocrx_word' id='word_1_591' title='bbox 1906 1250 2042 1290; x_wconf 85' lang='lat' dir='ltr'><strong>publicis</strong></span> <span class='ocrx_word' id='word_1_592' title='bbox 2076 1250 2141 1281; x_wconf 89' lang='lat' dir='ltr'><strong>illis</strong></span> <span class='ocrx_word' id='word_1_593' title='bbox 2174 1250 2350 1289; x_wconf 79' lang='lat' dir='ltr'><strong>sacrificiis,</strong></span> 
     </span>
     <span class='ocr_line' id='line_1_84' title="bbox 1388 1292 2350 1332; baseline 0.002 -10"><span class='ocrx_word' id='word_1_594' title='bbox 1388 1302 1469 1332; x_wconf 82' lang='lat' dir='ltr'><strong>quae</strong></span> <span class='ocrx_word' id='word_1_595' title='bbox 1488 1292 1556 1331; x_wconf 87' lang='lat' dir='ltr'><strong>ipse</strong></span> <span class='ocrx_word' id='word_1_596' title='bbox 1578 1292 1771 1324; x_wconf 83' lang='lat' dir='ltr'><strong>instituerat.</strong></span> <span class='ocrx_word' id='word_1_597' title='bbox 1796 1292 2042 1332; x_wconf 83' lang='lat' dir='ltr'><strong>Respondemus</strong></span> <span class='ocrx_word' id='word_1_598' title='bbox 2061 1292 2099 1324; x_wconf 85' lang='lat' dir='ltr'><strong>ad</strong></span> <span class='ocrx_word' id='word_1_599' title='bbox 2121 1292 2215 1324; x_wconf 85' lang='lat' dir='ltr'><strong>istam</strong></span> <span class='ocrx_word' id='word_1_600' title='bbox 2235 1303 2350 1332; x_wconf 85' lang='lat' dir='ltr'><strong>quaes—</strong></span> 
     </span>
     <span class='ocr_line' id='line_1_85' title="bbox 1389 1335 2350 1375; baseline 0.001 -10"><span class='ocrx_word' id='word_1_601' title='bbox 1389 1335 1519 1372; x_wconf 87' lang='lat' dir='ltr'><strong>tionem,</strong></span> <span class='ocrx_word' id='word_1_602' title='bbox 1549 1335 1678 1366; x_wconf 86' lang='lat' dir='ltr'><strong>uuieum</strong></span> <span class='ocrx_word' id='word_1_603' title='bbox 1709 1335 1837 1375; x_wconf 82' lang='lat' dir='ltr'><strong>quidem</strong></span> <span class='ocrx_word' id='word_1_604' title='bbox 1869 1335 1969 1366; x_wconf 88' lang='lat' dir='ltr'><strong>altare</strong></span> <span class='ocrx_word' id='word_1_605' title='bbox 1993 1335 2054 1366; x_wconf 93' lang='lat' dir='ltr'><strong>Dei</strong></span> <span class='ocrx_word' id='word_1_606' title='bbox 2084 1336 2172 1366; x_wconf 90' lang='lat' dir='ltr'><strong>iussu</strong></span> <span class='ocrx_word' id='word_1_607' title='bbox 2195 1341 2350 1373; x_wconf 89' lang='lat' dir='ltr'><strong>erectum,</strong></span> 
     </span>
     <span class='ocr_line' id='line_1_86' title="bbox 1390 1377 2349 1409; baseline 0 0"><span class='ocrx_word' id='word_1_608' title='bbox 1390 1385 1422 1409; x_wconf 83' lang='lat' dir='ltr'><strong>et</strong></span> <span class='ocrx_word' id='word_1_609' title='bbox 1452 1378 1577 1408; x_wconf 87' lang='lat' dir='ltr'><strong>unicam</strong></span> <span class='ocrx_word' id='word_1_610' title='bbox 1610 1378 1811 1409; x_wconf 86' lang='lat' dir='ltr'><strong>sacrificandi</strong></span> <span class='ocrx_word' id='word_1_611' title='bbox 1842 1378 1975 1409; x_wconf 77' lang='lat' dir='ltr'><strong>sormam</strong></span> <span class='ocrx_word' id='word_1_612' title='bbox 2001 1378 2201 1409; x_wconf 85' lang='lat' dir='ltr'><strong>institutam:</strong></span> <span class='ocrx_word' id='word_1_613' title='bbox 2231 1378 2287 1409; x_wconf 88' lang='lat' dir='ltr'><strong>sed</strong></span> <span class='ocrx_word' id='word_1_614' title='bbox 2310 1377 2349 1409; x_wconf 89' lang='lat' dir='ltr'><strong>li-</strong></span> 
     </span>
     <span class='ocr_line' id='line_1_87' title="bbox 1389 1420 2350 1461; baseline 0 -10"><span class='ocrx_word' id='word_1_615' title='bbox 1389 1421 1493 1451; x_wconf 89' lang='lat' dir='ltr'><strong>cuisse</strong></span> <span class='ocrx_word' id='word_1_616' title='bbox 1525 1420 1663 1461; x_wconf 87' lang='lat' dir='ltr'><strong>singulis</strong></span> <span class='ocrx_word' id='word_1_617' title='bbox 1694 1421 1733 1451; x_wconf 89' lang='lat' dir='ltr'><strong>ad</strong></span> <span class='ocrx_word' id='word_1_618' title='bbox 1763 1421 1863 1451; x_wconf 88' lang='lat' dir='ltr'><strong>altare</strong></span> <span class='ocrx_word' id='word_1_619' title='bbox 1897 1421 2029 1451; x_wconf 89' lang='lat' dir='ltr'><strong>Domini</strong></span> <span class='ocrx_word' id='word_1_620' title='bbox 2060 1421 2243 1451; x_wconf 84' lang='lat' dir='ltr'><strong>voluntaria</strong></span> <span class='ocrx_word' id='word_1_621' title='bbox 2265 1420 2350 1452; x_wconf 86' lang='lat' dir='ltr'><strong>dona</strong></span> 
     </span>
     <span class='ocr_line' id='line_1_88' title="bbox 1389 1463 2350 1503; baseline 0 -9"><span class='ocrx_word' id='word_1_622' title='bbox 1389 1464 1513 1502; x_wconf 80' lang='lat' dir='ltr'><strong>offerre,</strong></span> <span class='ocrx_word' id='word_1_623' title='bbox 1545 1470 1577 1493; x_wconf 88' lang='lat' dir='ltr'><strong>et</strong></span> <span class='ocrx_word' id='word_1_624' title='bbox 1600 1470 1720 1494; x_wconf 83' lang='lat' dir='ltr'><strong>certam</strong></span> <span class='ocrx_word' id='word_1_625' title='bbox 1751 1463 1891 1503; x_wconf 84' lang='lat' dir='ltr'><strong>aliquam</strong></span> <span class='ocrx_word' id='word_1_626' title='bbox 1916 1463 2000 1494; x_wconf 90' lang='lat' dir='ltr'><strong>diem</strong></span> <span class='ocrx_word' id='word_1_627' title='bbox 2024 1463 2062 1494; x_wconf 85' lang='lat' dir='ltr'><strong>ad</strong></span> <span class='ocrx_word' id='word_1_628' title='bbox 2094 1463 2233 1494; x_wconf 87' lang='lat' dir='ltr'><strong>familiae</strong></span> <span class='ocrx_word' id='word_1_629' title='bbox 2255 1464 2350 1494; x_wconf 86' lang='lat' dir='ltr'><strong>sacri-</strong></span> 
     </span>
     <span class='ocr_line' id='line_1_89' title="bbox 1390 1504 2350 1546; baseline -0.001 -9"><span class='ocrx_word' id='word_1_630' title='bbox 1390 1507 1498 1537; x_wconf 87' lang='lat' dir='ltr'><strong>ficium</strong></span> <span class='ocrx_word' id='word_1_631' title='bbox 1520 1505 1645 1542; x_wconf 88' lang='lat' dir='ltr'><strong>habere,</strong></span> <span class='ocrx_word' id='word_1_632' title='bbox 1665 1507 1934 1546; x_wconf 87' lang='lat' dir='ltr'><strong>quemadmodum</strong></span> <span class='ocrx_word' id='word_1_633' title='bbox 1954 1506 2045 1536; x_wconf 90' lang='lat' dir='ltr'><strong>initio</strong></span> <span class='ocrx_word' id='word_1_634' title='bbox 2063 1505 2161 1536; x_wconf 89' lang='lat' dir='ltr'><strong>huius</strong></span> <span class='ocrx_word' id='word_1_635' title='bbox 2179 1504 2254 1536; x_wconf 90' lang='lat' dir='ltr'><strong>libri</strong></span> <span class='ocrx_word' id='word_1_636' title='bbox 2267 1504 2350 1536; x_wconf 82' lang='lat' dir='ltr'><strong>vidi-</strong></span> 
     </span>
    </p>
   </div>
   <div class='ocr_carea' id='block_1_17' title="bbox 1229 1547 2350 1631">
    <p class='ocr_par' dir='ltr' id='par_1_17' title="bbox 1229 1547 2350 1631">
     <span class='ocr_line' id='line_1_90' title="bbox 1362 1547 2350 1589; baseline 0 -10"><span class='ocrx_word' id='word_1_637' title='bbox 1362 1579 1364 1588; x_wconf 39' lang='lat'><strong>,</strong></span> <span class='ocrx_word' id='word_1_638' title='bbox 1391 1560 1462 1580; x_wconf 87' lang='lat' dir='ltr'><strong>mus</strong></span> <span class='ocrx_word' id='word_1_639' title='bbox 1487 1548 1640 1579; x_wconf 85' lang='lat' dir='ltr'><strong>Elcanam</strong></span> <span class='ocrx_word' id='word_1_640' title='bbox 1666 1548 1825 1580; x_wconf 85' lang='lat' dir='ltr'><strong>Samuelis</strong></span> <span class='ocrx_word' id='word_1_641' title='bbox 1849 1555 1971 1589; x_wconf 85' lang='lat' dir='ltr'><strong>patrem</strong></span> <span class='ocrx_word' id='word_1_642' title='bbox 1996 1559 2070 1580; x_wconf 89' lang='lat' dir='ltr'><strong>cum</strong></span> <span class='ocrx_word' id='word_1_643' title='bbox 2094 1558 2195 1579; x_wconf 85' lang='lat' dir='ltr'><strong>uxore</strong></span> <span class='ocrx_word' id='word_1_644' title='bbox 2218 1547 2350 1579; x_wconf 85' lang='lat' dir='ltr'><strong>solitum</strong></span> 
     </span>
     <span class='ocr_line' id='line_1_91' title="bbox 1229 1591 1364 1631; baseline 0 -8"><span class='ocrx_word' id='word_1_645' title='bbox 1229 1592 1337 1631; x_wconf 77' lang='lat' dir='ltr'><strong>Quare</strong></span> <span class='ocrx_word' id='word_1_646' title='bbox 1363 1591 1364 1597; x_wconf 52' lang='lat'>¹</span> 
     </span>
    </p>
   </div>
   <div class='ocr_carea' id='block_1_18' title="bbox 1390 1590 2354 2699">
    <p class='ocr_par' dir='ltr' id='par_1_18' title="bbox 1390 1590 2352 1889">
     <span class='ocr_line' id='line_1_92' title="bbox 1390 1590 2349 1632; baseline 0 -10"><span class='ocrx_word' id='word_1_647' title='bbox 1390 1593 1560 1632; x_wconf 87' lang='lat' dir='ltr'><strong>quotannis</strong></span> <span class='ocrx_word' id='word_1_648' title='bbox 1574 1591 1733 1631; x_wconf 87' lang='lat' dir='ltr'><strong>peculiare</strong></span> <span class='ocrx_word' id='word_1_649' title='bbox 1746 1591 1887 1622; x_wconf 92' lang='lat' dir='ltr'><strong>Domino</strong></span> <span class='ocrx_word' id='word_1_650' title='bbox 1900 1592 2089 1622; x_wconf 87' lang='lat' dir='ltr'><strong>sacrificium</strong></span> <span class='ocrx_word' id='word_1_651' title='bbox 2110 1591 2236 1622; x_wconf 81' lang='lat' dir='ltr'><strong>offerre.</strong></span> <span class='ocrx_word' id='word_1_652' title='bbox 2257 1590 2349 1630; x_wconf 80' lang='lat' dir='ltr'><strong>Qua·</strong></span> 
     </span>
     <span class='ocr_line' id='line_1_93' title="bbox 1391 1632 2350 1674; baseline -0.001 -9"><span class='ocrx_word' id='word_1_653' title='bbox 1391 1640 1520 1674; x_wconf 87' lang='lat' dir='ltr'><strong>propter</strong></span> <span class='ocrx_word' id='word_1_654' title='bbox 1550 1645 1613 1665; x_wconf 90' lang='lat' dir='ltr'><strong>non</strong></span> <span class='ocrx_word' id='word_1_655' title='bbox 1639 1634 1819 1666; x_wconf 89' lang='lat' dir='ltr'><strong>violabatur</strong></span> <span class='ocrx_word' id='word_1_656' title='bbox 1847 1634 1916 1665; x_wconf 88' lang='lat' dir='ltr'><strong>istis</strong></span> <span class='ocrx_word' id='word_1_657' title='bbox 1939 1634 2103 1665; x_wconf 86' lang='lat' dir='ltr'><strong>sacrificiis</strong></span> <span class='ocrx_word' id='word_1_658' title='bbox 2128 1633 2180 1664; x_wconf 82' lang='lat' dir='ltr'><strong>lex</strong></span> <span class='ocrx_word' id='word_1_659' title='bbox 2204 1633 2261 1664; x_wconf 84' lang='lat' dir='ltr'><strong>illa</strong></span> <span class='ocrx_word' id='word_1_660' title='bbox 2282 1632 2350 1664; x_wconf 90' lang='lat' dir='ltr'><strong>Do-</strong></span> 
     </span>
     <span class='ocr_line' id='line_1_94' title="bbox 1393 1676 2347 1717; baseline -0.001 -9"><span class='ocrx_word' id='word_1_661' title='bbox 1393 1678 1470 1708; x_wconf 91' lang='lat' dir='ltr'><strong>mini</strong></span> <span class='ocrx_word' id='word_1_662' title='bbox 1500 1676 1672 1717; x_wconf 81' lang='lat' dir='ltr'><strong>generalis.</strong></span> <span class='ocrx_word' id='word_1_663' title='bbox 1701 1687 1764 1717; x_wconf 91' lang='lat' dir='ltr'><strong>qua</strong></span> <span class='ocrx_word' id='word_1_664' title='bbox 1792 1677 1949 1717; x_wconf 90' lang='lat' dir='ltr'><strong>populum</strong></span> <span class='ocrx_word' id='word_1_665' title='bbox 1973 1677 2067 1707; x_wconf 85' lang='lat' dir='ltr'><strong>iussit</strong></span> <span class='ocrx_word' id='word_1_666' title='bbox 2089 1676 2347 1708; x_wconf 86' lang='lat' dir='ltr'><strong>sacrificaturum</strong></span> 
     </span>
     <span class='ocr_line' id='line_1_95' title="bbox 1391 1718 2352 1760; baseline 0 -10"><span class='ocrx_word' id='word_1_667' title='bbox 1391 1721 1425 1751; x_wconf 92' lang='lat' dir='ltr'><strong>in</strong></span> <span class='ocrx_word' id='word_1_668' title='bbox 1449 1720 1602 1760; x_wconf 88' lang='lat' dir='ltr'><strong>templum</strong></span> <span class='ocrx_word' id='word_1_669' title='bbox 1627 1719 1808 1755; x_wconf 84' lang='lat' dir='ltr'><strong>convenire,</strong></span> <span class='ocrx_word' id='word_1_670' title='bbox 1837 1727 1868 1750; x_wconf 79' lang='lat' dir='ltr'><strong>et</strong></span> <span class='ocrx_word' id='word_1_671' title='bbox 1891 1719 1930 1750; x_wconf 89' lang='lat' dir='ltr'><strong>ad</strong></span> <span class='ocrx_word' id='word_1_672' title='bbox 1954 1730 2047 1750; x_wconf 88' lang='lat' dir='ltr'><strong>suum</strong></span> <span class='ocrx_word' id='word_1_673' title='bbox 2072 1719 2173 1750; x_wconf 85' lang='lat' dir='ltr'><strong>altare</strong></span> <span class='ocrx_word' id='word_1_674' title='bbox 2195 1718 2352 1750; x_wconf 75' lang='lat' dir='ltr'><strong>sacrificia</strong></span> 
     </span>
     <span class='ocr_line' id='line_1_96' title="bbox 1392 1761 2351 1803; baseline -0.002 -9"><span class='ocrx_word' id='word_1_675' title='bbox 1392 1774 1448 1794; x_wconf 92' lang='lat' dir='ltr'><strong>sua</strong></span> <span class='ocrx_word' id='word_1_676' title='bbox 1471 1764 1594 1794; x_wconf 81' lang='lat' dir='ltr'><strong>offerre.</strong></span> <span class='ocrx_word' id='word_1_677' title='bbox 1640 1763 1747 1803; x_wconf 89' lang='lat' dir='ltr'><strong>Atque</strong></span> <span class='ocrx_word' id='word_1_678' title='bbox 1777 1763 1822 1793; x_wconf 89' lang='lat' dir='ltr'><strong>ita</strong></span> <span class='ocrx_word' id='word_1_679' title='bbox 1851 1769 1929 1793; x_wconf 85' lang='lat' dir='ltr'><strong>sunt</strong></span> <span class='ocrx_word' id='word_1_680' title='bbox 1958 1761 2169 1802; x_wconf 88' lang='lat' dir='ltr'><strong>intelligenda</strong></span> <span class='ocrx_word' id='word_1_681' title='bbox 2192 1771 2273 1801; x_wconf 82' lang='lat' dir='ltr'><strong>quae</strong></span> <span class='ocrx_word' id='word_1_682' title='bbox 2293 1761 2351 1793; x_wconf 89' lang='lat' dir='ltr'><strong>hoo</strong></span> 
     </span>
     <span class='ocr_line' id='line_1_97' title="bbox 1393 1803 2350 1845; baseline 0 -10"><span class='ocrx_word' id='word_1_683' title='bbox 1393 1806 1458 1837; x_wconf 92' lang='lat' dir='ltr'><strong>loco</strong></span> <span class='ocrx_word' id='word_1_684' title='bbox 1484 1806 1588 1836; x_wconf 79' lang='lat' dir='ltr'><strong>David</strong></span> <span class='ocrx_word' id='word_1_685' title='bbox 1613 1805 1690 1836; x_wconf 84' lang='lat' dir='ltr'><strong>dicit</strong></span> <span class='ocrx_word' id='word_1_686' title='bbox 1712 1805 1751 1836; x_wconf 92' lang='lat' dir='ltr'><strong>de</strong></span> <span class='ocrx_word' id='word_1_687' title='bbox 1774 1805 1930 1836; x_wconf 89' lang='lat' dir='ltr'><strong>sacrificio</strong></span> <span class='ocrx_word' id='word_1_688' title='bbox 1953 1814 2061 1835; x_wconf 88' lang='lat' dir='ltr'><strong>annuo</strong></span> <span class='ocrx_word' id='word_1_689' title='bbox 2083 1811 2236 1845; x_wconf 84' lang='lat' dir='ltr'><strong>paternae</strong></span> <span class='ocrx_word' id='word_1_690' title='bbox 2254 1803 2350 1835; x_wconf 85' lang='lat' dir='ltr'><strong>fami—</strong></span> 
     </span>
     <span class='ocr_line' id='line_1_98' title="bbox 1391 1847 2212 1889; baseline -0.002 -10"><span class='ocrx_word' id='word_1_691' title='bbox 1391 1849 1460 1885; x_wconf 86' lang='lat' dir='ltr'><strong>liae,</strong></span> <span class='ocrx_word' id='word_1_692' title='bbox 1486 1854 1616 1889; x_wconf 85' lang='lat' dir='ltr'><strong>propter</strong></span> <span class='ocrx_word' id='word_1_693' title='bbox 1638 1847 1721 1888; x_wconf 91' lang='lat' dir='ltr'><strong>quod</strong></span> <span class='ocrx_word' id='word_1_694' title='bbox 1745 1849 1812 1888; x_wconf 89' lang='lat' dir='ltr'><strong>ipse</strong></span> <span class='ocrx_word' id='word_1_695' title='bbox 1835 1847 2080 1878; x_wconf 85' lang='lat' dir='ltr'><strong>Bethlehemam</strong></span> <span class='ocrx_word' id='word_1_696' title='bbox 2106 1847 2212 1879; x_wconf 86' lang='lat' dir='ltr'><strong>iverit.</strong></span> 
     </span>
    </p>

    <p class='ocr_par' dir='ltr' id='par_1_19' title="bbox 1391 1890 2354 2699">
     <span class='ocr_line' id='line_1_99' title="bbox 1480 1890 2352 1930; baseline -0.002 -8"><span class='ocrx_word' id='word_1_697' title='bbox 1480 1891 1580 1922; x_wconf 88' lang='lat' dir='ltr'><strong>Porro</strong></span> <span class='ocrx_word' id='word_1_698' title='bbox 1604 1890 1682 1922; x_wconf 86' lang='lat' dir='ltr'><strong>dicit</strong></span> <span class='ocrx_word' id='word_1_699' title='bbox 1711 1902 1743 1922; x_wconf 89' lang='lat' dir='ltr'><strong>se</strong></span> <span class='ocrx_word' id='word_1_700' title='bbox 1765 1891 1846 1930; x_wconf 78' lang='lat' dir='ltr'><strong>quod</strong></span> <span class='ocrx_word' id='word_1_701' title='bbox 1868 1890 2013 1921; x_wconf 76' lang='lat' dir='ltr'><strong>calendae</strong></span> <span class='ocrx_word' id='word_1_702' title='bbox 2035 1892 2133 1921; x_wconf 76' lang='lat' dir='ltr'><strong>essent</strong></span> <span class='ocrx_word' id='word_1_703' title='bbox 2154 1890 2290 1921; x_wconf 78' lang='lat' dir='ltr'><strong>erastino</strong></span> <span class='ocrx_word' id='word_1_704' title='bbox 2314 1898 2352 1920; x_wconf 77' lang='lat' dir='ltr'><strong>ex</strong></span> 
     </span>
     <span class='ocr_line' id='line_1_100' title="bbox 1391 1931 2350 1973; baseline -0.001 -9"><span class='ocrx_word' id='word_1_705' title='bbox 1391 1943 1482 1973; x_wconf 80' lang='lat' dir='ltr'><strong>more,</strong></span> <span class='ocrx_word' id='word_1_706' title='bbox 1505 1935 1607 1965; x_wconf 76' lang='lat' dir='ltr'><strong>sedere</strong></span> <span class='ocrx_word' id='word_1_707' title='bbox 1629 1934 1721 1964; x_wconf 76' lang='lat' dir='ltr'><strong>iuxta</strong></span> <span class='ocrx_word' id='word_1_708' title='bbox 1741 1943 1840 1973; x_wconf 78' lang='lat' dir='ltr'><strong>reyem</strong></span> <span class='ocrx_word' id='word_1_709' title='bbox 1864 1933 1904 1963; x_wconf 79' lang='lat' dir='ltr'><strong>ad</strong></span> <span class='ocrx_word' id='word_1_710' title='bbox 1925 1933 2106 1964; x_wconf 79' lang='lat' dir='ltr'><strong>vescendum</strong></span> <span class='ocrx_word' id='word_1_711' title='bbox 2127 1932 2239 1964; x_wconf 80' lang='lat' dir='ltr'><strong>debere.</strong></span> <span class='ocrx_word' id='word_1_712' title='bbox 2285 1931 2350 1963; x_wconf 86' lang='lat' dir='ltr'><strong>No-</strong></span> 
     </span>
     <span class='ocr_line' id='line_1_101' title="bbox 1393 1975 2351 2016; baseline -0.002 -9"><span class='ocrx_word' id='word_1_713' title='bbox 1393 1976 1550 2007; x_wconf 91' lang='lat' dir='ltr'><strong>vilunium</strong></span> <span class='ocrx_word' id='word_1_714' title='bbox 1575 1977 1682 2016; x_wconf 90' lang='lat' dir='ltr'><strong>itaque</strong></span> <span class='ocrx_word' id='word_1_715' title='bbox 1705 1976 1869 2016; x_wconf 87' lang='lat' dir='ltr'><strong>intelligit,</strong></span> <span class='ocrx_word' id='word_1_716' title='bbox 1893 1975 1946 2015; x_wconf 91' lang='lat' dir='ltr'><strong>qui</strong></span> <span class='ocrx_word' id='word_1_717' title='bbox 1969 1975 2037 2006; x_wconf 87' lang='lat' dir='ltr'><strong>dies</strong></span> <span class='ocrx_word' id='word_1_718' title='bbox 2057 1976 2124 2006; x_wconf 93' lang='lat' dir='ltr'><strong>Deo</strong></span> <span class='ocrx_word' id='word_1_719' title='bbox 2146 1975 2227 2006; x_wconf 88' lang='lat' dir='ltr'><strong>sacri</strong></span> <span class='ocrx_word' id='word_1_720' title='bbox 2247 1980 2351 2014; x_wconf 79' lang='lat' dir='ltr'><strong>erant,</strong></span> 
     </span>
     <span class='ocr_line' id='line_1_102' title="bbox 1393 2016 2352 2059; baseline -0.001 -10"><span class='ocrx_word' id='word_1_721' title='bbox 1393 2020 1540 2059; x_wconf 79' lang='lat' dir='ltr'><strong>quoniam</strong></span> <span class='ocrx_word' id='word_1_722' title='bbox 1570 2020 1651 2050; x_wconf 80' lang='lat' dir='ltr'><strong>festi.</strong></span> <span class='ocrx_word' id='word_1_723' title='bbox 1697 2018 1779 2050; x_wconf 90' lang='lat' dir='ltr'><strong>Nam</strong></span> <span class='ocrx_word' id='word_1_724' title='bbox 1811 2018 1964 2059; x_wconf 87' lang='lat' dir='ltr'><strong>populum</strong></span> <span class='ocrx_word' id='word_1_725' title='bbox 1989 2017 2095 2049; x_wconf 82' lang='lat' dir='ltr'><strong>adbuc</strong></span> <span class='ocrx_word' id='word_1_726' title='bbox 2122 2016 2235 2049; x_wconf 91' lang='lat' dir='ltr'><strong>rudem</strong></span> <span class='ocrx_word' id='word_1_727' title='bbox 2259 2016 2352 2048; x_wconf 87' lang='lat' dir='ltr'><strong>Deus</strong></span> 
     </span>
     <span class='ocr_line' id='line_1_103' title="bbox 1394 2059 2350 2101; baseline -0.002 -9"><span class='ocrx_word' id='word_1_728' title='bbox 1394 2062 1462 2092; x_wconf 88' lang='lat' dir='ltr'><strong>istis</strong></span> <span class='ocrx_word' id='word_1_729' title='bbox 1487 2061 1601 2093; x_wconf 85' lang='lat' dir='ltr'><strong>ritibus</strong></span> <span class='ocrx_word' id='word_1_730' title='bbox 1631 2067 1785 2101; x_wconf 86' lang='lat' dir='ltr'><strong>tanquam</strong></span> <span class='ocrx_word' id='word_1_731' title='bbox 1815 2070 1930 2101; x_wconf 83' lang='lat' dir='ltr'><strong>pueros</strong></span> <span class='ocrx_word' id='word_1_732' title='bbox 1953 2062 2045 2092; x_wconf 81' lang='lat' dir='ltr'><strong>rexit.</strong></span> <span class='ocrx_word' id='word_1_733' title='bbox 2092 2060 2158 2092; x_wconf 91' lang='lat' dir='ltr'><strong>Nos</strong></span> <span class='ocrx_word' id='word_1_734' title='bbox 2181 2070 2258 2091; x_wconf 89' lang='lat' dir='ltr'><strong>vero</strong></span> <span class='ocrx_word' id='word_1_735' title='bbox 2281 2059 2350 2100; x_wconf 88' lang='lat' dir='ltr'><strong>qui-</strong></span> 
     </span>
     <span class='ocr_line' id='line_1_104' title="bbox 1395 2101 2352 2144; baseline -0.002 -9"><span class='ocrx_word' id='word_1_736' title='bbox 1395 2105 1453 2135; x_wconf 90' lang='lat' dir='ltr'><strong>bus</strong></span> <span class='ocrx_word' id='word_1_737' title='bbox 1483 2115 1551 2135; x_wconf 86' lang='lat' dir='ltr'><strong>sese</strong></span> <span class='ocrx_word' id='word_1_738' title='bbox 1582 2104 1772 2135; x_wconf 86' lang='lat' dir='ltr'><strong>familiarius</strong></span> <span class='ocrx_word' id='word_1_739' title='bbox 1802 2103 1949 2144; x_wconf 88' lang='lat' dir='ltr'><strong>patefecit</strong></span> <span class='ocrx_word' id='word_1_740' title='bbox 1974 2102 2065 2135; x_wconf 87' lang='lat' dir='ltr'><strong>decet</strong></span> <span class='ocrx_word' id='word_1_741' title='bbox 2087 2112 2157 2134; x_wconf 89' lang='lat' dir='ltr'><strong>esse</strong></span> <span class='ocrx_word' id='word_1_742' title='bbox 2179 2101 2352 2134; x_wconf 85' lang='lat' dir='ltr'><strong>alacriores</strong></span> 
     </span>
     <span class='ocr_line' id='line_1_105' title="bbox 1394 2144 2352 2187; baseline -0.002 -10"><span class='ocrx_word' id='word_1_743' title='bbox 1394 2147 1433 2177; x_wconf 85' lang='lat' dir='ltr'><strong>ad</strong></span> <span class='ocrx_word' id='word_1_744' title='bbox 1464 2148 1582 2187; x_wconf 83' lang='lat' dir='ltr'><strong>gratias</strong></span> <span class='ocrx_word' id='word_1_745' title='bbox 1612 2148 1673 2187; x_wconf 90' lang='lat' dir='ltr'><strong>ipsi</strong></span> <span class='ocrx_word' id='word_1_746' title='bbox 1697 2146 1838 2187; x_wconf 84' lang='lat' dir='ltr'><strong>agendas</strong></span> <span class='ocrx_word' id='word_1_747' title='bbox 1862 2147 1901 2178; x_wconf 87' lang='lat' dir='ltr'><strong>de</strong></span> <span class='ocrx_word' id='word_1_748' title='bbox 1923 2152 1972 2176; x_wconf 90' lang='lat' dir='ltr'><strong>tot</strong></span> <span class='ocrx_word' id='word_1_749' title='bbox 1996 2146 2158 2185; x_wconf 86' lang='lat' dir='ltr'><strong>tantisque</strong></span> <span class='ocrx_word' id='word_1_750' title='bbox 2188 2144 2352 2177; x_wconf 86' lang='lat' dir='ltr'><strong>beneficiis</strong></span> 
     </span>
     <span class='ocr_line' id='line_1_106' title="bbox 1394 2186 2352 2230; baseline -0.003 -10"><span class='ocrx_word' id='word_1_751' title='bbox 1394 2200 1474 2229; x_wconf 89' lang='lat' dir='ltr'><strong>quae</strong></span> <span class='ocrx_word' id='word_1_752' title='bbox 1504 2189 1645 2229; x_wconf 85' lang='lat' dir='ltr'><strong>quotidie</strong></span> <span class='ocrx_word' id='word_1_753' title='bbox 1668 2189 1707 2221; x_wconf 86' lang='lat' dir='ltr'><strong>ab</strong></span> <span class='ocrx_word' id='word_1_754' title='bbox 1730 2190 1799 2230; x_wconf 88' lang='lat' dir='ltr'><strong>ipso</strong></span> <span class='ocrx_word' id='word_1_755' title='bbox 1823 2189 2015 2229; x_wconf 83' lang='lat' dir='ltr'><strong>accipimus:</strong></span> <span class='ocrx_word' id='word_1_756' title='bbox 2044 2192 2075 2220; x_wconf 87' lang='lat' dir='ltr'><strong>et</strong></span> <span class='ocrx_word' id='word_1_757' title='bbox 2104 2189 2138 2218; x_wconf 88' lang='lat' dir='ltr'><strong>in</strong></span> <span class='ocrx_word' id='word_1_758' title='bbox 2171 2187 2284 2228; x_wconf 89' lang='lat' dir='ltr'><strong>primis</strong></span> <span class='ocrx_word' id='word_1_759' title='bbox 2313 2186 2352 2217; x_wconf 88' lang='lat' dir='ltr'><strong>de</strong></span> 
     </span>
     <span class='ocr_line' id='line_1_107' title="bbox 1396 2229 2353 2272; baseline -0.001 -10"><span class='ocrx_word' id='word_1_760' title='bbox 1396 2233 1461 2263; x_wconf 83' lang='lat' dir='ltr'><strong>vita</strong></span> <span class='ocrx_word' id='word_1_761' title='bbox 1491 2243 1586 2272; x_wconf 87' lang='lat' dir='ltr'><strong>quam</strong></span> <span class='ocrx_word' id='word_1_762' title='bbox 1618 2233 1657 2264; x_wconf 85' lang='lat' dir='ltr'><strong>ab</strong></span> <span class='ocrx_word' id='word_1_763' title='bbox 1681 2233 1750 2272; x_wconf 87' lang='lat' dir='ltr'><strong>ipso</strong></span> <span class='ocrx_word' id='word_1_764' title='bbox 1781 2231 1944 2263; x_wconf 81' lang='lat' dir='ltr'><strong>habemus.</strong></span> <span class='ocrx_word' id='word_1_765' title='bbox 1991 2233 2097 2271; x_wconf 90' lang='lat' dir='ltr'><strong>Atque</strong></span> <span class='ocrx_word' id='word_1_766' title='bbox 2120 2229 2239 2262; x_wconf 89' lang='lat' dir='ltr'><strong>idcirco</strong></span> <span class='ocrx_word' id='word_1_767' title='bbox 2263 2230 2353 2261; x_wconf 87' lang='lat' dir='ltr'><strong>Deus</strong></span> 
     </span>
     <span class='ocr_line' id='line_1_108' title="bbox 1396 2271 2352 2314; baseline -0.002 -9"><span class='ocrx_word' id='word_1_768' title='bbox 1396 2275 1637 2306; x_wconf 87' lang='lat' dir='ltr'><strong>noviluniorum</strong></span> <span class='ocrx_word' id='word_1_769' title='bbox 1660 2275 1728 2306; x_wconf 91' lang='lat' dir='ltr'><strong>dies</strong></span> <span class='ocrx_word' id='word_1_770' title='bbox 1750 2285 1820 2306; x_wconf 89' lang='lat' dir='ltr'><strong>esse</strong></span> <span class='ocrx_word' id='word_1_771' title='bbox 1843 2274 1941 2306; x_wconf 89' lang='lat' dir='ltr'><strong>festos</strong></span> <span class='ocrx_word' id='word_1_772' title='bbox 1963 2275 2120 2306; x_wconf 82' lang='lat' dir='ltr'><strong>iusserat:</strong></span> <span class='ocrx_word' id='word_1_773' title='bbox 2151 2271 2352 2314; x_wconf 71' lang='lat' dir='ltr'><strong>quandoqui-</strong></span> 
     </span>
     <span class='ocr_line' id='line_1_109' title="bbox 1395 2314 2354 2349; baseline -0.001 -2"><span class='ocrx_word' id='word_1_774' title='bbox 1395 2317 1466 2348; x_wconf 86' lang='lat' dir='ltr'><strong>dem</strong></span> <span class='ocrx_word' id='word_1_775' title='bbox 1500 2318 1554 2348; x_wconf 85' lang='lat' dir='ltr'><strong>illa</strong></span> <span class='ocrx_word' id='word_1_776' title='bbox 1588 2318 1682 2349; x_wconf 87' lang='lat' dir='ltr'><strong>lunae</strong></span> <span class='ocrx_word' id='word_1_777' title='bbox 1723 2317 1860 2348; x_wconf 86' lang='lat' dir='ltr'><strong>mutatio</strong></span> <span class='ocrx_word' id='word_1_778' title='bbox 1894 2317 1972 2348; x_wconf 87' lang='lat' dir='ltr'><strong>satis</strong></span> <span class='ocrx_word' id='word_1_779' title='bbox 2007 2316 2179 2347; x_wconf 86' lang='lat' dir='ltr'><strong>manifeste</strong></span> <span class='ocrx_word' id='word_1_780' title='bbox 2212 2314 2354 2347; x_wconf 84' lang='lat' dir='ltr'><strong>ostendit</strong></span> 
     </span>
     <span class='ocr_line' id='line_1_110' title="bbox 1396 2357 2353 2399; baseline 0 -11"><span class='ocrx_word' id='word_1_781' title='bbox 1396 2367 1540 2399; x_wconf 69' lang='lat' dir='ltr'><strong>oportere</strong></span> <span class='ocrx_word' id='word_1_782' title='bbox 1565 2360 1671 2392; x_wconf 91' lang='lat' dir='ltr'><strong>Deum</strong></span> <span class='ocrx_word' id='word_1_783' title='bbox 1695 2370 1752 2392; x_wconf 87' lang='lat' dir='ltr'><strong>sua</strong></span> <span class='ocrx_word' id='word_1_784' title='bbox 1775 2359 1859 2391; x_wconf 88' lang='lat' dir='ltr'><strong>dona</strong></span> <span class='ocrx_word' id='word_1_785' title='bbox 1881 2360 2078 2397; x_wconf 83' lang='lat' dir='ltr'><strong>continuare,</strong></span> <span class='ocrx_word' id='word_1_786' title='bbox 2102 2358 2187 2398; x_wconf 91' lang='lat' dir='ltr'><strong>quod</strong></span> <span class='ocrx_word' id='word_1_787' title='bbox 2209 2357 2353 2398; x_wconf 87' lang='lat' dir='ltr'><strong>alioquin</strong></span> 
     </span>
     <span class='ocr_line' id='line_1_111' title="bbox 1395 2401 2352 2443; baseline 0 -11"><span class='ocrx_word' id='word_1_788' title='bbox 1395 2403 1529 2443; x_wconf 73' lang='lat' dir='ltr'><strong>singulis</strong></span> <span class='ocrx_word' id='word_1_789' title='bbox 1559 2403 1730 2434; x_wconf 85' lang='lat' dir='ltr'><strong>momentis</strong></span> <span class='ocrx_word' id='word_1_790' title='bbox 1758 2401 1954 2434; x_wconf 79' lang='lat' dir='ltr'><strong>deficiamus.</strong></span> <span class='ocrx_word' id='word_1_791' title='bbox 2000 2403 2129 2434; x_wconf 87' lang='lat' dir='ltr'><strong>Lunam</strong></span> <span class='ocrx_word' id='word_1_792' title='bbox 2153 2411 2229 2433; x_wconf 87' lang='lat' dir='ltr'><strong>sane</strong></span> <span class='ocrx_word' id='word_1_793' title='bbox 2251 2410 2352 2441; x_wconf 91' lang='lat' dir='ltr'><strong>quum</strong></span> 
     </span>
     <span class='ocr_line' id='line_1_112' title="bbox 1397 2443 2352 2486; baseline -0.001 -11"><span class='ocrx_word' id='word_1_794' title='bbox 1397 2446 1566 2483; x_wconf 84' lang='lat' dir='ltr'><strong>iutuemur,</strong></span> <span class='ocrx_word' id='word_1_795' title='bbox 1601 2455 1716 2486; x_wconf 87' lang='lat' dir='ltr'><strong>corpus</strong></span> <span class='ocrx_word' id='word_1_796' title='bbox 1747 2445 1885 2476; x_wconf 86' lang='lat' dir='ltr'><strong>coeleste</strong></span> <span class='ocrx_word' id='word_1_797' title='bbox 1919 2451 1950 2476; x_wconf 89' lang='lat' dir='ltr'><strong>et</strong></span> <span class='ocrx_word' id='word_1_798' title='bbox 1983 2445 2091 2476; x_wconf 86' lang='lat' dir='ltr'><strong>varias</strong></span> <span class='ocrx_word' id='word_1_799' title='bbox 2124 2444 2212 2475; x_wconf 88' lang='lat' dir='ltr'><strong>illius</strong></span> <span class='ocrx_word' id='word_1_800' title='bbox 2245 2443 2352 2482; x_wconf 84' lang='lat' dir='ltr'><strong>facies,</strong></span> 
     </span>
     <span class='ocr_line' id='line_1_113' title="bbox 1396 2487 2352 2530; baseline -0.001 -13"><span class='ocrx_word' id='word_1_801' title='bbox 1396 2488 1555 2526; x_wconf 79' lang='lat' dir='ltr'><strong>quandam</strong></span> <span class='ocrx_word' id='word_1_802' title='bbox 1585 2488 1758 2530; x_wconf 86' lang='lat' dir='ltr'><strong>imaginem</strong></span> <span class='ocrx_word' id='word_1_803' title='bbox 1781 2488 1867 2519; x_wconf 83' lang='lat' dir='ltr'><strong>vitae</strong></span> <span class='ocrx_word' id='word_1_804' title='bbox 1891 2487 2051 2519; x_wconf 83' lang='lat' dir='ltr'><strong>humanae</strong></span> <span class='ocrx_word' id='word_1_805' title='bbox 2072 2487 2243 2518; x_wconf 87' lang='lat' dir='ltr'><strong>habemus:</strong></span> <span class='ocrx_word' id='word_1_806' title='bbox 2278 2495 2352 2516; x_wconf 85' lang='lat' dir='ltr'><strong>nam</strong></span> 
     </span>
     <span class='ocr_line' id='line_1_114' title="bbox 1395 2528 2354 2570; baseline 0.001 -11"><span class='ocrx_word' id='word_1_807' title='bbox 1395 2530 1570 2569; x_wconf 86' lang='lat' dir='ltr'><strong>plenilunio</strong></span> <span class='ocrx_word' id='word_1_808' title='bbox 1597 2532 1633 2562; x_wconf 85' lang='lat' dir='ltr'><strong>fit</strong></span> <span class='ocrx_word' id='word_1_809' title='bbox 1661 2531 1859 2562; x_wconf 85' lang='lat' dir='ltr'><strong>corniculata</strong></span> <span class='ocrx_word' id='word_1_810' title='bbox 1887 2536 1919 2562; x_wconf 89' lang='lat' dir='ltr'><strong>et</strong></span> <span class='ocrx_word' id='word_1_811' title='bbox 1949 2530 2102 2570; x_wconf 87' lang='lat' dir='ltr'><strong>paulatim</strong></span> <span class='ocrx_word' id='word_1_812' title='bbox 2126 2529 2232 2561; x_wconf 88' lang='lat' dir='ltr'><strong>deficit</strong></span> <span class='ocrx_word' id='word_1_813' title='bbox 2254 2528 2354 2560; x_wconf 83' lang='lat' dir='ltr'><strong>donec</strong></span> 
     </span>
     <span class='ocr_line' id='line_1_115' title="bbox 1396 2571 2354 2614; baseline 0 -12"><span class='ocrx_word' id='word_1_814' title='bbox 1396 2573 1531 2611; x_wconf 81' lang='lat' dir='ltr'><strong>amplius</strong></span> <span class='ocrx_word' id='word_1_815' title='bbox 1562 2585 1624 2604; x_wconf 79' lang='lat' dir='ltr'><strong>non</strong></span> <span class='ocrx_word' id='word_1_816' title='bbox 1653 2579 1815 2614; x_wconf 79' lang='lat' dir='ltr'><strong>appareat.</strong></span> <span class='ocrx_word' id='word_1_817' title='bbox 1861 2572 1953 2612; x_wconf 81' lang='lat' dir='ltr'><strong>Quae</strong></span> <span class='ocrx_word' id='word_1_818' title='bbox 1983 2573 2082 2604; x_wconf 87' lang='lat' dir='ltr'><strong>facies</strong></span> <span class='ocrx_word' id='word_1_819' title='bbox 2111 2576 2159 2604; x_wconf 84' lang='lat' dir='ltr'><strong>est</strong></span> <span class='ocrx_word' id='word_1_820' title='bbox 2193 2571 2354 2603; x_wconf 83' lang='lat' dir='ltr'><strong>humanae</strong></span> 
     </span>
     <span class='ocr_line' id='line_1_116' title="bbox 1396 2614 2353 2657; baseline -0.001 -12"><span class='ocrx_word' id='word_1_821' title='bbox 1396 2614 1578 2655; x_wconf 85' lang='lat' dir='ltr'><strong>fragilitatis</strong></span> <span class='ocrx_word' id='word_1_822' title='bbox 1609 2617 1723 2657; x_wconf 85' lang='lat' dir='ltr'><strong>imago.</strong></span> <span class='ocrx_word' id='word_1_823' title='bbox 1770 2616 1896 2647; x_wconf 92' lang='lat' dir='ltr'><strong>Deinde</strong></span> <span class='ocrx_word' id='word_1_824' title='bbox 1925 2626 2023 2656; x_wconf 92' lang='lat' dir='ltr'><strong>quum</strong></span> <span class='ocrx_word' id='word_1_825' title='bbox 2058 2615 2136 2646; x_wconf 83' lang='lat' dir='ltr'><strong>luna</strong></span> <span class='ocrx_word' id='word_1_826' title='bbox 2169 2617 2353 2651; x_wconf 83' lang='lat' dir='ltr'><strong>renovatur,</strong></span> 
     </span>
     <span class='ocr_line' id='line_1_117' title="bbox 1397 2655 2353 2699; baseline 0 -12"><span class='ocrx_word' id='word_1_827' title='bbox 1397 2657 1524 2688; x_wconf 83' lang='lat' dir='ltr'><strong>videtur</strong></span> <span class='ocrx_word' id='word_1_828' title='bbox 1547 2669 1628 2690; x_wconf 86' lang='lat' dir='ltr'><strong>nova</strong></span> <span class='ocrx_word' id='word_1_829' title='bbox 1651 2659 1806 2699; x_wconf 87' lang='lat' dir='ltr'><strong>quaedam</strong></span> <span class='ocrx_word' id='word_1_830' title='bbox 1826 2669 1845 2690; x_wconf 85' lang='lat' dir='ltr'><strong>a</strong></span> <span class='ocrx_word' id='word_1_831' title='bbox 1864 2658 1933 2690; x_wconf 90' lang='lat' dir='ltr'><strong>Deo</strong></span> <span class='ocrx_word' id='word_1_832' title='bbox 1957 2658 2042 2690; x_wconf 82' lang='lat' dir='ltr'><strong>facta.</strong></span> <span class='ocrx_word' id='word_1_833' title='bbox 2059 2657 2189 2695; x_wconf 84' lang='lat' dir='ltr'><strong>creatio,</strong></span> <span class='ocrx_word' id='word_1_834' title='bbox 2212 2663 2244 2688; x_wconf 85' lang='lat' dir='ltr'><strong>et</strong></span> <span class='ocrx_word' id='word_1_835' title='bbox 2261 2655 2353 2696; x_wconf 85' lang='lat' dir='ltr'><strong>quasi</strong></span> 
     </span>
    </p>
   </div>
   <div class='ocr_carea' id='block_1_19' title="bbox 2488 0 2551 3044">
    <p class='ocr_par' dir='ltr' id='par_1_20' title="bbox 2488 0 2551 3044">
     <span class='ocr_line' id='line_1_118' title="bbox 2488 0 2551 3044; baseline 0 0"><span class='ocrx_word' id='word_1_836' title='bbox 2488 0 2551 3044; x_wconf 95' lang='lat' dir='ltr'><strong> </strong></span> 
     </span>
    </p>
   </div>
  </div>
 </body>
</html>
