2551 3044
397 210 460 242 435
1198 208 1399 242 HOMILIA
1423 210 1587 242 LXXXI.
2318 211 2380 243 436

397 303 605 336 condemnari
626 304 713 334 Deus
738 303 848 334 voluit.
883 303 965 334 Nam
990 314 1008 335 a
1033 304 1132 335 Saule
1156 304 1235 336 iussi
1260 305 1363 336 facere
1389 322 1391 334 ·,

398 348 554 386 impetum
569 346 600 375 in
614 346 803 384 sacerdotes,
817 352 849 376 et
862 345 933 377 illos
946 346 1136 382 interficere.
1156 354 1364 379 recusarunt:

399 395 429 420 et
473 392 516 419 ita
549 388 634 419 solus
669 387 800 428 Doegus
834 388 1008 420 Idumaeus
1042 389 1196 421 iuventus
1229 398 1277 421 est
1311 390 1364 430 qui

398 430 559 463 mandatis
587 431 656 462 eius
687 438 933 471 optemperaret,
965 431 1061 463 homo
1090 432 1230 472 perfidus
1253 439 1283 463 et
1307 434 1364 463 im-

399 475 478 514 pius,
504 481 535 503 ct
558 473 597 505 ab
620 473 842 505 Israelitarum
867 474 1002 506 ecclesia
1025 474 1249 506 alienissimus.

398 559 682 595 considerabimus,
714 570 749 590 ac
774 561 914 600 primum
939 567 1122 597 occurrunt,
1153 560 1285 592 Saulem
1309 561 1364 592 ad-

399 612 529 633 vocasse
570 601 760 639 sacerdotes,
801 604 854 642 qui
897 603 999 634 vocati
1041 603 1151 635 statim
1193 603 1391 635 adsuerunt*

399 655 533 676 numero
553 645 694 685 quinque
714 652 743 675 et
768 645 939 685 octoginta.
973 645 1043 677 Nae
1066 647 1173 678 miseri
1199 657 1364 686 nunquam

398 687 550 727 suspicati
582 694 690 718 essent
714 694 837 719 tantam
862 691 928 719 fore
951 687 1062 720 Saulis
1085 690 1119 720 in
1143 690 1229 729 ipsos
1252 690 1364 720 crude-

398 730 532 761 litatem.
588 730 670 761 Nam
711 731 768 761 etsi
812 736 965 771 tanquam
1007 731 1189 771 perduelles
1226 732 1363 763 accusati

398 773 532 804 fuissent
553 779 583 803 et
607 772 685 804 salso
709 773 849 813 quidem,
873 773 957 814 quod
970 773 1129 806 Davidem
1154 785 1172 806 a
1195 785 1270 814 rege
1293 785 1364 814 pro-

398 816 510 857 fugum
528 816 739 856 excepissent,
763 823 794 847 ct
813 816 1003 856 proditionis
1026 818 1143 849 conscii
1167 817 1365 854 viderentur,
1391 852 1392 855 Ἰ

399 858 576 899 legitimam
602 864 708 889 tamen
734 859 895 890 habebant
917 861 1167 898 excusationem,
1198 871 1259 900 qua
1284 860 1365 890 tueri

398 913 432 932 sc
457 908 604 941 poterant
627 901 652 932 si
678 912 741 932 non
764 902 902 933 furiosus
925 902 1036 933 fuisset
1059 903 1148 934 Saul.
1184 903 1266 934 Nam
1290 912 1367 932 vere

399 951 549 984 poterant
585 943 706 982 dicere,
742 951 806 975 tam
840 944 1090 977 Achimelechus
1123 956 1218 985 quam
1253 945 1365 984 reliqui

398 986 589 1021 sacerdotes.
613 998 646 1018 se
666 987 796 1027 ignaros
815 986 911 1028 fugae
923 987 1058 1019 Davidis
1077 998 1094 1018 a
1115 999 1197 1029 rege,
1221 987 1366 1027 quando-

399 1029 527 1070 quidem
560 1030 681 1060 nemini
713 1040 768 1060 rex
799 1029 987 1062 indicasset:
1025 1038 1056 1062 et
1088 1042 1151 1062 non
1181 1039 1265 1062 esset
1294 1041 1366 1070 pro-

398 1072 578 1110 mulgatum
602 1083 643 1104 ne
666 1072 738 1112 quis
754 1072 915 1104 Davidem
939 1081 994 1104 aut
1017 1074 1128 1105 favore
1152 1074 1257 1112 aliquo
1280 1083 1367 1104 com-

398 1114 604 1155 plecteretur,
628 1121 685 1146 aut
703 1126 738 1146 re
757 1115 823 1146 ulla
845 1116 987 1146 iuvaret:
1013 1117 1095 1156 quod
1119 1116 1190 1147 odio
1203 1115 1366 1146 Davidem

401 1157 482 1189 Saul
514 1157 669 1189 hactenus
699 1157 823 1190 occulto
853 1169 892 1189 ex
923 1169 1011 1190 mera
1040 1158 1229 1190 crudelitate
1260 1169 1367 1198 prose-

402 1207 526 1241 quutus
545 1207 638 1232 esset.
668 1200 783 1241 Itaque
801 1200 981 1232 sacerdotes
1001 1201 1045 1232 illi
1071 1203 1188 1232 iustam
1212 1201 1367 1232 habentes

403 1243 656 1280 excusationem,
690 1254 857 1283 nunquam
893 1245 1046 1284 suspicati
1081 1250 1198 1281 essent,
1235 1244 1365 1275 Saulem

403 1291 469 1317 tam
490 1285 662 1317 crudeliter
681 1287 713 1317 in
736 1286 822 1326 ipsos
845 1287 1050 1324 saeviturum,
1075 1293 1108 1317 ut
1133 1298 1243 1318 omnes
1267 1287 1366 1317 inter-

402 1329 454 1360 fici
485 1327 618 1366 iuberet,
648 1328 854 1368 quamobrem
889 1330 990 1361 vocati
1022 1336 1111 1361 tanto
1134 1340 1268 1360 numero
1291 1340 1365 1361 con-

403 1375 572 1402 venerunt.
618 1370 739 1403 Gravis
769 1377 876 1402 autem
908 1373 967 1403 suit
995 1373 1164 1409 accusatio,
1192 1383 1290 1412 quum
1322 1373 1367 1402 ait

402 1413 474 1445 illos
492 1413 647 1445 adversus
666 1424 774 1454 regem
798 1424 870 1445 cum
894 1415 959 1445 filio
982 1414 1045 1446 lsai
1069 1416 1287 1455 conspirasse:
1310 1414 1365 1446 sed

403 1455 627 1488 Achimelechi
644 1466 796 1497 responso
816 1457 885 1505 regi
906 1457 1105 1489 satistactum
1129 1458 1280 1498 oportuit,
1303 1467 1366 1498 quo

403 1499 482 1530 satis
495 1499 562 1539 regi
576 1509 609 1530 se
623 1497 661 1530 de
673 1499 904 1530 coniurationis
917 1501 1117 1532 accusatione
1135 1506 1366 1548 purgaverant.

404 1540 493 1580 Quin
523 1542 618 1573 etiam
648 1542 674 1573 si
706 1541 789 1582 quod
820 1542 870 1574 hic
893 1542 1014 1574 crimen
1038 1544 1206 1584 punitione
1230 1543 1365 1584 dignum

403 1584 526 1622 fuisset,
549 1584 635 1616 solus
654 1584 861 1616 Achimelech
886 1586 971 1617 illius
995 1596 1064 1617 esse
1089 1596 1161 1617 reus
1186 1586 1365 1618 videbatur.

404 1626 487 1658 Nam
515 1627 583 1667 ipse
604 1626 724 1659 Davidi
756 1638 853 1667 panes
880 1627 950 1659 illos
973 1629 1201 1668 propositionis
1224 1628 1366 1666 dederat,

403 1675 436 1701 et
469 1670 497 1700 ei
531 1669 672 1710 gladium
709 1669 855 1701 Goliathi
893 1670 1076 1703 tradiderat.
1132 1672 1366 1703 Verumtamen

404 1712 654 1749 Achimelechus
676 1723 767 1744 suam
792 1713 1009 1745 innocentiam
1033 1715 1111 1745 satis
1134 1725 1287 1754 responso
1311 1724 1367 1746 suo

403 1755 563 1795 patefacit,
587 1755 670 1795 quod
690 1755 851 1787 Davidem
875 1755 914 1787 ad
938 1757 1028 1797 regia
1050 1757 1178 1797 negotia
1201 1758 1367 1789 dimissum

403 1797 626 1836 arbitraretur,
648 1803 680 1828 et
699 1798 750 1830 his
773 1798 881 1830 verbis
903 1799 1069 1839 exprimit:
1094 1799 1137 1831 Ec
1159 1800 1228 1839 quis
1250 1800 1284 1831 in
1306 1810 1368 1831 om-

402 1840 495 1871 nibus
522 1840 622 1872 servis
647 1841 732 1881 reyis
753 1842 832 1872 sicut
853 1840 962 1873 David
981 1841 1094 1882 fidelis,
1117 1845 1143 1874 et
1163 1853 1256 1883 (jener
1277 1843 1368 1883 reyis,

403 1886 430 1915 et
454 1892 589 1923 peryens
615 1883 658 1914 acl
688 1883 853 1923 imperium
875 1886 972 1922 tuum,
1003 1887 1030 1915 et
1049 1885 1204 1925 ylort'osus
1226 1886 1259 1916 in
1279 1886 1369 1917 domo

401 1925 482 1957 tua?
528 1925 615 1956 Num
644 1925 732 1957 hodie
762 1927 844 1966 coepi
861 1936 921 1966 pro
942 1937 975 1958 eo
996 1928 1150 1959 consulere
1173 1928 1368 1959 Dominum?

401 1968 495 2000 Absit
516 1968 569 2000 hoc
591 1979 611 2000 α
632 1978 690 1999 me.
745 1969 816 2010 Ego
839 1969 938 2010 igitur
971 1980 1027 2009 pro
1051 1969 1177 2001 Davido
1200 1971 1370 2002 consulens

404 2054 542 2087 salutem
574 2053 682 2094 populi
713 2054 846 2086 missum
875 2065 894 2086 a
923 2066 957 2086 10
1047 2066 1146 2103 quare
1175 2057 1278 2087 fausta
1309 2057 1368 2096 ipsi

403 2097 512 2129 omnia
531 2103 681 2136 precatus
701 2107 782 2128 sum.
816 2096 887 2128 Nae
907 2065 1014 2129 νθτίίε
1032 2098 1102 2129 istis
1126 2098 1176 2129 vel
1200 2099 1370 2130 furiosissi-

405 2150 494 2171 mum
508 2139 640 2171 Saulem
664 2146 852 2180 oportuerat
873 2139 1003 2188 placari.
1040 2139 1103 2172 Sed
1127 2140 1249 2171 nullam
1273 2151 1369 2172 excu-

406 2182 565 2214 sationem
596 2181 753 2213 admittit:
784 2192 849 2213 non
879 2183 1004 2214 ratione
1026 2183 1102 2219 ulla.
1135 2193 1238 2223 neque
1262 2185 1370 2224 aequi-

408 2231 473 2256 tate
503 2225 639 2262 ducitur,
671 2225 776 2256 surore
807 2230 1061 2266 praeoccupatus
1090 2236 1185 2257 aures
1216 2226 1370 2258 adversus

405 2269 548 2299 rationes
570 2278 682 2299 01111105
705 2268 842 2300 obturat.
888 2267 997 2307 Quare
1019 2268 1140 2308 inquit:
1183 2268 1285 2300 Blorle
1307 2280 1369 2300 mo-

406 2311 501 2342 rieris
534 2310 734 2350 Achimelech,
768 2314 811 2349 tu,
845 2313 872 2342 et
904 2311 1005 2342 omnis
1038 2311 1148 2342 domus
1174 2312 1282 2351 patris
1313 2313 1369 2343 tui.

407 2353 495 2385 Hinc
525 2353 625 2393 igitur
654 2360 786 2393 apparet
811 2352 941 2386 Saulem
972 2354 1078 2384 surore
1101 2360 1133 2385 et
1154 2353 1281 2385 insania
1304 2364 1370 2385 cor-

408 2403 544 2436 reptum,
575 2402 605 2427 et
636 2407 654 2427 a
677 2396 761 2427 malo
784 2396 900 2435 spiritu
925 2396 1099 2436 impulsum
1124 2397 1234 2428 fuisse:
1259 2407 1370 2436 quem·
1396 2394 1397 2397 ¹

409 2438 581 2469 admodum
613 2439 675 2469 iam
699 2445 773 2469 ante
796 2450 891 2478 saepo
916 2439 1055 2470 vidimus
1077 2439 1224 2479 spiritum
1251 2439 1369 2470 malum

409 2491 427 2512 a
458 2481 598 2512 Domino
630 2482 818 2518 immissum,
849 2492 867 2512 a
897 2492 959 2521 quo
988 2482 1174 2520 vexabatur,
1205 2488 1237 2513 et
1263 2482 1371 2513 furore

410 2524 602 2563 agitabatur,
631 2524 676 2555 sic
707 2532 740 2554 ut
767 2525 798 2554 in
823 2525 966 2555 omnium
991 2531 1210 2564 contemptum
1235 2525 1370 2556 veniret.

409 2566 497 2597 Hinc
520 2566 619 2607 igitur
643 2566 876 2597 horrendorum
892 2567 950 2597 Dei
974 2565 1162 2598 iudiciorum
1188 2578 1302 2608 exemp
1307 2567 1369 2598 lum
1398 2577 1399 2581 ¹

609 2620 646 2639 cx
683 2620 744 2649 quo
778 2615 911 2657 ιιΡ111101
947 2609 1091 2641 homines
1125 2622 1143 2641 a
1174 2609 1244 2641 Dco
1273 2610 1400 2645 semel
1397 2600 1399 2620 ⁴

411 2651 562 2683 derelicto
557 2665 579 2682 s
611 2652 643 2682 in
669 2652 736 2683 dics
756 2652 947 2692 praccipites
972 2663 1064 2683 ruere
1088 2653 1119 2683 in
1142 2653 1293 2693 graviora
1316 2653 1372 2683 fla·
1398 2651 1400 2689 ¹,
1425 2660 1455 2683 et
1487 2654 1689 2684 securitatem
1719 2654 1816 2685 certis
1847 2652 1923 2683 locis
1953 2652 2140 2692 affiguntur.

411 2608 440 2639 11
436 2610 486 2639 il›
486 2620 565 2639 *sinu

1390 383 1391 391 ἵ
1418 358 1488 378 111111
1518 347 1666 387 abyssum
1691 346 1843 385 demergi.

1390 416 1391 428 ,
1417 397 1539 421 tantam
1582 389 1749 420 hominum
1791 389 2032 420 multitudinem
2065 389 2136 420 sine
2169 389 2254 421 iusta
2286 400 2382 422 causa

1417 305 1505 345 gitia,
1534 312 1566 336 et
1589 310 1742 343 tanquam
1767 314 1824 343 per
1847 302 1966 344 gradus
1989 304 2022 335 in
2046 303 2238 344 profundam
2263 305 2381 337 infero-

1889 346 1957 377 Nae
1979 352 2075 377 antea
2099 346 2179 378 Saul
2203 346 2382 380 horruisset

1417 432 1592 464 trucidare:
1613 438 1645 462 et
1664 441 1729 462 non
1749 431 1819 462 ausi
1837 431 1975 463 fuissent
1994 431 2267 472 impudentissimi
2285 433 2382 464 etiam

1390 473 1391 511 Ξ
1418 476 1573 510 homines,
1604 479 1637 505 et
1665 473 1845 505 sacerdotes
1875 474 1948 505 odio
1978 479 2218 514 prosequentes,
2248 480 2316 506 tum
2347 486 2382 508 os

483 516 546 547 Sed
567 517 748 548 accuratius
769 516 846 549 haec
871 517 902 547 in
927 517 1127 558 singulorum
1152 518 1365 558 explicatione
1390 515 1391 521 ¹

1417 519 1574 549 adversus
1594 518 1680 557 ipsos
1699 517 1832 556 aperire,
1853 516 1926 549 licet
1946 517 2064 549 millies
2082 518 2227 558 ipsorum
2247 524 2382 549 mortem

1417 565 1634 600 exoptassent.
1665 559 1902 591 Verumtamen
1922 560 2030 592 nullus
2048 560 2112 591 iam
2131 567 2277 600 superest
2291 560 2382 592 Sauli

1417 611 1450 634 et
1474 602 1631 633 ministris
1654 603 1871 634 excusationis
1894 608 2091 642 praetextus,
2119 602 2382 643 quandoquidem

1418 645 1638 677 Achimeleehi
1673 655 1865 685 responsum
1899 646 1978 676 satis
2011 656 2171 685 superque
2206 646 2383 678 testabatur

1417 688 1619 720 sacerdotum
1662 687 1891 719 innocentiam.
1947 688 2056 727 Quum
2102 699 2177 729 ergo
2222 688 2302 720 Saul
2346 699 2383 721 eo

1418 731 1546 761 devenit
1566 730 1692 768 furoris,
1716 735 1850 770 apparet
1869 741 1908 761 ex
1929 741 1966 761 eo
1986 730 2138 771 reprobos
2161 740 2225 762 non
2250 737 2383 772 repente

1418 773 1485 804 fieri
1510 774 1712 812 turpissimos
1734 781 1767 804 et
1789 773 2067 813 flagitiosissimos:
2097 772 2154 804 sed
2177 773 2383 814 pedetentim,

1418 822 1515 857 prout
1538 815 1639 846 aDeo
1660 816 1826 852 recedunt,
1851 815 1883 846 in
1908 815 2024 847 diaboli
2048 822 2238 856 potestatem
2264 817 2383 855 venire,

1419 859 1517 890 donec
1550 858 1679 889 tandem
1711 859 1745 889 111
1777 859 1870 889 1111113
1893 859 2072 889 animantia
2091 864 2122 889 et
2145 864 2291 891 monstra
2312 859 2387 891 hor-

1419 901 1612 941 rendissima
1625 901 1834 941 degenerent.
1870 901 1987 933 Procul
2003 902 2100 933 dubio
2113 907 2224 932 contra
2238 907 2388 934 naturam

1420 944 1497 975 Saul
1518 945 1550 974 in
1570 949 1618 975 tot
1641 943 1823 976 sacerdotes
1847 944 1971 981 saeviit,
1995 951 2027 975 et
2049 944 2122 975 illos
2140 944 2271 984 quidem
2294 945 2390 976 inno-

1419 993 1539 1018 centes
1583 986 1666 1018 Nam
1697 996 1794 1027 quam
1825 987 2025 1018 occasionem
2052 987 2085 1017 in
2112 987 2199 1028 ipsos
2221 987 2389 1019 saeviendi

1419 1029 1566 1064 habebat,
1589 1040 1688 1070 quare
1708 1030 1741 1060 in
1761 1030 1849 1069 ipsos
1865 1035 2034 1069 tantopere
2052 1030 2312 1069 excandesceret,
2334 1030 2389 1070 qui

1419 1073 1505 1113 regis
1529 1073 1657 1113 negotia
1680 1082 1873 1112 promovere
1896 1072 2140 1113 cogitaverant?
2175 1072 2244 1104 Nae
2267 1073 2293 1104 si
2318 1073 2390 1113 quis

1419 1126 1460 1145 ex
1491 1116 1588 1153 regiis
1611 1115 1805 1146 satellitibus
1829 1126 1937 1155 regem
1962 1115 2111 1147 incautus
2134 1115 2236 1153 feriat,
2265 1121 2389 1147 certum

1420 1164 1468 1189 est
1498 1157 1592 1189 facile
1623 1158 1670 1189 illi
1701 1157 1828 1198 culpam
1861 1157 2115 1195 condonandam,
2147 1159 2338 1199 praesertim
2361 1158 2389 1190 si

1420 1201 1487 1241 regi
1523 1200 1658 1232 studens
1692 1201 1863 1241 inservire,
1899 1208 2027 1240 praeter
2061 1200 2261 1232 voluntatem
2295 1200 2388 1233 illum

1420 1243 1560 1275 laeserit.
1605 1243 1660 1275 Sic
1683 1243 1934 1275 Achimelechus
1964 1248 2102 1275 testatur
2125 1254 2159 1275 se
2182 1244 2268 1284 regis
2290 1254 2389 1285 nego-

1421 1286 1538 1317 tiorum
1571 1296 1669 1317 causa
1700 1286 1773 1317 boui
1805 1286 1925 1317 subditi
1949 1292 2056 1326 partes
2079 1286 2214 1327 implere
2237 1286 2388 1325 voluisse,

1421 1328 1580 1360 Davidem
1601 1335 1632 1360 et
1655 1328 1790 1369 panibus
1813 1336 1845 1360 et
1867 1329 2000 1361 consilio
2022 1329 2173 1360 iuvando.
2206 1328 2286 1361 Saul
2309 1339 2388 1361 vero

1420 1376 1542 1410 contra,
1565 1371 1700 1403 rationis
1724 1372 1880 1403 terminos
1905 1372 2115 1409 transsiliens,
2146 1372 2224 1403 satis
2248 1371 2389 1404 ostendit

1420 1425 1454 1446 se
1478 1421 1510 1445 et
1533 1414 1595 1445 Dei
1619 1420 1651 1445 et
1673 1415 1778 1446 omnis
1802 1414 2012 1446 humanitatis
2034 1414 2180 1445 oblitum.
2220 1414 2301 1446 Nam
2325 1425 2388 1455 qua

1421 1457 1551 1488 tandem
1583 1458 1707 1488 ratione
1736 1457 1769 1488 in
1802 1456 1843 1489 85
1866 1456 2055 1494 sacerdotes,
2087 1464 2119 1488 et
2141 1457 2272 1497 quidem
2295 1458 2388 1490 inno-

1420 1506 1530 1532 centes
1559 1499 1684 1531 saevit?
1730 1499 1992 1531 Abominandum
2022 1510 2100 1531 sane
2129 1506 2161 1531 et
2192 1499 2387 1532 horrendum

1420 1543 1545 1574 facinus
1564 1543 1603 1574 ad
1623 1543 1714 1574 cuius
1733 1543 1951 1574 narrationem
1976 1553 2073 1574 sensu
2097 1542 2203 1583 aliquo
2226 1543 2389 1584 praeditos

1420 1585 1555 1617 horrore
1577 1590 1731 1626 oporteat.

1505 1628 1619 1659 Altera
1670 1627 1872 1660 observanda
1916 1632 2085 1669 praeterea
2134 1627 2387 1667 circumstantia,

1421 1682 1546 1712 nempe,
1567 1681 1680 1702 omnes
1705 1671 1775 1702 illos
1799 1677 1941 1711 gestasse
1964 1670 2078 1711 ephod,
2101 1670 2185 1711 quod
2209 1670 2271 1702 fuit
2291 1681 2387 1704 orna-

1420 1720 1568 1745 mentum
1583 1713 1791 1745 sacerdotale.
1826 1713 1908 1744 Fuit
1921 1714 2050 1753 quidem
2073 1714 2191 1745 summi
2213 1713 2388 1746 sacerdotis

1422 1757 1528 1797 ephod
1551 1756 1730 1797 peculiare:
1761 1756 1814 1788 sed
1840 1755 1955 1796 reliqui
1979 1756 2077 1787 etiam
2101 1755 2284 1789 sacerdotes
2307 1757 2389 1789 eius-

1421 1799 1494 1831 dem
1524 1799 1664 1831 familiae
1694 1799 1798 1840 ephod
1823 1799 1976 1836 ferebant,
2000 1798 2084 1839 quod
2106 1798 2145 1830 ad
2169 1798 2258 1830 illam
2282 1798 2388 1840 digni·

1421 1847 1520 1874 tatem
1545 1847 1676 1882 possent
1698 1842 1878 1882 pervenire.
1918 1841 2071 1882 Papistae
2094 1841 2180 1873 istud
2203 1842 2388 1883 exemplum

1421 1885 1555 1917 ridicule
1591 1891 1669 1916 sunt
1699 1885 1832 1923 imitati,
1870 1890 2024 1925 tanquam
2054 1884 2176 1916 simiae.
2229 1884 2313 1916 Nam
2341 1885 2388 1917 illi

1421 1928 1528 1959 adhuc
1568 1927 1632 1958 tale
1665 1927 1794 1968 aliquod
1831 1932 2059 1959 ornamentum
2095 1932 2248 1968 tanquam
2282 1927 2388 1968 ephod

1422 1971 1572 2002 retinent.
1608 1969 1673 2002 Sed
1698 1971 1742 2001 ita
1755 1970 1886 2002 Domini
1911 1970 2015 2001 nostri
2038 1970 2114 2001 Iesu
2138 1970 2261 2001 Christi
2284 1970 2389 2011 gratia

405 2012 522 2049 Deum,
557 2015 590 2042 et
622 2021 733 2052 preces
767 2022 824 2051 pro
857 2013 926 2052 ipso
954 2011 1083 2050 faciens,
1118 2013 1300 2044 existimavi
1330 2011 1397 2044 ad‘

1421 2014 1584 2054 sepelitur,
1615 2023 1715 2053 quum
1747 2013 1879 2045 umbrae
1902 2012 2022 2053 legales
2043 2018 2254 2044 revocantur:
2277 2019 2309 2045 et
2331 2023 2389 2054 pro

1422 2056 1609 2097 evangelica
1627 2055 1835 2096 simplicitate
1857 2055 2050 2087 Iudaeorum
2075 2055 2159 2087 ritus
2182 2055 2252 2087 sine
2272 2055 2388 2088 funda·

1422 2105 1530 2130 mento
1554 2100 1745 2130 retinentur.
1781 2099 1882 2130 Porro
1905 2097 2010 2139 ephod
2034 2098 2114 2129 illud
2138 2097 2177 2129 de
2200 2108 2262 2138 quo
2285 2098 2388 2139 loqui-

1422 2152 1504 2178 mur,
1535 2147 1762 2173 ornamentam
1791 2141 1852 2172 fuit
1883 2140 2089 2178 sacerdotale,
2119 2140 2158 2171 ad
2183 2140 2388 2173 sacerdot-um

1422 2184 1613 2225 dignitatem
1645 2183 1946 2215 demonstrandam:
1977 2193 2112 2223 quorum
2143 2182 2285 2214 officium
2317 2187 2388 2215 erat

1396 2254 1398 2265 ,
1423 2228 1503 2258 iram
1527 2227 1589 2257 Dei
1613 2226 1770 2258 adversus
1794 2226 1948 2266 populum
1974 2226 2112 2265 placare,
2135 2233 2166 2256 et
2189 2236 2246 2265 pro
2269 2225 2387 2267 populo

1423 2271 1507 2309 apud
1533 2271 1637 2301 Deum
1669 2268 1875 2300 intercedere.
1922 2267 2016 2307 Quod
2047 2269 2078 2299 iu
2103 2267 2247 2299 Domino
2275 2275 2387 2301 nost-ro

1422 2312 1496 2344 Iesu
1521 2312 1651 2344 Christo
1681 2311 1822 2352 perfecte
1851 2311 2060 2351 adimpletum
2086 2318 2144 2342 est.
2188 2311 2388 2343 Nominatim

1423 2363 1528 2386 autem
1560 2355 1612 2386 hic
1644 2354 1681 2385 fit
1703 2353 1805 2394 ephod
1831 2354 1961 2394 mentio,
1992 2353 2032 2384 ad
2057 2352 2165 2385 Saulis
2188 2353 2387 2394 amplifican-

1423 2397 1495 2428 dam
1524 2397 1746 2429 crudelitatem
1775 2402 1809 2428 et
1837 2397 2044 2436 impietatem,
2075 2406 2169 2436 quem
2201 2406 2264 2427 non
2295 2407 2386 2428 sacra

1396 2475 1397 2484 ἵ
1423 2442 1514 2479 signa
1542 2441 1754 2478 retinuerunt,
1783 2450 1864 2480 quae
1888 2439 1978 2471 Deus
2001 2444 2154 2479 tanquam
2178 2439 2271 2479 signa
2295 2439 2386 2480 asyla

1424 2484 1560 2522 propria,
1584 2482 1699 2523 quibus
1719 2481 1899 2514 sacerdotes
1919 2482 1980 2513 tuti
1999 2487 2116 2520 essent,
2136 2480 2277 2512 dederat.
2301 2481 2385 2513 Nam

1424 2531 1545 2555 certum
1583 2532 1631 2556 cst
1659 2525 1714 2556 illa
1745 2525 1806 2556 Dei
1835 2524 1929 2564 signa
1960 2525 2033 2555 data
2061 2523 2281 2556 sacerdotibus
2314 2523 2386 2564 plus
2428 2542 2433 2546 ·

1424 2568 1573 2615 ponderis
1593 2567 1709 2599 habere
1728 2568 1876 2599 debuisse
1895 2577 1988 2607 quam
2013 2566 2174 2606 quaelibet
2195 2577 2307 2607 regum
2314 2534 2387 2598 paut

1398 2611 1605 2658 printiputn
1631 2611 1769 2651 insignia
1794 2610 1842 2641 vel
1875 2615 2054 2645 stemmata,
2090 2619 2172 2649 quae
2186 2609 2234 2683 ssd
2258 2609 2383 2650 asylum

2219 2662 2276 2683 eus
2298 2652 2381 2683 enim
