2551 3044
346 183 408 215 211

357 289 439 320 quae
464 278 552 308 Dens
583 286 640 315 pro
670 285 728 306 sua
758 275 889 316 egregia
919 276 951 306 in
984 284 1041 306 nos
1065 274 1232 306 voluntate
1255 273 1318 305 lar·
1344 278 1347 316 ζ

358 323 445 362 gitus
477 326 542 353 est,
577 326 608 349 et
639 317 713 348 inde
741 319 887 349 rixarum
919 319 1116 349 occasionem
1149 322 1318 357 quaerunt.

357 366 444 396 b'ane
456 364 482 394 si
496 363 567 402 quis
583 361 699 392 Davidi
719 361 847 392 fecisset
865 362 1037 401 optionem.
1058 360 1151 391 credo
1172 359 1320 400 equidem

353 408 459 447 ipsum
479 416 536 436 sua
559 404 742 436 conditione
766 410 952 435 contentum
979 404 1114 434 libenter
1137 402 1229 434 alteri
1253 413 1319 434 ecs·
1345 401 1347 408 ⁴

356 460 469 481 surum
501 448 598 478 fuisse
628 446 761 487 regendi
788 447 897 487 populi
929 447 1129 487 dignitatem.
1175 446 1258 476 Nam
1289 453 1318 476 et

356 492 433 533 quid
467 492 534 531 ipse
565 490 604 520 (10
634 500 666 520 50
698 489 887 528 profiteatur
918 496 1086 530 postquam
1117 500 1173 519 rex
1206 489 1320 519 suisset
1346 489 1347 506 l

356 536 488 570 electus,
519 541 550 564 et
576 533 664 562 Deus
694 532 786 562 illum
818 532 849 563 in
881 532 1160 563 administratione
1184 533 1321 562 rexisset

355 583 390 609 et
406 578 628 618 gubernasset,
649 575 732 614 quod
753 574 942 606 beneficium
965 585 1126 605 ¹summum
1147 574 1217 604 aliis
1236 573 1320 614 regi—

357 620 418 652 bus
448 630 513 650 non
546 619 603 649 t'uit
636 618 721 648 inter
750 625 862 654 gentes
893 618 1175 653 comnmuicatuin,
1206 627 1320 656 nempe

357 675 392 696 50
422 663 522 693 fuisse
553 662 635 692 sicut
667 671 800 701 puerum
833 671 936 700 nuper
959 661 1150 691 ablactatum
1176 671 1193 690 a
1217 666 1320 690 matre
1346 671 1347 675 ¹

355 717 424 743 sua,
449 716 483 736 se
496 716 560 735 non
575 704 725 734 habuisse
739 714 872 743 magnos
885 704 1027 743 spiritus,
1053 714 1155 742 neque
1175 703 1319 733 animum

357 750 398 781 ad
418 749 591 788 dignitates
610 753 641 776 et
661 747 946 786 praeeminentiam
967 746 1175 786 applicuisse:
1201 751 1231 775 et
1251 745 1320 785 qui·
1346 746 1347 772 ἶ

357 795 431 824 dem
456 789 663 821 111101011111110
687 789 837 826 affirmat,
872 800 906 820 se
938 800 1102 829 nunquam
1132 798 1319 828 aggressum

354 846 407 867 res
427 843 561 873 magnas
582 839 636 863 aut
661 831 779 862 arduas
803 842 899 872 supra
923 843 1016 872 qnam
1041 832 1099 871 ipsi
1124 831 1319 867 conveniret,
1344 848 1347 867 χ

356 878 411 910 sed
426 886 552 915 semper
566 876 596 905 in
613 874 794 905 humilitate
807 875 996 911 ambulasse,
1021 884 1185 914 uunquam
1199 874 1318 904 elatum
1344 888 1346 894 ,

355 931 413 952 sua
448 919 615 958 dignitate.
672 916 940 957 Quandoquidem
976 918 1075 957 igitur
1108 916 1215 947 David
1250 927 1320 948 sese

354 962 517 996 continuit
537 967 654 991 ettam
680 960 824 991 modeste
846 961 947 1000 gessit
971 961 1044 991 lieet
1068 960 1187 1000 regiam
1212 965 1319 999 potes-
1344 972 1346 998 1

355 1010 456 1038 tatem
481 1004 626 1044 adeptus.
651 1003 826 1034 verisimile
850 1011 898 1034 est
922 1003 1011 1034 illum
1036 1014 1111 1034 oves
1136 1008 1319 1042 pascentem

356 1055 390 1081 et
420 1048 580 1088 privatam
612 1047 711 1076 vitam
744 1051 894 1086 agentem
926 1047 1023 1077 fnisse
1054 1056 1111 1077 sua
1136 1051 1223 1076 sorte
1246 1056 1320 1076 con·
1345 1082 1347 1092 y

356 1094 500 1126 tentum,
543 1099 662 1129 neque,
697 1088 724 1120 si
758 1089 846 1119 Deus
881 1090 1097 1129 permitteret,
1132 1088 1170 1119 ad
1205 1088 1347 1119 altiora*

356 1134 578 1174 aspiraturum
614 1132 723 1162 fuisse.
777 1131 885 1170 Quare
920 1142 1017 1171 quum
1054 1143 1071 1162 a
1106 1132 1204 1162 fratre
1235 1142 1321 1162 nunc

356 1183 423 1209 tam
444 1175 556 1207 acerbe
574 1175 767 1214 increpatur,
791 1180 823 1205 et
842 1174 970 1214 quidem
996 1182 1059 1205 tam
1083 1174 1321 1210 contumeliose,

356 1230 490 1257 gravem
520 1218 566 1248 illi
598 1218 695 1248 fuisse
726 1217 879 1248 iniuriam
909 1228 973 1248 non
1003 1219 1119 1248 mirum
1151 1223 1209 1248 est.
1255 1216 1321 1248 Sed

355 1263 448 1294 Deus
477 1262 521 1292 ita
552 1260 634 1292 solet
656 1270 731 1291 suos
754 1260 793 1291 ad
818 1261 1006 1300 patientiam
1031 1271 1189 1291 exercere.
1233 1259 1322 1291 Hinc

355 1306 466 1346 itaque
485 1304 655 1340 discamus,
679 1303 762 1343 quod
783 1308 858 1334 ante
882 1304 983 1343 attigi,
998 1302 1068 1333 Dc«,
1093 1308 1202 1334 nostra
1225 1313 1322 1343 opera

357 1355 470 1380 utente
501 1347 540 1378 ad
572 1347 621 1377 sui
650 1346 792 1376 nominis
821 1345 956 1386 gloriam
990 1346 1259 1385 promovendam,
1291 1350 1323 1376 et

357 1402 418 1423 nos
449 1390 542 1421 donis
565 1389 799 1420 excellentibus
822 1389 925 1419 saneti
949 1389 996 1419 sui
1021 1390 1153 1428 spiritus
1178 1393 1322 1426 ornante,

358 1435 386 1466 si
418 1432 576 1465 inereduli
605 1437 638 1463 et
666 1431 803 1471 improbi
834 1430 982 1463 homines
1011 1432 1091 1463 odiis
1121 1431 1239 1471 iniquis
1262 1441 1322 1462 nos

357 1481 604 1518 persequantur,
635 1480 667 1505 et
696 1474 888 1515 perturbare
917 1484 954 1505 ac
985 1474 1082 1505 veluti
1107 1474 1248 1506 lacerare
1271 1474 1321 1504 ni-

358 1525 486 1556 tantur,
519 1519 680 1558 patienter
710 1517 766 1548 illa
796 1517 904 1548 omnia
935 1518 1032 1557 ferre,
1064 1516 1321 1557 quandoquidem

359 1563 450 1594 Deus
486 1569 629 1592 nostram
664 1560 853 1600 patientiam
887 1559 950 1591 illis
982 1559 1083 1591 modis
1114 1560 1260 1600 explorat
1291 1564 1323 1590 et

359 1611 505 1637 exercet:
529 1611 561 1635 et
581 1610 745 1643 praeterea
764 1613 994 1643 cognoscamus
1013 1614 1075 1633 non
1100 1603 1159 1634 hoc
1183 1603 1322 1639 demum,

358 1647 416 1681 sed
433 1647 544 1678 multis
562 1652 647 1677 retro
661 1646 759 1686 lapsis
778 1645 915 1677 sacculis
926 1646 1042 1677 vitium
1056 1646 1140 1677 istud
1154 1646 1322 1677 hominum

359 1696 486 1723 mentes
515 1699 696 1729 occupasse.
741 1688 805 1719 Sed
831 1689 917 1729 agite
940 1688 1176 1729 perpendamus
1200 1693 1323 1729 quanta

359 1733 515 1766 caecitate
528 1733 694 1769 feriantur,
713 1742 792 1771 quos
805 1732 866 1762 ista
885 1731 954 1762 1005
972 1731 1113 1763 invidiae
1133 1738 1164 1762 et
1182 1731 1323 1763 malitiae

361 1776 462 1808 semel
491 1775 670 1814 occupavit,
701 1780 734 1805 et
765 1775 810 1805 ita
841 1774 1021 1812 fascinavit,
1061 1779 1096 1805 ut
1134 1775 1321 1814 quibuscum

358 1820 439 1860 ipsis
455 1819 497 1850 sit
517 1817 682 1858 negotium
703 1827 767 1848 non
790 1817 929 1855 videant,
952 1822 983 1848 et
1006 1818 1038 1848 in
1061 1817 1190 1848 obvium
1214 1828 1323 1857 quem-

358 1873 423 1903 que
442 1866 562 1893 temere
582 1861 735 1891 ferantur.
766 1860 861 1897 Nam,
881 1870 1008 1899 quaeso,
1028 1860 1102 1900 quid
1127 1860 1186 1890 sibi
1210 1860 1324 1891 volunt

359 1905 469 1937 Eliabi
489 1904 588 1935 verba
607 1903 677 1934 illa:
703 1904 806 1942 Quare
827 1903 946 1941 venisti,
968 1905 995 1934 et
1016 1913 1113 1942 quare
1135 1902 1325 1942 dereliquisti
1349 1908 1350 1915 ¹

355 1947 514 1988 pauculas
545 1956 615 1977 oves
635 1946 709 1977 illas
730 1946 763 1976 in
787 1945 930 1977 deserto?
975 1945 1075 1977 Dicas
1098 1946 1248 1977 Eliabum
1273 1946 1325 1976 1110

360 1991 519 2023 rusticum
553 1989 736 2029 quempiam
771 1987 955 2019 mendicum
988 1988 1191 2029 compellare,
1227 1999 1325 2028 quum

362 2038 473 2065 tamen
497 2032 535 2063 de
559 2032 652 2063 domo
676 2037 812 2071 paterna
836 2031 889 2063 1110
912 2037 1072 2071 ageretur,
1104 2031 1222 2062 Davidi
1247 2042 1325 2071 pau-

363 2076 452 2109 culas
471 2085 549 2106 oves
568 2075 779 2114 exprobrans,
803 2084 882 2114 quas
901 2075 995 2105 etiam
1016 2074 1048 2105 in
1069 2074 1195 2105 deserto
1218 2084 1326 2114 pasce-

363 2124 424 2152 ret.
470 2117 630 2150 Davidem
662 2117 801 2148 libenter
824 2117 967 2148 afficeret
991 2117 1154 2155 dedecore,
1185 2116 1269 2157 quod
1293 2117 1326 2147 111
1352 2112 1354 2143 l

362 2162 473 2202 ipsum
502 2167 609 2192 tamen
635 2166 667 2191 et
690 2163 791 2191 totam
815 2160 916 2199 patris
940 2160 1092 2191 familiam
1117 2159 1326 2191 redundabat.

363 2206 471 2237 Erant
497 2205 583 2235 enim
615 2208 690 2234 tunc
721 2203 918 2234 familiarum
949 2213 1025 2243 opes
1047 2208 1080 2234 et
1103 2203 1254 2234 nobilitas
1277 2213 1328 2242 pe-
1353 2212 1354 2219 ¹

363 2247 484 2279 eudum
504 2257 628 2287 greges.
663 2246 751 2278 Hinc
771 2252 905 2286 apparet
928 2246 1137 2277 vehementes
1161 2245 1232 2276 illas
1256 2256 1326 2285 pas-

363 2291 482 2327 siones,
506 2290 622 2329 quibus
643 2300 711 2320 sese
731 2289 820 2320 velut
840 2289 921 2320 laxis
939 2288 1075 2320 habenis
1098 2288 1201 2329 abripi
1225 2288 1327 2319 homi-
1354 2313 1355 2317 ,

365 2345 425 2365 1105
455 2333 578 2368 sinunt,
610 2338 646 2363 ut
675 2332 744 2363 sino
775 2331 892 2363 iudicio
923 2338 955 2362 et
985 2332 1108 2363 ratione
1139 2332 1171 2362 in
1195 2331 1328 2371 quaevis

366 2377 461 2408 obvia
493 2376 649 2410 serantur,
677 2375 709 2405 in
734 2375 877 2415 ipsorum
901 2374 1038 2406 dedecus
1061 2379 1093 2406 et
1115 2374 1327 2415 ignominiam

365 2419 461 2456 verti,
490 2425 527 2449 ut
555 2419 593 2449 iis
621 2417 790 2449 inferiores
822 2427 891 2449 esse
915 2423 1073 2458 cogantur
1095 2417 1212 2458 quibus
1235 2427 1327 2456 supr-

366 2463 469 2493 riores
497 2472 567 2492 esse
596 2461 757 2492 volebant.
797 2461 903 2492 Tanto
934 2461 1042 2500 itaque
1073 2460 1241 2492 ardentius
1270 2469 1307 2490 0(

364 2509 492 2545 oportet
526 2503 633 2535 Deum
668 2504 802 2543 precari,
844 2510 880 2535 ut
914 2509 1041 2535 nostros
1075 2504 1209 2536 affectus
1242 2501 1310 2533 cobx

364 2547 447 2586 beat,
481 2552 512 2578 ct
553 2557 593 2577 00
623 2557 681 2577 nos
710 2547 796 2578 sinat
824 2546 968 2577 vanitate
994 2550 1026 2578 et
1054 2547 1211 2578 bonorum
1241 2545 1310 2584 cupi

367 2590 468 2621 ditate
519 2589 686 2629 superari,
739 2589 789 2620 vel
835 2589 957 2620 invidia
1001 2589 1125 2620 alienae
1170 2587 1330 2620 felicitatis

364 2632 520 2670 Iaborare,
544 2643 642 2673 quum
663 2632 896 2664 excellentibus
915 2637 1045 2664 ornatos
1068 2631 1160 2664 donis
1180 2642 1232 2663 eos
1255 2641 1329 2662 000-
1354 2642 1358 2655 ι

1179 179 1381 211 HOMILIA
1402 179 1511 211 LXII.

1346 601 1347 616 1
1373 572 1448 604 bum
1480 584 1580 604 unum
1612 574 1740 614 protuli.

1346 805 1347 808 =
1373 788 1506 819 habebis
1545 788 1744 819 occasionem
1774 789 1921 820 mirandi.

2274 183 2336 214 212

1372 274 1553 314 spiciemuS,
1572 274 1606 305 in
1625 274 1710 315 quod
1729 275 1845 307 vitium
1859 275 2011 307 Eliabum
2032 275 2085 308 hic
2104 276 2229 317 lapsum
2252 278 2335 318 aspi-

1345 332 1347 353 :
1372 318 1482 348 cimus.

1459 359 1524 391 Sed
1549 359 1625 400 quid
1649 359 1756 392 David
1780 361 1820 393 ad
1844 361 1900 393 illa
1923 360 2116 402 respondet?
2155 362 2236 401 Quid
2258 372 2335 399 vero,

1376 403 1492 442 inquit,
1514 402 1574 442 feci
1585 403 1602 433 ζ)
1627 404 1778 443 numquid
1796 416 1855 437 non
1875 404 1998 436 verbum
2017 406 2082 436 est?
2104 404 2178 435 Vox
2198 404 2337 436 hebraea

1373 446 1536 486 signifieat
1569 445 1700 477 verbum.
1756 446 1871 488 Itaque
1905 447 2035 487 quidam
2069 447 2113 478 ita
2147 457 2336 487 responsum

1373 487 1513 519 Davidis
1540 488 1807 529 interpretantur,
1831 491 1920 530 quasi
1946 490 2047 521 dieat:
2072 489 2159 529 Quid
2183 490 2241 521 tibi
2263 489 2335 521 vis?

1373 530 1473 562 verba
1495 531 1604 562 inania
1627 531 1809 571 profundis:
1843 533 1917 573 quid
1950 533 1993 564 ita
2023 543 2191 564 succenses
2215 533 2240 563 si
2263 543 2337 564 ver·

1792 575 1859 607 Alii
1888 586 1975 613 vero,
2006 576 2097 615 quasi
2123 576 2217 614 dicat,
2241 576 2335 615 paulo

1373 622 1447 657 post
1472 627 1540 647 rem
1571 616 1610 647 de
1640 627 1704 657 qua
1735 617 1925 658 loquebatur
1956 618 2200 658 perficiendam:
2237 619 2337 650 etita

1373 659 1646 700 comparationem
1685 660 1835 691 instituat
1874 662 2053 701 praesentis
2096 672 2169 693 cum
2211 662 2335 693 futuro:

1374 702 1422 733 Tu
1454 702 1663 733 vehementer
1686 703 1833 735 irasceris
1856 703 1940 744 quod
1964 710 2018 734 tuo
2042 703 2160 736 iudicio
2184 704 2281 736 stulte
2305 710 2338 736 et

1374 750 1494 776 temere
1514 745 1665 785 loquutus
1681 746 1759 776 sim:
1782 746 1836 777 sed
1859 757 1957 787 quum
1982 757 2049 777 rem
2073 748 2242 786 perfecero,
2267 754 2336 779 tum

1974 789 2038 821 Sed
2067 789 2146 821 11300
2177 791 2335 830 expositio

1372 838 1481 862 coacta
1511 836 1569 862 est.
1615 830 1729 871 Itaque
1761 833 1858 863 verba
1880 832 2018 864 Davidis
2040 832 2230 872 simpliciter
2252 834 2336 865 sumi

1372 878 1515 913 possunt,
1550 878 1586 904 ut
1620 880 1668 904 cst
1702 874 1834 914 vulgata
1862 876 2027 915 expositio,
2062 881 2097 906 ut
2124 885 2241 916 nempe
2271 886 2336 907 non

1371 922 1486 957 arguat
1516 916 1649 947 fratrem
1672 916 1840 957 mendacii,
1869 918 1924 948 sed
1948 918 1990 949 sit
2013 923 2186 949 contentus
2206 928 2336 951 accusa-

1372 960 1491 990 tionem
1525 959 1627 998 ipsius
1656 960 1820 1000 repellere.
1872 960 1985 1000 Itaque
2018 961 2078 992 ait:
2115 960 2208 999 Quae
2247 961 2336 1000 dicis,

1372 1003 1472 1033 verba
1505 1007 1590 1039 sunt,
1624 1013 1722 1042 quum
1758 1007 1864 1042 posset
1891 1003 1997 1035 dicere
2029 1014 2097 1035 esse
2122 1003 2336 1035 mendacium.

1372 1045 1421 1076 Tu
1449 1045 1527 1076 (11οἰ5
1559 1055 1610 1076 1110
1642 1046 1769 1076 venisse
1792 1051 1829 1077 ut
1857 1046 2013 1086 praelium
2039 1047 2192 1087 viderem,
2223 1052 2256 1078 et
2279 1047 2337 1078 tibi

1372 1087 1470 1128 probe
1489 1088 1652 1128 cognitam
1672 1088 1856 1129 superbiam
1876 1099 1979 1120 meam
1999 1094 2032 1120 et
2054 1089 2159 1121 cordis
2182 1090 2246 1121 mei
2268 1100 2337 1121 ma-

1373 1131 1492 1161 litiam:
1516 1141 1594 1162 sane
1613 1135 1648 1161 tu
1668 1131 1779 1162 inania
1798 1131 1894 1163 verba
1912 1131 2029 1170 fundis,
2053 1133 2203 1172 nulloque
2224 1132 2337 1164 funda.-

1373 1179 1481 1205 mento
1504 1174 1627 1205 niteris.
1660 1173 1863 1214 Quandoque
1887 1184 1961 1206 vero
1985 1186 2048 1206 vox
2072 1175 2127 1206 illa
2150 1183 2214 1208 ἛἾ
2240 1175 2337 1206 sumi-

1374 1222 1427 1247 tur
1450 1227 1508 1256 pro
1532 1216 1644 1248 ordine
1667 1217 1717 1248 vel
1742 1227 1841 1254 more,
1865 1222 1899 1248 ut
1923 1227 2021 1258 quum
2046 1217 2163 1250 dicitur
2176 1218 2338 1250 Dominus

1374 1264 1484 1291 noster
1503 1258 1592 1290 Iesus
1616 1259 1766 1291 Christus
1785 1259 1901 1290 dicitur
1923 1270 1982 1291 rex
2005 1262 2200 1292 constitutus
2223 1272 2337 1293 secun-

1375 1302 1451 1333 dum
1481 1302 1627 1333 ordinem
1651 1302 1916 1341 Melehisedechi;
1941 1313 2016 1334 nam
2040 1303 2082 1334 ibi
2107 1315 2168 1335 vox
2193 1304 2248 1335 illa
2273 1311 2337 1336 ἾΞἾ

1375 1345 1581 1385 exprimitur.
1627 1344 1733 1384 Quem
1764 1355 1892 1376 sensum
1917 1345 1945 1377 si
1966 1356 2141 1386 sequamur
2163 1347 2260 1378 etiam
2284 1357 2338 1388 op-

1375 1389 1453 1419 time
1475 1387 1655 1428 quadrabit,
1680 1394 1715 1419 ut
1737 1388 1783 1419 ita
1805 1387 1913 1419 David
1937 1388 2044 1420 fratris
2067 1389 2263 1421 calumniam
2288 1400 2337 1421 re-

1375 1431 1489 1471 pellat:
1514 1431 1563 1462 Tu
1586 1441 1638 1462 me
1661 1431 1831 1472 superbiae
1853 1435 1885 1462 et
1907 1432 2120 1472 arrogantiae,
2145 1437 2180 1463 tu
2203 1433 2337 1464 curiosi-

1376 1475 1451 1505 tatis
1484 1474 1664 1512 insimulas,
1699 1484 1741 1505 an
1776 1484 1852 1505 vero
1884 1483 1970 1505 nunc
1999 1475 2138 1514 primum
2168 1476 2200 1506 in
2232 1480 2339 1507 castra

1375 1517 1475 1548 veni?
1517 1517 1600 1547 Nam
1632 1520 1727 1548 antea
1756 1517 1899 1548 vidimus
1921 1516 2081 1548 Davidem
2105 1519 2154 1549 ire
2178 1525 2209 1548 et
2231 1517 2336 1550 redire

1375 1559 1504 1591 solitum
1535 1559 1575 1590 ad
1604 1559 1748 1596 Saulem,
1780 1564 1812 1591 et
1841 1559 1956 1590 deinde
1984 1561 2022 1590 ad
2054 1560 2230 1600 pascendas
2261 1571 2338 1593 oves

1375 1603 1513 1634 reverti:
1555 1606 1650 1642 atque
1684 1602 1859 1634 verisimile
1893 1606 1942 1634 est
1974 1613 2040 1633 non
2074 1603 2134 1635 hac
2167 1614 2233 1635 una
2266 1604 2338 1636 vice

1375 1645 1510 1676 missum
1541 1655 1559 1676 a
1590 1650 1681 1685 patre
1705 1645 1744 1676 ad
1768 1646 1894 1684 fratres,
1924 1644 1962 1676 (10
1985 1645 2100 1686 quibus
2123 1652 2218 1678 antea
2240 1647 2338 1678 etiam

1375 1688 1534 1720 sollicitus
1562 1687 1671 1719 David
1703 1688 1743 1719 ad
1774 1699 1829 1720 eos
1859 1688 2044 1719 invisendos
2067 1689 2202 1720 venerit.
2248 1690 2339 1721 Bene

1374 1732 1484 1771 itaque
1503 1731 1677 1763 conveniet
1696 1731 1748 1763 hic
1766 1741 1890 1769 sensus,
1913 1735 1948 1762 ut
1966 1731 2052 1763 dicat
2071 1743 2133 1763 non
2158 1732 2337 1772 superbiae,

1374 1785 1439 1805 non
1459 1774 1673 1814 arrogantiae,
1697 1785 1761 1805 non
1781 1773 1959 1806 curiositati
1982 1773 2227 1806 adscribendum
2252 1775 2337 1816 quod

1374 1818 1502 1848 venerit
1534 1827 1552 1848 a
1584 1823 1676 1857 patre
1705 1817 1832 1855 missus,
1864 1823 1896 1848 et
1923 1816 2051 1857 quidem
2082 1828 2148 1848 non
2181 1818 2240 1850 1130
2271 1828 2339 1849 una

1376 1860 1444 1891 vice
1478 1864 1510 1890 et
1544 1859 1602 1896 (110,
1638 1859 1693 1891 scd
1724 1860 1901 1892 secundum
1932 1859 2076 1891 ordinem
2104 1867 2136 1891 01
2165 1871 2289 1892 morem
2320 1871 2340 1892 a

1376 1907 1468 1943 patre
1491 1902 1615 1934 servari
1637 1903 1778 1934 solitum.
1817 1903 1860 1935 Et
1883 1903 1928 1934 ita
1951 1913 2007 1934 nos
2031 1902 2122 1934 decet
2145 1902 2339 1935 obtrectato-

1378 1946 1467 1977 ribus
1501 1950 1533 1977 et
1566 1945 1731 1977 maledicis
1764 1956 1799 1977 os
1833 1945 1991 1984 claudere,
2024 1955 2102 1985 quos
2132 1951 2258 1977 certum
2289 1950 2340 1978 051

1378 1989 1496 2020 multos
1523 1988 1589 2019 fore
1611 1999 1748 2029 semper,
1778 1989 1853 2020 licet-
1875 1999 1948 2020 cum
1971 1999 2048 2020 cura
2069 1993 2102 2020 et
2124 1988 2339 2021 sollieitudine

1378 2031 1589 2068 ambulemus,
1613 2036 1646 2063 et
1664 2031 1740 2063 dare
1758 2031 1989 2063 offendiculum
2012 2041 2193 2063 caveamus.
2228 2032 2340 2072 Neque

1378 2075 1464 2105 enim
1495 2073 1668 2114 prohibero
1691 2074 1874 2106 incredulos
1896 2084 2065 2115 possumus
2088 2075 2165 2114 quin
2187 2073 2226 2105 de
2248 2075 2340 2106 nobis

1379 2117 1462 2148 malo
1495 2117 1687 2157 loquantur,
1726 2117 1985 2157 quandoquidem
2016 2127 2142 2157 semper
2173 2117 2211 2148 ad
2240 2117 2339 2148 male-

1379 2160 1465 2191 dicta
1494 2166 1608 2200 guttur
1628 2166 1774 2200 apertum
1799 2160 1928 2198 habent,
1959 2160 2056 2191 etiam
2074 2160 2144 2190 sine
2167 2161 2338 2192 oecssione.

1380 2203 1445 2234 Sed
1474 2202 1550 2243 quid
1581 2202 1680 2243 agas?
1726 2203 1889 2234 Nimirum
1922 2202 2006 2243 quod
2033 2208 2143 2234 monet
2166 2203 2339 2243 apostolus,

1381 2251 1416 2276 ut
1450 2256 1508 2285 per
1541 2245 1680 2286 gloriam
1714 2251 1747 2277 01
1779 2246 2007 2287 ignominiam,
2042 2255 2099 2285 per
2133 2246 2280 2278 convicia
2308 2250 2341 2277 et

1382 2288 1490 2320 laudes
1525 2288 1738 2328 ambulemus,
1772 2289 1896 2329 quoties
1927 2288 1972 2319 ita
1996 2287 2102 2319 visum
2131 2287 2202 2319 Deo
2232 2288 2340 2320 fuerit.

1382 2332 1424 2362 Et
1455 2337 1562 2362 tamen
1594 2341 1721 2372 semper
1744 2332 1849 2372 parati
1872 2331 1971 2363 simus
1993 2331 2032 2361 ad
2056 2331 2287 2364 obtrectatores
2309 2336 2342 2363 et

1382 2374 1552 2405 maledicos
1572 2374 1755 2415 arguendos
1774 2385 1872 2415 quum
1895 2373 2018 2405 malitia
2041 2378 2072 2404 et
2095 2374 2228 2405 effraeni
2252 2385 2341 2406 arro-

1382 2417 1488 2455 gantia
1507 2418 1539 2448 in
1559 2427 1617 2448 nos
1636 2418 1853 2449 surrexerint:
1878 2422 1913 2448 ut
1935 2426 2049 2456 nempe
2073 2416 2226 2456 improbis
2249 2418 2341 2457 igno-

1353 2488 1356 2496 ,
1382 2460 1480 2490 minia
1511 2470 1570 2491 nos
1601 2470 1772 2500 aspergere
1802 2466 1833 2491 et
1862 2461 1995 2492 obruere
2025 2460 2227 2498 conantibus,
2259 2459 2342 2491 bona

1356 2503 1577 2534 ’001150100113
1611 2503 1769 2541 nitamur,
1809 2508 1840 2535 et
1871 2502 2007 2535 veritato
2041 2507 2192 2542 tanquam
2227 2503 2341 2544 clypeo

1355 2536 1357 2582 ¹3
1383 2550 1545 2583 tegamur,
1587 2551 1619 2577 et
1652 2556 1862 2587 quascunque
1895 2544 2070 2578 calumnias
2105 2549 2137 2575 et
2169 2545 2342 2577 maledicta

1383 2588 1584 2627 repellamus.

1468 2631 1512 2662 Et
1539 2631 1578 2662 de
1609 2631 1747 2664 Davidis
1776 2641 1928 2673 responso
1957 2630 2123 2663 hactenus.
2169 2631 2341 2664 Caeterum
