2551 3044
253 192 315 224 649

583 284 825 324 HOMILIA
851 284 893 322 C.

342 372 390 403 13.
414 357 568 410 Dixitque
590 370 619 400 ei
643 368 727 399 Rem.-
752 368 827 399 Νοῑιῑ
849 368 966 406 timere,
990 368 1066 407 qma
1087 366 1221 398 vidisti?

255 415 298 446 Et
326 416 371 446 ait
400 414 511 445 mulier
538 412 580 442 acl
610 411 708 442 Saul.-
738 410 822 442 Deos
851 411 918 442 vidi
948 410 1162 442 adscendentes
1185 409 1222 439 de
1246 408 1248 416 '

255 460 348 489 terra.
381 457 430 487 14.
454 455 607 493 Dixitque
628 454 673 484 ei:
695 453 806 492 Qualis
828 456 870 484 est
891 454 997 492 forma
1018 452 1111 484 eius?
1137 454 1221 491 Quae

253 501 314 531 ait:
344 499 399 530 Vir
425 507 519 530 senes:
541 496 707 534 adscendit,
737 499 763 526 et
785 496 851 535 ipse
881 496 1012 527 amictus
1040 498 1083 526 est
1108 494 1219 533 pallio.

255 542 298 573 Et
326 541 475 573 intellexit
507 539 595 575 Saul,
627 539 707 578 quod
738 538 864 569 Samuel
894 542 981 576 esset,
1008 540 1034 569 et
1056 537 1221 569 inclinavit

253 595 285 616 se
305 593 399 624 super
419 583 531 622 s'aciem
554 591 645 612 suam
668 581 702 612 in
724 583 818 619 terra,
842 584 868 612 et
886 581 1037 612 adoravit.
1065 581 1113 611 15.
1127 579 1222 611 Dicit

253 629 355 658 autem
379 625 503 656 Samuel
527 623 637 654 Sauli:
665 624 767 663 Quare
789 624 979 654 commovisti
997 633 1052 655 me.
1072 621 1222 654 evocando
1246 643 1247 653 i

252 669 321 700 me?
345 668 404 699 Cui
434 667 514 698 dixit
547 666 641 697 Saul.-
671 666 830 706 Anyustia
852 669 894 696 est
917 666 995 697 ‘milii
1017 666 1115 703 valde,
1147 674 1220 695 nam

252 711 420 742 Pleilistaei
443 710 552 741 bellum
575 712 685 749 yerztnt
714 712 820 739 contra
842 719 900 747 me,
931 708 1020 739 Deus
1047 711 1152 739 autem
1174 717 1220 737 re-

251 754 340 786 cessit
364 763 450 788 ame,
470 763 522 783 nec
543 761 591 782 me
605 751 696 782 audit
717 751 864 790 amplius,
887 752 952 782 sive
966 761 1024 790 per
1044 750 1219 789 prophetas,

251 797 315 828 sive
333 806 392 835 per
421 796 552 834 somnia,
582 797 772 833 quapropter
800 795 970 825 inclamari
993 796 1028 833 te,
1058 797 1092 824 ut
1114 793 1221 823 doceas

251 838 326 878 quid
348 839 409 869 sim
420 838 571 877 facturus.
598 837 648 868 16.
663 836 706 868 Et
726 837 771 867 ait
787 836 918 867 Sumne.-
944 836 1026 875 Quid
1046 836 1221 875 interroqas

252 892 309 920 me,
333 891 429 921 quum
449 880 607 911 Dominus
636 880 796 910 recesserit
823 891 842 910 α
872 882 907 917 te,
939 882 966 909 et
996 879 1156 909 transierit
1179 877 1221 908 ad

253 925 411 955 aemulum
432 922 544 954 tuum?
577 922 626 953 17.
652 922 758 953 Faciet
781 922 863 952 enim
886 922 941 952 tibi
965 921 1121 951 Dominus
1142 920 1222 952 sicut

252 966 395 1006 loquutus
424 968 468 997 est
497 965 530 996 in
559 975 656 996 numu
675 975 752 1002 mea,
783 966 809 995 et
836 965 952 995 scindet
983 973 1110 1003 reanum
1134 966 1221 993 tuum

251 1009 289 1040 de
322 1019 417 1039 manu
451 1012 514 1046 tua,
554 1011 580 1039 et
613 1008 700 1039 dabit
729 1007 808 1038 illud
835 1008 983 1046 proi-imo
1017 1010 1066 1037 tuo
1102 1006 1220 1037 David.

252 1051 302 1083 18.
320 1051 402 1091 Quia
424 1061 484 1081 non
507 1051 635 1082 obedisti
657 1051 721 1081 voci
735 1050 875 1085 Domini,
901 1059 995 1089 neque
1013 1049 1115 1088 fecisti
1138 1049 1221 1079 viram

246 1094 370 1134 furoris
399 1094 466 1124 eius
495 1094 531 1124 in
560 1094 703 1124 Amalec:
738 1093 853 1123 idcireo
884 1093 964 1131 quod
988 1092 1120 1131 pateris,
1149 1091 1221 1130 fecit

248 1137 306 1168 tibi
329 1136 484 1168 Dominus
507 1136 604 1166 hodie.

338 1222 471 1254 Saulem
504 1223 586 1252 bona
616 1231 672 1261 spe
704 1220 851 1252 videmus
883 1225 1072 1260 exspectare
1102 1219 1141 1249 ab
1165 1218 1220 1249 illo

250 1263 543 1306 pseudo-Samuele
567 1269 697 1303 gratum
722 1263 850 1302 aliquod
874 1273 1076 1302 responsum,
1099 1272 1161 1301 quo
1180 1271 1219 1291 ex

252 1308 353 1339 tantis
366 1307 527 1348 angustiis
539 1305 775 1346 quodammodo
788 1311 966 1337 recreetur:
993 1310 1219 1336 verumtamen

253 1351 308 1381 ille
338 1354 451 1381 contra
481 1349 544 1380 Dei
575 1349 765 1380 mandatum
791 1349 830 1378 ad
855 1349 1031 1379 veneficam
1063 1346 1219 1387 confugit,

251 1393 396 1432 ideoque,
420 1393 561 1429 obsecro,
592 1392 718 1431 qualem
744 1392 849 1431 potuit
873 1392 1008 1428 exitum,
1033 1391 1094 1421 nisi
1119 1399 1220 1430 grave

253 1435 408 1467 damnum
432 1440 464 1466 et
487 1435 702 1466 infortunium
721 1434 932 1474 exspectare?
957 1433 1022 1466 Sed
1046 1434 1091 1464 ita
1114 1432 1220 1463 solent

251 1478 315 1509 Dei
349 1481 590 1517 contemptores
621 1477 682 1509 sibi
715 1487 816 1508 vanas
845 1487 919 1516 spes
947 1477 1086 1517 fingere,
1122 1485 1219 1515 seque

251 1525 367 1561 sponte
391 1519 546 1559 decipere,
571 1523 604 1551 et
622 1519 765 1551 subsidia
781 1530 867 1550 vana
886 1519 1056 1559 fabricare,
1079 1523 1115 1549 ut
1128 1517 1219 1549 docet

253 1563 423 1604 propheta.
446 1561 668 1594 Nihilominus
692 1569 800 1593 tamen
826 1562 906 1594 Saul
929 1573 987 1594 sua
1009 1567 1124 1602 sponte
1148 1570 1219 1591 cae-

253 1607 387 1643 cutiens,
411 1606 613 1636 fortunatum
637 1604 759 1645 aliquid
779 1605 838 1636 sibi
861 1605 1040 1645 pollicetur.
1081 1603 1219 1642 Quaerit

251 1648 351 1688 igitur
373 1659 414 1679 ex
432 1647 582 1679 muliere:
617 1647 701 1687 Quid
722 1648 842 1688 viderit,
872 1659 953 1688 quae
976 1646 1159 1687 respondet,
1188 1655 1220 1676 se

252 1691 338 1723 Deos
359 1691 475 1723 vidisse
498 1700 535 1722 ea:
556 1693 642 1722 terra
660 1691 884 1723 adscendentes.
908 1691 959 1722 Ex
977 1690 1092 1730 quibus
1112 1689 1220 1720 verbis

253 1738 388 1775 apparet
411 1744 466 1765 eos
496 1743 608 1764 omnes
638 1734 693 1773 qui
716 1733 755 1764 ad
785 1734 902 1765 diaboli
934 1733 1125 1773 praestigias
1149 1731 1219 1763 ani-

253 1787 345 1808 mum
369 1776 527 1808 adiiciunt
557 1776 602 1807 sic
632 1781 740 1807 mente
762 1776 956 1816 perturbari,
988 1781 1025 1806 ut
1048 1775 1219 1806 obscuram

256 1819 310 1851 vel
339 1819 448 1859 potius
478 1818 602 1849 nullam
638 1818 677 1849 de
707 1818 778 1849 Deo
812 1819 1031 1860 cognitionem
1067 1817 1219 1849 habeant.

252 1862 414 1901 Exemplo
437 1866 505 1892 esto
529 1860 647 1892 mulier
671 1861 750 1893 haec
774 1861 814 1892 ab
833 1861 1014 1894 Abrahami
1033 1861 1133 1900 stirpe
1156 1860 1220 1891 ori-

252 1904 350 1940 unda,
381 1914 417 1935 ac
440 1902 575 1944 proinde
598 1904 631 1934 in
660 1903 732 1944 lege
755 1914 792 1934 ac
814 1915 889 1935 vera
919 1904 1075 1944 religione
1099 1903 1220 1939 edocta,

253 1952 286 1978 et
308 1947 359 1978 cui
383 1946 520 1987 proinde
533 1950 645 1976 uotum
664 1956 733 1977 esse
749 1947 860 1978 debuit
880 1947 959 1977 illud
972 1946 1104 1977 Domini
1128 1956 1219 1986 prae-

253 1994 393 2030 ceptum,
417 1988 521 2020 Israel
544 1989 676 2019 unicum
690 1989 795 2020 Deum
819 1989 962 2028 habebis,
985 1999 1082 2028 quam
1102 1988 1220 2020 doctri-

253 2042 328 2064 nam
354 2032 404 2063 vel
428 2032 506 2071 ipsis
529 2031 708 2062 infantibus
730 2036 838 2062 notam
862 2042 932 2063 esse
953 2032 1105 2072 oportuit.
1131 2030 1220 2070 Quo-

255 2075 351 2106 modo
376 2085 452 2105 vero
475 2074 540 2104 iam
565 2074 673 2105 vetula
692 2074 810 2105 mulier
827 2074 883 2105 illa
905 2073 1092 2115 ignoravit?
1117 2073 1221 2104 Nimi-

253 2127 336 2154 rum,
372 2123 409 2148 ut
442 2121 518 2148 ante
552 2116 629 2153 dixi,
664 2122 760 2156 prout
792 2116 941 2148 homines
975 2127 994 2148 a
1023 2116 1085 2148 Dei
1123 2116 1222 2147 verbo

253 2159 411 2191 recedunt
440 2159 552 2190 multis
581 2159 677 2189 etiam
708 2159 916 2199 implicantur
945 2159 1116 2195 erroribus,
1149 2164 1181 2189 et-
1204 2169 1223 2188 a

255 2202 381 2233 diabolo
404 2202 450 2232 sic
470 2201 673 2232 fascinantur
690 2206 727 2232 ut
743 2202 868 2232 nullam
887 2207 1010 2233 certam
1031 2202 1222 2243 religionem

256 2244 407 2275 habeant.
432 2243 470 2276 Si
488 2245 559 2283 quis
578 2243 662 2275 hanc
678 2244 832 2274 feminam
850 2246 1081 2285 interrogasset
1097 2244 1222 2284 plures-

256 2297 297 2317 ne
328 2286 403 2318 deos
426 2286 502 2326 esse}
525 2286 736 2324 existimaret,
766 2286 898 2318 unicum
922 2297 990 2318 esse
1002 2286 1111 2318 Deum
1135 2297 1222 2317 sum—

256 2339 345 2360 mum
367 2330 453 2360 fassa
464 2329 587 2364 fuisset,
612 2329 667 2360 sed
686 2328 817 2359 interim
831 2329 958 2360 videtur
976 2330 1037 2369 ipsi
1050 2329 1224 2360 multitudo

256 2372 422 2403 minorum
446 2371 579 2402 deorum
610 2381 681 2402 esse
705 2381 807 2411 posse.
853 2371 926 2403 Non
954 2372 1049 2403 aliter
1071 2371 1166 2403 hodie
1188 2372 1222 2402 in

257 2419 379 2455 papatu
410 2418 540 2445 sanctos
570 2420 765 2454 sanctasque
794 2413 861 2445 suis
897 2414 1050 2454 gradibus
1082 2414 1224 2445 discerni

258 2457 416 2494 videmus,
440 2456 516 2488 licet
530 2455 623 2487 Deus
645 2456 794 2496 superior
814 2456 880 2487 illis
903 2457 1052 2488 omnibus
1075 2466 1224 2496 agnosca-

257 2502 323 2530 tur.
347 2499 441 2538 Quae
463 2498 607 2530 confusio
630 2499 706 2530 facit
730 2504 766 2529 ut
790 2499 880 2530 Deus
902 2499 936 2530 in
959 2499 1016 2530 illa
1038 2505 1224 2531 sanctorum

258 2541 468 2573 multitudine
480 2546 512 2572 et
531 2541 627 2572 turba
641 2541 696 2572 vix
710 2541 842 2572 tandem
862 2546 1066 2581 agnoscatur,
1080 2542 1136 2573 sed
1149 2552 1223 2573 cum

259 2584 410 2616 omnibus
433 2584 553 2615 sanctis
577 2584 820 2624 permisceatur,
843 2584 926 2623 quod
941 2584 1055 2615 vitium
1073 2584 1224 2615 omnibus

259 2626 398 2659 saeculis
420 2626 597 2658 obtinuisse
620 2626 788 2657 videmus:
817 2636 891 2657 nam
917 2626 1037 2657 ethnici
1060 2627 1224 2658 existima—

894 190 937 220 [Ν
962 189 986 219 I.
1013 189 1099 219 LIB.
1124 187 1324 219 SAMUEL.
1349 186 1446 218 CAP.
1472 188 1638 220 XXVIII.

2174 190 2236 220 ‘'i-⁷30

1274 285 1352 311 runt
1371 282 1503 321 angelos
1516 292 1586 312 esso
1598 281 1752 321 quosdam
1767 281 1933 319 semideos,
1957 282 2017 312 etsi
2041 282 2234 321 principium

1274 323 1360 354 istud
1386 324 1598 359 retinuerunt,
1623 335 1692 355 esse
1711 325 1850 364 aliquem
1874 325 2082 364 praecipuum
2104 323 2234 354 illorum

1274 371 1458 405 parentem:
1498 366 1553 396 sed
1586 373 1692 397 tamen
1725 368 1770 397 ita
1804 367 1977 398 voluerunt
2012 373 2118 397 atrum
2154 367 2235 405 albo,

1273 408 1377 439 lucem
1401 419 1473 439 cum
1498 409 1648 446 tenebris,
1676 416 1710 440 ut-
1733 410 1833 445 aiunt,
1857 410 2060 449 permiscere,
2084 409 2167 447 quod
2189 416 2235 439 ta-

1274 460 1347 481 men
1378 451 1449 481 fieri
1476 451 1564 481 nullo
1588 452 1681 482 modo
1705 458 1818 491 potest.
1859 452 1926 482 Nos
1950 462 2026 482 vero
2057 459 2167 482 contra
2190 452 2236 483 sic

1274 492 1380 523 Deum
1396 494 1527 524 unicum
1541 494 1636 524 deum
1651 505 1816 525 summum
1837 495 1934 525 verbo
1947 504 2005 525 suo
2029 494 2119 524 uobis
2144 501 2234 533 pate·

1274 536 1393 566 factum
1424 536 1626 572 intueamur,
1658 542 1692 567 ut
1723 537 1872 567 omnibus
1906 537 2085 573 erroribus,
2123 537 2235 575 imagi-

1273 578 1458 608 nationibus
1493 585 1523 608 et
1558 579 1762 610 illusionibus
1796 579 1961 610 diabolicis
1996 580 2234 618 renunciemus,

1273 621 1543 659 quemadmodum
1568 632 1622 651 uos
1637 622 1746 651 multis
1762 622 1837 652 locis
1851 632 1939 652 sacra
1953 622 2043 652 docet
2065 622 2234 660 scriptura,

1273 669 1304 692 et
1335 663 1368 692 in
1399 664 1510 702 primis
1540 664 1695 703 propheta
1726 664 1818 700 dicit,
1851 664 2028 694 Dominum
2055 663 2234 694 exaltatum

1273 706 1322 742 iri,
1354 705 1439 736 idola
1462 716 1541 736 vero
1565 708 1672 737 onmia
1702 707 1892 743 corruitura,
1922 707 2098 737 Dominum
2124 707 2234 745 cogni-

1273 754 1342 778 tum
1367 749 1415 785 iri,
1440 748 1515 778 deos
1539 758 1647 779 autem
1669 749 1870 779 ethnicorum
1888 749 2027 779 ruituros
2040 756 2071 779 et
2095 748 2235 779 occultos

1273 790 1353 821 fore.
1399 791 1534 821 Certum
1566 791 1665 831 igitur
1696 797 1743 821 est
1768 802 1824 821 nos
1849 791 1950 822 donec
1974 792 2013 821 ad
2038 801 2148 821 veram
2174 790 2234 821 Dei

1273 834 1490 874 cognitionem
1516 835 1768 873 pervenerimus,
1800 841 1830 864 ct
1860 834 2034 873 puritatem
2059 843 2095 864 ac
2117 834 2236 863 sancti-

1274 882 1371 906 tatem
1397 876 1560 906 doctrinae
1574 877 1699 916 sequuti
1724 877 1878 907 fuerimus
1892 887 2018 915 semper
2042 876 2235 914 irrequietos

1273 919 1349 955 foro,
1381 926 1411 949 et
1441 919 1592 949 inanibus
1622 919 1904 958 superstitionibus
1935 919 2083 949 delusum
2115 919 2164 956 iri,
2196 928 2236 949 ex

1273 962 1389 1001 quibus
1418 961 1527 992 nullus
1559 972 1699 1000 unquam
1731 962 1824 991 detur
1852 964 1966 991 exitus.
2013 960 2136 991 Contra
2160 971 2236 991 vero

1273 1005 1299 1034 si
1314 1004 1376 1035 Dei
1400 1004 1572 1034 veritatem
1597 1004 1836 1043 agnswerimus,
1860 1009 1890 1034 et
1914 1004 1969 1034 illa
1992 1003 2060 1034 sola
2082 1004 2236 1040 nitamur,

1273 1054 1304 1077 et
1339 1058 1417 1086 pure
1452 1047 1595 1077 colamus
1627 1046 1666 1076 ab
1701 1047 1851 1077 omnibus
1892 1046 2175 1085 superstitionibus
2205 1052 2237 1076 et

1273 1090 1459 1129 ignorantia
1491 1090 1558 1119 fore
1589 1089 1720 1119 alienos.
1767 1089 1809 1119 Et
1833 1089 1989 1119 hactenus
2009 1088 2048 1118 de
2072 1088 2133 1119 ista
2158 1097 2236 1118 voce

1272 1133 1342 1163 deos
1360 1142 1398 1163 ecc
1420 1134 1501 1163 terra
1524 1132 1715 1162 adscendere.

1359 1174 1439 1205 Saul
1454 1185 1529 1204 vero
1552 1181 1663 1205 contra
1687 1174 1779 1213 petiit
1791 1184 1871 1213 quae
1892 1173 1991 1203 forma
2005 1179 2088 1203 esset
2102 1173 2234 1204 adscen-

1275 1218 1381 1248 dentis
1405 1227 1504 1256 quum
1529 1218 1648 1256 optime
1663 1217 1757 1246 sciret
1777 1226 1878 1246 unum
1896 1221 2022 1246 tantum
2037 1226 2113 1252 esse,
2138 1225 2236 1255 quare

1274 1260 1391 1291 mulier
1411 1259 1586 1299 respondit,
1614 1259 1717 1289 virum
1731 1268 1839 1289 senem
1857 1258 2062 1296 adscendere,
2086 1259 2140 1297 qui
2153 1266 2237 1289 esset

1273 1303 1411 1334 amictus
1439 1302 1552 1341 pallio,
1583 1306 1614 1332 et
1643 1306 1713 1332 tum
1746 1301 1876 1332 Saulem
1907 1307 2136 1340 agnoscentem
2167 1311 2236 1331 esse

1273 1345 1461 1377 Samuelem
1474 1345 1680 1376 inclinavisse
1691 1344 1803 1374 faciem
1827 1345 1860 1374 in
1874 1349 2001 1379 terram,
2026 1350 2055 1373 et
2072 1347 2235 1382 spectrum

1271 1388 1351 1419 illud
1382 1388 1504 1419 honore
1537 1397 1656 1427 magno
1687 1386 1833 1417 coluisse.
1879 1387 2061 1425 spectrum,
2096 1386 2236 1425 inquam,

1273 1431 1433 1471 siquidem
1464 1434 1588 1461 certum
1618 1435 1667 1460 est
1690 1440 1753 1459 non
1782 1429 1881 1459 fuisse
1904 1438 2016 1459 verum
2039 1427 2236 1465 Samuelem,

1272 1484 1376 1513 neque
1407 1473 1494 1503 enim
1525 1482 1665 1511 unquam
1694 1471 1784 1502 Deus
1812 1471 2012 1510 permisisset
2043 1481 2137 1501 suum
2161 1480 2235 1510 pro-

1272 1517 1404 1557 phetam
1428 1516 1546 1546 talibus
1571 1515 1733 1545 diabolicis
1749 1513 2023 1544 coniurationibus
2037 1512 2160 1544 subiici.
2185 1513 2236 1544 En

1272 1560 1358 1590 enim
1398 1559 1574 1589 veneficam
1609 1562 1754 1588 mortuos
1789 1568 1830 1587 ex
1867 1556 2002 1586 infernis
2036 1562 2235 1592 evocantem,

1273 1603 1380 1642 ecquis
1411 1611 1488 1632 vero
1521 1601 1624 1631 Deum
1661 1599 1835 1630 arbitretur
1868 1598 2009 1629 voluisse
2045 1598 2236 1637 prophetam

1272 1654 1366 1676 suum
1390 1644 1443 1675 isti
1472 1642 1669 1683 ignominiae
1700 1642 1871 1679 subiicere,
1905 1642 1996 1680 quasi
2028 1640 2174 1671 diabolus
2204 1641 2238 1671 in

1272 1693 1458 1719 sanctorum
1482 1696 1617 1725 corpora
1639 1690 1669 1715 et
1694 1685 1827 1722 animas,
1851 1694 1931 1724 quae
1951 1689 2027 1714 sunt
2052 1684 2085 1713 in
2098 1682 2161 1713 Dei
2185 1689 2234 1713 tu-

1272 1731 1345 1765 tela,
1368 1733 1560 1769 potestatem
1586 1727 1727 1758 habere?
1753 1728 1914 1758 Dicuntur
1937 1726 2024 1756 enim
2048 1731 2235 1756 sanctorum

1272 1773 1399 1804 animae
1430 1772 1604 1811 quiescere,
1635 1775 1666 1801 et
1694 1771 1726 1800 in
1756 1769 1826 1800 Deo
1859 1769 1966 1799 vivere
1998 1769 2125 1799 beatam
2148 1767 2238 1798 illam

1272 1815 1541 1847 resurrectionem
1572 1818 1806 1852 exspectantes.
1845 1810 1972 1842 Deinde
1996 1821 2074 1841 vero
2097 1811 2239 1848 obsecro,

1273 1857 1450 1890 Samuelne
1480 1857 1616 1895 pallium
1647 1865 1740 1886 suum
1771 1855 1805 1885 in
1836 1854 2020 1893 sepulcrum
2052 1853 2150 1883 tulit?
2186 1850 2261 1883 Ex'

1273 1902 1388 1942 quibus
1411 1905 1543 1939 apparet
1567 1908 1692 1929 merum
1712 1897 1796 1928 istud
1814 1897 1912 1927 fuisse
1925 1902 2098 1936 spectrum,
2124 1895 2237 1925 mulie=

1273 1945 1380 1983 risque
1403 1942 1497 1973 istius
1520 1951 1634 1972 sensus
1656 1941 1761 1971 elusos
1784 1940 1891 1975 fuisse,
1922 1945 1958 1969 ut
1982 1937 2167 1969 Samuelem
2191 1938 2239 1968 vi—

1274 1987 1349 2017 dere
1368 1996 1410 2021 se,
1435 1985 1489 2024 qui
1503 1988 1609 2014 tamen
1625 1993 1686 2013 non
1702 1989 1780 2021 erat,
1804 1982 1989 2012 arbitretur.
2016 1980 2081 2012 Sed
2100 1980 2145 2010 ita
2158 1980 2239 2011 solet

1275 2030 1365 2060 Deus
1396 2027 1521 2058 diabolo
1554 2026 1643 2057 laxas
1672 2025 1813 2055 habenas
1842 2024 2037 2064 permittere,
2068 2028 2104 2053 ut
2128 2032 2238 2053 eorum

1274 2071 1420 2103 omnium
1445 2070 1553 2101 oculos
1577 2076 1607 2099 et
1631 2078 1744 2099 sensus
1763 2077 1874 2097 omnes
1898 2066 2104 2106 perstringat,
2128 2065 2183 2104 qui
2206 2076 2240 2095 se

1275 2114 1337 2144 Dei
1362 2112 1491 2144 veritati
1521 2116 1636 2151 sponte
1665 2121 1729 2141 non
1762 2110 1944 2144 subiiciunt,
1976 2116 2006 2139 et
2034 2107 2239 2138 mendacium

1275 2157 1365 2196 sequi
1389 2155 1524 2186 malunt.
1572 2154 1657 2184 Hinc
1686 2153 1777 2184 facile
1807 2162 1977 2191 possumus
2007 2150 2158 2191 colligere
2181 2151 2239 2180 mi-

1276 2210 1366 2230 seros
1390 2199 1469 2229 istos
1492 2197 1664 2231 veneficos,
1687 2205 1822 2235 quorum
1837 2193 1930 2224 hodie
1946 2203 2101 2233 magnam
2115 2193 2240 2232 copiam

1276 2241 1434 2277 videmus,
1459 2239 1668 2271 vehementer
1691 2237 1758 2268 falli
1782 2247 1881 2276 quum
1904 2246 1937 2267 se
1957 2235 2075 2266 diaboli
2099 2245 2240 2275 synago-

1277 2295 1350 2325 gam
1375 2283 1511 2323 ingredi,
1542 2288 1573 2312 et
1604 2282 1637 2311 in
1669 2281 1723 2311 illa
1754 2280 1879 2311 choreis
1908 2284 1939 2310 et
1963 2278 2034 2309 aliis
2057 2277 2240 2309 istiusmodi

1276 2327 1455 2366 indulgere,
1479 2330 1511 2356 et
1534 2324 1604 2355 cibo
1629 2333 1665 2354 ac
1688 2328 1765 2363 potu
1788 2322 1877 2353 refici
1901 2321 2045 2352 credunt.
2081 2319 2242 2360 Equidem

1277 2371 1378 2401 fateor
1403 2369 1476 2399 illos
1505 2367 1568 2398 ista
1599 2376 1675 2397 vera
1705 2364 1872 2400 arbitrari,
1906 2370 1937 2394 et
1968 2364 2058 2403 quasi
2094 2362 2243 2394 sensibus

1278 2410 1529 2452 apprehendere,
1553 2409 1608 2439 sed
1632 2408 1742 2439 divino
1765 2407 1797 2437 id
1817 2407 1886 2438 fieri
1906 2406 2023 2438 iudicio
2043 2412 2166 2436 certum
2184 2410 2242 2443 est,

1278 2454 1404 2485 diabolo
1434 2453 1570 2484 faciente
1600 2456 1794 2491 potestatem
1825 2449 1895 2480 illos
1919 2447 2128 2485 excaecandi,
2159 2447 2242 2487 quod

1278 2497 1349 2527 Deo
1375 2496 1496 2527 viventi
1521 2493 1760 2525 renuntiarint:
1783 2492 1918 2531 ideoque
1942 2491 2031 2531 digni
2055 2491 2119 2521 sint
2134 2490 2188 2530 qui
2211 2491 2243 2520 in

1278 2538 1419 2570 tenebris
1450 2541 1638 2572 versentur,
1674 2541 1706 2566 et
1740 2540 1895 2574 tanquam
1919 2534 2059 2565 Satanae
2082 2532 2246 2571 mancipia

1279 2588 1401 2612 temere
1423 2580 1581 2615 ferantur,
1606 2578 1698 2609 inscii
1715 2577 1792 2617 quid
1816 2577 1938 2608 faciant
1950 2586 2054 2616 quove
2077 2575 2146 2607 loco
2170 2575 2244 2606 sint.

1279 2625 1393 2664 Neque
1422 2622 1542 2653 mirum
1568 2620 1670 2652 videri
1702 2620 1795 2651 debet
1823 2619 1868 2651 sic
1898 2619 2027 2650 illorum
2051 2628 2167 2649 sensus
2190 2617 2245 2648 ob-
