2551 3044
176 204 235 235 173

175 308 256 335 mus,
287 302 318 328 et
342 297 404 328 Dei
434 297 555 338 gratiae
578 297 647 328 fieri
671 296 850 336 participes,
879 295 918 326 ab
942 306 978 326 eo
1001 294 1134 335 accipia-

175 350 246 371 mus
270 340 323 380 qui
348 346 539 380 potestatem
573 340 667 371 habet
697 350 735 370 ea
764 338 951 371 conferendi
975 348 1056 378 quae
1079 348 1136 377 pcr

177 383 268 421 signa
292 389 527 423 repraesentat:
559 382 676 413 futuris
699 382 838 421 alioquin
862 381 962 421 signis
986 380 1048 411 illis
1071 390 1135 411 om-

177 425 270 456 nibus
292 425 441 456 inanibus
465 431 496 455 et
519 425 678 456 illusoriis.

264 467 390 498 Deinde
414 467 661 504 observandum,
689 467 793 498 Deum
818 466 942 506 aliquos
965 470 1134 497 vocantem

178 510 218 541 ad
249 510 376 549 aliquod
410 509 637 547 ministerium,
671 510 783 540 iisdem
819 510 914 539 etiam
948 507 1135 539 facultatem

178 563 295 583 munus
319 551 398 582 illud
422 551 461 581 ad
477 552 559 591 quod
581 560 737 583 vocantur
757 551 910 591 implendi
923 550 1135 591 suppeditare.

178 595 271 627 Nam,
301 601 335 624 ut
365 594 411 624 ait
440 594 570 630 Paulus,
607 606 668 625 non
702 605 813 624 sumus
844 600 958 624 natura
989 593 1066 624 satis
1097 591 1137 623 ad

178 638 258 668 istas
280 637 462 667 functiones
487 636 608 667 idonei:
632 637 719 667 solus
742 637 832 668 Deus
855 647 945 667 suam
970 636 1136 667 ecclesiam

179 680 271 719 regit,
296 684 327 709 et
350 679 383 709 in
408 678 528 709 mundo
551 679 659 709 omnia
683 680 896 710 administrat.
932 678 1041 718 Quare
1064 684 1135 708 tan-

177 727 246 752 tum
260 722 349 752 abest
361 725 397 752 ut
416 721 458 751 sit
477 721 593 760 aliquis
612 721 744 752 idoneus
764 722 801 752 ad
817 722 970 762 populum
987 721 1136 761 aliquem,

179 771 234 795 aut
264 764 304 794 ad
334 762 500 795 ecclesiam
532 764 594 794 Dei
626 763 809 804 regendam,
842 773 877 794 ut
907 774 947 795 ne
978 763 1137 804 regendae

178 806 306 846 quidem
341 806 481 837 familiae
515 806 664 843 sufficiat,
700 807 759 838 nisi
789 811 898 838 sancto
927 806 989 837 Dei
1020 805 1137 846 spiritu

179 854 321 889 regatur.
367 849 437 879 Imo
461 859 500 879 ne
524 860 557 880 so
587 849 715 889 quidem
746 849 870 889 aliquis,
898 849 999 880 multo
1028 848 1137 879 minus

177 891 333 923 familiam
357 892 485 928 rexerit,
509 892 577 922 sine
601 893 701 923 sancti
726 892 857 931 spiritus
881 892 972 923 dono.
1017 890 1137 930 Quam-

179 934 289 965 obrem
314 935 339 965 si
364 934 508 965 homines
533 939 648 965 natura
671 935 757 965 omni
783 934 864 965 bono
889 935 979 965 vacui
1001 938 1087 971 sunt,
1106 937 1137 963 et

180 976 220 1007 ad
243 987 338 1007 omne
361 976 480 1007 bonum
503 977 643 1014 inutiles,
674 977 771 1007 immo
802 978 828 1007 si
853 988 892 1008 ne
914 986 1043 1008 movere
1067 975 1135 1016 qui—

179 1019 250 1050 dem
282 1019 394 1059 pedem
425 1019 493 1049 sine
518 1019 579 1049 Dei
610 1020 714 1059 gratia
744 1027 887 1059 possunt,
917 1020 988 1059 quis
1017 1029 1074 1059 per
1103 1029 1137 1049 se

178 1061 312 1092 idoneus
342 1062 404 1091 erit·
434 1062 473 1092 ad
503 1073 621 1092 munus
651 1062 862 1102 quodcunque
894 1062 1022 1093 tandem
1059 1060 1136 1092 illud

177 1105 220 1135 sit
241 1104 492 1144 exsequendum,
517 1105 577 1135 nisi
602 1116 619 1135 a
639 1104 708 1135 Deo
731 1105 956 1136 sufficientiam
981 1102 1135 1144 accipiat?

179 1157 278 1187 quare
309 1157 419 1177 omnes
449 1147 559 1178 divina
589 1158 648 1187 ope
672 1154 702 1177 et
726 1147 846 1178 auxilio
869 1147 1026 1187 indigent.
1071 1146 1136 1185 Qui

178 1199 254 1230 ergo
278 1189 317 1220 ad
341 1200 467 1220 summa
490 1200 598 1220 rerum
628 1190 845 1230 gubernacula
874 1190 996 1230 sedent,
1026 1189 1137 1220 multis

178 1232 361 1269 virtutibus,
392 1238 470 1272 puta
502 1232 690 1273 prudentia,
727 1233 875 1269 consilio,
910 1231 1136 1272 intelligentia,

176 1275 341 1314 sapientia,
366 1275 550 1315 integritate
570 1281 600 1305 et
620 1275 755 1306 candore
775 1276 813 1306 ad
835 1286 952 1306 munus
970 1274 1137 1315 perficien-

177 1317 253 1348 dum
277 1317 440 1357 indigent:
465 1318 519 1348 sed
543 1318 612 1358 quis
635 1328 697 1357 eas,
725 1318 863 1354 obsecro,
895 1316 1133 1358 suppeditabit?

177 1359 263 1391 Sane
296 1360 423 1399 profani
446 1360 592 1391 homines
616 1371 651 1391 eo
677 1360 835 1391 stultitiae
865 1365 898 1391 et
931 1360 1135 1400 arrogantiae

177 1402 386 1439 devenerunt,
410 1407 445 1434 ut
467 1403 539 1434 illas
563 1403 694 1434 fortuito
717 1403 777 1434 sibi
801 1403 988 1443 contingere
1007 1413 1135 1442 persua-

176 1445 283 1483 deant,
316 1445 366 1476 vel
396 1445 559 1477 industria
591 1447 722 1486 propria
755 1446 947 1485 comparari:
982 1445 1037 1476 sed
1066 1445 1134 1476 Dco

175 1487 236 1519 soli
259 1488 385 1518 laudem
409 1489 504 1519 istam
528 1488 636 1519 deberi
659 1488 822 1520 sciendum
856 1494 920 1527 est,
955 1489 1010 1528 qui
1040 1492 1135 1528 prout.

176 1531 238 1570 ipsi
263 1530 389 1561 videtur
412 1541 449 1561 ea
468 1541 617 1561 mensura
638 1531 750 1571 cuique
770 1531 902 1562 metitur
923 1536 955 1561 et
974 1530 1136 1562 distribuit

178 1583 235 1604 sua
259 1572 342 1604 dona
364 1583 426 1613 qua
448 1574 507 1614 ipsi
532 1574 653 1614 placet,
683 1580 714 1604 et
744 1574 805 1604 hoc
834 1574 883 1604 vel
914 1573 994 1604 illud
1017 1584 1135 1604 munus

178 1615 312 1647 idoneos
334 1616 421 1646 facit.
466 1616 572 1656 Atque
603 1616 662 1648 hoc
692 1617 794 1656 ipsum
820 1627 876 1647 nos
900 1616 1020 1647 Paulus
1043 1616 1135 1647 docet

179 1658 300 1698 priores
323 1659 476 1698 epistolae
498 1659 536 1690 ad
560 1659 746 1690 Corinthios
769 1660 872 1699 capite
896 1659 944 1695 12,
968 1658 1022 1689 ubi
1045 1658 1135 1690 docet

179 1701 310 1741 spiritus
343 1701 634 1733 manifestationem
670 1703 703 1732 in
739 1704 836 1732 totius
875 1701 1026 1733 ecclesiae
1066 1711 1135 1732 esse

179 1743 398 1775 commodum:
430 1751 462 1774 et
485 1744 524 1774 ad
545 1745 675 1775 unicum
698 1744 788 1775 illum
812 1746 954 1775 omnium
980 1743 1135 1775 bonorum

179 1786 299 1817 fontem
328 1797 384 1818 nos
413 1793 551 1826 revocat,
582 1788 711 1818 unicum
740 1787 872 1826 inquam
902 1787 1050 1827 spiritum
1080 1787 1134 1827 qui

179 1829 287 1860 omnia
309 1835 357 1860 est
379 1830 413 1860 in
436 1830 594 1868 omnibus,
625 1840 830 1870 quaecunque
858 1829 986 1861 tandem
1016 1829 1057 1860 sit
1080 1829 1134 1860 do-

178 1881 293 1902 norum
318 1871 498 1903 diversitas.
532 1872 627 1904 Unde
650 1883 728 1903 vero
751 1872 835 1903 dona
857 1872 913 1902 illa
934 1871 1132 1903 manarunt?

179 1913 301 1946 Paulus
326 1914 415 1945 docet
434 1915 539 1946 Deum
565 1915 743 1946 instituisse
766 1916 799 1945 in
822 1914 953 1946 ecclesia
974 1925 1031 1946 sua
1053 1915 1134 1946 alios

178 1957 349 1997 apostolos,
380 1957 459 1988 alios
483 1957 666 1997 prophetas,
698 1958 776 1988 alios
799 1957 952 1996 doctores,
982 1962 1014 1988 et
1037 1958 1133 1988 alios:

179 2003 210 2030 et
230 2004 359 2031 vocatos
382 2001 476 2031 etiam
506 2000 544 2030 ad
576 2010 710 2031 munera
741 1999 915 2031 virtutibus
945 2000 1133 2032 necessariis

177 2043 377 2080 instruxisse,
413 2049 448 2073 ut
477 2042 532 2073 illa
562 2050 693 2082 possent
720 2042 887 2073 sustinere.
933 2043 1019 2083 Ergo
1045 2043 1133 2074 Deus

176 2095 238 2115 non
262 2092 382 2116 temere
406 2085 552 2116 homines
577 2092 679 2122 vocat,
715 2091 746 2115 et
770 2086 855 2125 ipsos
878 2084 938 2116 sibi
960 2085 1037 2125 ipsis
1060 2096 1133 2125 per-

175 2128 284 2163 mittit,
313 2134 351 2158 ut
379 2128 501 2159 faciant
523 2127 605 2167 quod
633 2127 794 2158 voluerint
817 2134 873 2158 aut
895 2132 1052 2168 poterunt,
1077 2128 1132 2159 sed

175 2170 367 2201 tenuitatem
389 2170 515 2201 illorum
539 2175 572 2201 et
600 2170 823 2210 impotentiam
857 2174 1051 2210 compertam
1076 2171 1132 2203 ha-

176 2212 263 2248 bens,
285 2212 415 2244 idoneos
438 2213 513 2244 facit
537 2213 575 2243 ad
607 2213 752 2243 muneris
783 2212 869 2244 illius
898 2213 937 2243 ad
964 2213 1046 2253 quod
1078 2225 1131 2245 vo-

175 2260 291 2286 cantur
313 2256 587 2295 exsequutionem.
612 2255 649 2285 In
672 2255 785 2295 primis
800 2265 879 2286 vero
901 2255 1016 2295 quibus
1038 2266 1132 2296 prae-

176 2297 303 2328 dicandi
325 2298 416 2328 verbi
440 2297 542 2328 divini
565 2298 597 2328 in
627 2298 761 2329 ecclesia
790 2308 867 2329 eura
894 2299 1062 2330 commissa
1084 2304 1133 2330 est

176 2340 236 2371 hoc
269 2340 561 2372 animadvertunto.
607 2340 691 2371 Nam
722 2351 786 2371 non
818 2340 978 2372 immerito
1010 2341 1132 2373 Paulus

174 2382 269 2413 istius
288 2383 431 2413 muneris
451 2382 671 2414 difficultatem
692 2383 831 2419 intuens,
849 2383 1027 2415 exclamat:
1050 2385 1132 2423 Quis

175 2424 215 2455 ad
239 2424 317 2456 haec
340 2424 496 2456 idoneus?
522 2433 551 2455 et
576 2425 669 2464 paulo
693 2430 772 2465 post,
792 2426 852 2456 ait:
875 2425 948 2457 Non
970 2426 1053 2466 quod
1074 2437 1132 2458 nos

175 2467 372 2499 sufficientes
395 2467 497 2498 simus
518 2472 555 2498 ut
577 2470 754 2508 cogitemus
779 2467 897 2508 aliquid
919 2474 1071 2509 tanquam
1091 2481 1131 2501 ex

175 2510 265 2541 nobis
288 2510 376 2549 ipsis,
400 2509 454 2540 sed
478 2510 612 2540 facultas
636 2516 746 2541 nostra
768 2521 808 2541 ex
832 2511 900 2542 Deo
921 2518 977 2543 est.
1017 2512 1131 2552 Neque

174 2563 251 2584 vero
281 2553 312 2583 in
343 2552 428 2583 diem
459 2562 557 2583 unum
589 2559 643 2583 aut
672 2552 808 2584 alterum
832 2553 936 2593 gratia
957 2554 1019 2585 Dei
1042 2555 1131 2586 invo-

174 2595 285 2631 canda,
304 2595 358 2626 sed
378 2595 531 2635 quamdiu
550 2595 748 2635 provinciam
768 2594 906 2635 aliquam
926 2597 1130 2635 sustinemus,

173 2639 207 2669 in
221 2638 326 2669 Deum
346 2637 450 2669 omnis
469 2647 545 2669 cura
565 2643 674 2669 nostra
692 2643 723 2669 et
741 2638 910 2670 solicitudo
933 2640 1131 2671 coniicienda

831 202 876 233 IN
903 202 924 233 1.
950 201 1034 232 LIB.
1060 199 1257 233 SAMUEL.
1283 202 1379 233 (jAl’.
1406 202 1496 233 XVI.

2087 204 2146 234 174

1189 301 1247 333 est,
1277 295 1357 334 quod
1383 306 1421 326 ex
1447 297 1537 327 nobis
1561 298 1637 337 ipsis
1662 297 1738 328 nihil
1764 298 1934 337 possimus.
1980 297 2022 328 Et
2047 297 2148 328 donec

1190 338 1272 368 hanc
1296 343 1477 368 nostrarum
1505 340 1618 370 virium
1644 340 1866 380 impotentiam
1898 340 1977 371 bene
2002 350 2147 380 perspec-

1189 386 1254 410 tam
1279 380 1462 416 habeamus,
1491 389 1612 412 cci-tum
1637 389 1683 413 cst
1708 393 1765 413 nos
1790 383 1851 413 hei
1875 383 1995 422 gratiae
2019 383 2146 413 ianuam

1189 422 1404 462 praecludere,
1425 434 1485 454 non
1506 431 1713 463 agnoscentes
1733 425 1824 456 illum
1846 426 1976 456 unicum
1991 426 2147 456 bonorum

1190 472 1374 495 nostrorum
1400 467 1542 496 omniun]
1569 468 1806 508 scaturiginem,
1831 468 1885 507 qui
1909 468 1996 498 solus
2020 473 2148 498 nostrae

1189 508 1386 547 indigentiae
1407 514 1507 547 potest
1529 509 1711 541 subvenire.
1746 510 1962 549 Quamobrem
1984 511 2014 540 in
2036 511 2147 549 primis

1189 551 1330 590 ingenue
1354 561 1560 590 agnocamus,
1596 563 1653 581 nos
1687 560 1799 583 natura
1823 554 1964 583 omnium
1991 553 2146 583 donorum

1190 603 1307 624 vacuos
1341 600 1372 623 et
1405 604 1520 632 egenos
1555 606 1640 625 csse:
1683 595 1795 626 deinde
1829 595 2016 635 suppliciter
2056 595 2148 625 nobis

1190 635 1296 665 Deum
1331 635 1537 674 deprecemur
1572 643 1605 667 ut
1640 645 1766 668 nostrae
1803 638 1936 678 egestati
1968 638 2145 669 subveniat.

1189 678 1363 708 Praeterea
1376 678 1444 708 Det·
1465 690 1522 709 nos
1542 679 1579 709 ad
1604 680 1738 710 istorum
1763 691 1932 711 munerum
1956 680 2145 720 dignitatem

1189 728 1333 755 vocante,
1360 720 1463 751 danda
1487 732 1582 760 opera
1605 729 1652 753 est
1676 732 1710 753 ut
1729 733 1799 753 cum
1820 734 1944 754 summa
1963 722 2145 753 humilitate

1190 763 1401 800 ambulemus,
1426 770 1457 794 et
1473 764 1626 795 adversus
1640 766 1846 796 ambitionem
1862 766 2038 801 luctemur,
2062 765 2147 795 Deo-

1190 816 1251 845 que
1275 806 1430 837 inservire
1453 807 1485 836 in
1513 807 1716 846 simplicitate
1736 809 1884 846 nitamur,
1908 809 1998 848 eique
2017 813 2146 848 gratum

1190 848 1382 879 sacrificium
1417 855 1447 879 et
1482 849 1554 880 boni
1585 849 1690 880 odoris
1721 851 1851 881 offerre:
1884 859 1918 881 ut
1950 850 2039 881 nobis
2068 850 2146 890 ipsis

1190 892 1308 921 mortui
1322 891 1502 922 carnalibus
1522 893 1668 923 omnibus
1688 894 1891 932 passionibus
1911 894 2145 924 renunciemus.

1190 933 1285 972 Quod
1309 934 1334 964 si
1359 934 1476 964 factum
1502 936 1570 971 crit,
1595 945 1757 974 speremus
1782 936 1897 973 Deum,
1919 946 2015 975 quum
2041 946 2147 966 neces-

1190 977 1269 1007 sitas
1292 977 1473 1016 postularit‚
1499 977 1587 1008 nobis
1611 988 1674 1008 non
1700 979 1893 1015 defuturum,
1925 978 1978 1009 sed
2003 988 2038 1008 ea
2063 978 2147 1009 dona

1190 1019 1305 1058 quibus
1328 1029 1409 1058 opus
1440 1020 1500 1050 erit
1531 1020 1656 1050 abunde
1687 1021 1982 1060 suppeditaturum:
2011 1030 2146 1060 quorum

1190 1062 1287 1092 etiam
1323 1063 1355 1092 in
1391 1068 1488 1093 totam
1523 1063 1621 1093 vitam
1660 1064 1841 1094 auctionem
1883 1063 2045 1103 deprecari
2088 1073 2146 1094 nos

1190 1110 1325 1144 oportet,
1350 1112 1385 1135 ut
1407 1106 1445 1135 iis
1469 1105 1567 1136 semel
1591 1106 1694 1136 ornati
1718 1116 1883 1145 nunquam
1908 1106 2090 1145 spoliemur.

1275 1147 1365 1179 Haec
1388 1147 1489 1187 igitur
1513 1148 1657 1179 doctrina
1688 1148 1857 1179 retinenda
1880 1160 1919 1179 ex
1943 1148 2049 1179 verbis
2073 1148 2146 1186 illis,

1190 1190 1346 1220 mansisse
1370 1190 1509 1221 Iehovae
1532 1190 1678 1230 spiritum
1703 1202 1799 1231 super
1820 1191 1980 1222 Davidem
2007 1190 2057 1221 die
2081 1190 2144 1227 illa,

1190 1238 1357 1272 postquam
1400 1233 1468 1264 oleo
1512 1233 1566 1263 illo
1607 1240 1739 1264 externo
1775 1233 1934 1265 Samuelis
1968 1233 2144 1264 ministerio

1189 1276 1300 1306 fuisset
1323 1282 1448 1307 unctus.
1495 1278 1547 1307 An
1579 1287 1654 1306 vero
1684 1277 1791 1307 unctio
1822 1277 1877 1307 illa
1908 1277 2057 1316 spiritum
2082 1275 2144 1306 Dei

1189 1317 1298 1349 dedit?
1346 1319 1481 1349 Minime
1505 1318 1631 1358 quidem
1657 1319 1760 1349 oleum
1791 1324 1971 1358 externum,
2004 1318 2059 1350 sed
2083 1317 2144 1349 Dei

1190 1361 1302 1392 virtus.
1338 1361 1392 1392 Sic
1416 1362 1509 1391 etiam
1535 1361 1627 1391 hodie
1650 1361 1832 1399 tenendum,
1858 1372 1970 1401 aquam
1995 1360 2145 1400 baptismi

1188 1414 1252 1434 non
1285 1404 1402 1435 habere
1434 1404 1495 1434 vim
1526 1404 1650 1434 animas
1680 1411 1803 1435 nostras
1834 1404 2031 1444 penetrandi,
2068 1411 2097 1434 et
2126 1413 2144 1433 a

1188 1452 1392 1486 peccatorum
1433 1447 1579 1478 sordibus
1612 1447 1777 1477 abluendi:
1818 1447 1872 1477 sed
1907 1448 2033 1487 signum
2075 1455 2144 1476 esse

1188 1495 1320 1526 certum,
1344 1500 1406 1529 quo
1429 1489 1557 1530 longius
1580 1489 1774 1526 deducimur,
1804 1500 1920 1530 nempe
1950 1488 1989 1520 ad
2013 1488 2143 1529 sangui-

1188 1542 1262 1562 nem
1286 1531 1420 1563 Domini
1444 1533 1546 1563 nostri
1569 1531 1643 1562 Iesu
1667 1532 1798 1570 Christi,
1827 1533 1880 1572 qui
1905 1538 1953 1563 est
1976 1542 2089 1562 verum
2113 1536 2145 1561 et

1188 1575 1317 1606 unicum
1341 1581 1487 1606 nostrum
1512 1575 1692 1606 lavacrum:
1723 1575 1990 1614 quemadmodum
2019 1574 2144 1605 unctio-

1188 1628 1262 1647 nem
1285 1618 1379 1648 istam
1404 1617 1541 1649 Davidis
1562 1617 1707 1648 videmus
1737 1619 1799 1648 vim
1824 1628 1915 1648 suam
1946 1617 2104 1656 accepisse
2127 1625 2146 1646 a

1187 1664 1298 1691 sancto
1321 1660 1451 1700 spiritu:
1483 1660 1552 1691 Deo
1581 1671 1638 1700 per
1661 1661 1789 1701 signum
1814 1660 1937 1691 visibile
1961 1659 2145 1691 declarante

1187 1713 1220 1733 se
1251 1702 1412 1734 Davidem
1445 1709 1579 1735 vocante
1607 1703 1645 1733 ad
1677 1708 1799 1733 tantam
1835 1703 2034 1743 dignitatem,
2063 1701 2145 1732 velle

1187 1744 1279 1776 donis
1302 1747 1398 1777 etiam
1423 1746 1463 1777 ad
1492 1746 1580 1776 illam
1611 1745 1846 1785 exsequendam
1878 1745 2066 1776 necessariis
2094 1744 2144 1774 in-

1187 1795 1322 1819 struere.
1379 1788 1488 1828 Quum
1522 1799 1600 1819 vero
1635 1788 1822 1819 nominatim
1857 1788 1974 1819 dieitur
2015 1787 2148 1826 spiritus

1185 1831 1339 1862 mansisse
1361 1842 1454 1871 super
1465 1831 1620 1862 Davidem
1642 1842 1661 1862 a
1683 1831 1732 1861 die
1756 1831 1808 1861 illa
1832 1833 1859 1861 et
1879 1831 2028 1870 deinceps,
2052 1840 2091 1860 ex
2110 1839 2147 1860 eo

1187 1879 1321 1913 apparet
1342 1873 1451 1905 Deum
1474 1874 1560 1905 nolle
1583 1885 1677 1905 suum
1701 1884 1780 1913 opus
1804 1873 2025 1913 imperfectum
2050 1872 2146 1903 relin-

1186 1927 1292 1956 quere,
1322 1917 1376 1947 scd
1409 1917 1447 1948 ad
1478 1927 1570 1948 suum
1604 1927 1702 1956 usque
1733 1917 1829 1946 finem
1851 1915 1930 1946 illud
1953 1914 2146 1955 perducere:

1185 1958 1279 1989 modo
1304 1970 1343 1989 ne
1367 1965 1475 1991 nostra
1494 1958 1725 2000 ingratitudine
1746 1969 1903 1989 remoram
1923 1958 2062 1997 aliquam
2082 1957 2143 1997 ipsi

1185 2002 1378 2033 iniieiamus.
1425 2002 1597 2034 Caeterum
1628 2008 1799 2040 antequam
1829 2001 1932 2031 David
1967 2006 2143 2040 ungeretur

1185 2050 1308 2075 certum
1339 2052 1387 2076 est
1417 2045 1508 2075 illum
1539 2056 1602 2075 non
1633 2045 1731 2075 fuisse
1755 2043 1881 2074 brutum
1907 2054 2012 2083 pecus,
2040 2053 2144 2082 neque

1186 2087 1249 2118 Dei
1280 2087 1373 2118 donis
1402 2088 1531 2119 omnino
1562 2097 1715 2118 vacuum:
1751 2086 1805 2117 sed
1836 2086 1983 2126 spiritum
2019 2086 2143 2125 regium

1187 2130 1238 2161 hic
1262 2141 1335 2160 eum
1360 2131 1518 2170 accepisse
1542 2130 1759 2170 intelligimus,
1792 2139 1884 2168 quem
1916 2134 2011 2159 antea
2040 2138 2143 2167 neque

1186 2171 1334 2211 habebat⁷
1368 2184 1471 2213 neque
1505 2173 1602 2203 etiam
1633 2182 1761 2203 necesse
1789 2178 1864 2202 erat.
1910 2171 2022 2210 Neque
2056 2171 2142 2201 enim

1186 2216 1237 2255 qui
1261 2215 1421 2256 privatam
1446 2222 1478 2246 et
1500 2216 1638 2255 quietam
1660 2215 1759 2246 vitam
1779 2220 1909 2245 acturus
1928 2218 1985 2249 est,
2005 2223 2041 2243 ea
2061 2212 2144 2243 dona

1186 2258 1320 2298 accipiet
1342 2269 1360 2289 a
1385 2258 1453 2289 Deo
1477 2269 1557 2298 quae
1580 2258 1606 2289 si
1630 2257 1669 2288 ad
1693 2267 1849 2288 summam
1874 2257 2014 2296 aliquam
2038 2255 2143 2295 digni-

1185 2306 1285 2331 tatem
1309 2305 1394 2331 esset
1417 2300 1612 2337 evehendus,
1644 2305 1675 2330 et
1704 2299 1799 2330 alicui
1830 2299 1946 2339 populo
1970 2298 2020 2329 vel
2044 2308 2143 2337 regno

1185 2343 1424 2383 praeferendus.
1455 2343 1577 2374 Eadem
1598 2353 1674 2382 ergo
1687 2341 1822 2373 Davidis
1843 2342 1902 2372 fuit
1920 2341 2012 2371 ratio.
2038 2342 2143 2380 Atque

1185 2396 1222 2416 eo
1246 2386 1367 2417 Paulus
1391 2386 1528 2426 respicit,
1552 2396 1587 2416 eo
1611 2385 1650 2415 de
1673 2394 1735 2424 quo
1760 2385 1822 2415 iam
1846 2383 1993 2424 superius
2016 2383 2142 2424 egimus

1184 2427 1264 2465 loco,
1295 2438 1352 2468 pro
1383 2439 1555 2459 munerum
1587 2428 1741 2459 varietate
1765 2427 1880 2458 doeens
1904 2426 2010 2457 Deum
2035 2425 2141 2457 distri-

1184 2472 1281 2502 buere
1304 2471 1355 2501 sui
1379 2472 1510 2510 spiritus
1534 2470 1617 2501 dona
1640 2469 1815 2501 secundum
1839 2470 1993 2508 cuiusque
2015 2478 2142 2499 mensu-

1183 2524 1262 2545 ram.
1308 2513 1420 2552 Neque
1443 2513 1526 2544 enim
1550 2522 1660 2543 omnes
1683 2516 1758 2543 sunt
1780 2512 1969 2552 prophetae,
1992 2516 2047 2542 aut
2069 2520 2143 2551 apo-

1183 2557 1266 2594 stoli,
1297 2560 1352 2586 aut
1383 2560 1542 2595 pastores:
1578 2566 1641 2585 non
1675 2565 1786 2585 omnes
1820 2555 1903 2585 dona
1936 2553 2143 2585 sanationum

1184 2605 1240 2630 aut
1273 2598 1502 2629 miraculorum
1536 2597 1663 2628 habent.
1722 2596 1786 2628 Sed
1819 2602 1913 2638 prout
1947 2597 2034 2627 varia
2067 2600 2143 2627 sunt

1183 2651 1326 2678 munera,
1352 2640 1441 2672 Deus
1458 2641 1555 2671 etiam
1576 2640 1663 2671 varie
1683 2639 1732 2671 sui
1752 2640 1885 2680 spiritus
1905 2639 1987 2670 dona
2006 2638 2144 2679 largitur
