2551 3044
404 208 463 240 279
1194 206 1395 238 HOMILIA
1419 206 1580 238 LXVIII.
2307 208 2369 240 280

405 307 465 335 esto
487 303 537 333 vir
557 301 659 340 fortis,
683 304 709 332 et
726 301 885 340 praeliare
906 301 982 332 bella
1002 301 1142 333 Domini.
1167 300 1244 331 Saul
1261 303 1362 331 autem

406 344 575 384 reputabat,
605 344 726 375 dicens:
758 343 829 375 Non
858 344 898 374 sit
927 354 1039 375 'nauus
1061 354 1126 374 mea
1151 344 1183 374 in
1205 353 1283 381 eunt,
1311 342 1364 374 sed

406 390 446 419 sit
474 397 567 427 super
599 397 665 417 stem
690 396 801 417 malms
824 385 1068 418 Plaeilistiuorum.
1114 386 1162 417 18.
1187 386 1243 416 Ait
1265 388 1365 416 autem

406 430 514 462 David
546 429 587 460 acl
622 428 718 459 Saul:
757 428 833 467 Quis
863 439 915 470 eqo
949 440 1026 466 sum,
1061 432 1115 460 ant
1137 439 1215 468 quae
1237 431 1280 459 est
1301 429 1365 459 vita

406 483 482 511 vaca,
513 475 566 503 au!
596 471 732 511 coyiiatio
755 472 864 510 patris
886 473 945 502 mei
969 473 998 503 in
1024 471 1133 508 Israel,
1168 474 1200 501 ut
1219 470 1294 508 siam
1314 480 1365 510 ye-

409 526 463 546 11ον
479 514 586 554 repis?
634 513 682 544 19.
715 513 846 546 Factum
874 517 916 545 es!
939 518 1037 545 autem
1060 518 1177 553 tempus
1199 523 1294 552 quum
1314 513 1366 544 de-

408 558 489 590 beret
522 557 595 588 clari
624 556 731 587 Merob
757 556 827 596 filia
851 556 930 588 Saul
958 557 1088 594 Dat-idi,
1124 556 1197 587 dala
1226 558 1269 587 est
1298 555 1365 586 Ha-

407 600 500 632 arieli
536 599 722 630 molathitae
757 609 844 630 uxor.
888 599 939 630 20.
972 599 1095 631 Dilexit
1123 601 1221 629 uatem
1252 597 1367 629 Michol

406 643 473 682 filia
504 641 584 673 Saul
613 641 721 680 ultera,
752 641 873 673 David:
901 645 927 673 ct
956 643 1135 673 nunciatum
1159 644 1201 672 est
1225 640 1311 681 Saul,
1341 643 1367 672 et

403 685 525 725 placuit
548 685 586 715 ci.
631 684 681 715 21.
705 683 857 723 Dixitque
880 683 969 722 Saul,
993 684 1068 715 dabo
1090 694 1155 715 cam
1182 683 1238 721 illi,
1261 686 1294 714 ut
1310 682 1367 722 fiat

408 729 435 759 ei
466 728 497 758 in
520 726 710 766 scandalum,
739 729 765 758 el
779 728 828 758 sit
849 737 943 767 super
965 738 1031 758 eum
1054 737 1165 757 nemius
1187 725 1367 757 Philistum-

410 780 489 801 rum.
534 769 687 808 Dixitque
721 768 800 800 Saul
831 770 873 801 ad
903 768 1027 801 David:
1061 770 1101 800 In
1130 769 1250 800 (luobus
1278 768 1367 800 rebus

409 823 498 854 ρεπεν
518 822 604 843 meus
625 812 688 842 cris
707 811 803 843 hodie.

495 897 535 927 In
569 897 629 928 hac
659 896 792 928 historia
815 898 953 937 primum
977 898 1114 928 occurrit
1137 896 1247 928 Saulis
1269 896 1366 927 obsti-

411 940 498 971 natio
522 940 555 970 in
578 939 650 970 odio
669 938 824 971 adversus
836 939 1007 977 Davidem,
1031 950 1123 979 quem
1138 945 1246 970 tamen
1259 949 1367 970 amore
1393 964 1394 967 ,

412 982 580 1023 complecti
597 982 741 1019 debebat,
766 982 804 1014 ad
826 992 920 1022 quem
944 982 1054 1013 multis
1077 982 1295 1013 occasionibus
1318 982 1368 1012 in-

411 1025 588 1057 citabatur:
611 1023 666 1056 sed
691 1025 901 1056 nihilominus
923 1032 987 1056 tam
1011 1025 1092 1055 altas
1113 1031 1222 1065 egerat
1246 1024 1368 1056 radices

410 1069 441 1099 in
473 1068 574 1108 ipsius
605 1073 732 1107 pectore
763 1068 852 1098 virus
884 1067 972 1101 illud.
1005 1075 1039 1098 ut
1063 1067 1169 1098 odium
1194 1067 1291 1098 semel
1313 1067 1368 1097 ad-

411 1121 524 1142 versus
547 1110 652 1150 ipsum
676 1116 866 1150 conceptum
891 1116 1042 1150 perpetuo
1066 1109 1198 1141 foveret.
1244 1110 1295 1140 Ex
1315 1120 1367 1149 op-

410 1154 511 1194 posito
545 1151 815 1184 considerandum
846 1153 906 1183 erit
937 1153 1080 1183 divinum
1111 1163 1190 1192 opus
1219 1152 1252 1182 in
1276 1163 1367 1183 ever-

410 1195 516 1228 tendis
535 1195 756 1235 improborum
775 1195 918 1227 consiliis
935 1202 965 1226 et
984 1195 1159 1233 conatibus,
1183 1196 1236 1235 qui
1256 1205 1368 1226 omnes

408 1239 494 1270 irriti
518 1239 615 1269 fiunt:
640 1243 671 1268 et
695 1238 769 1269 licet
792 1238 874 1268 nihil
898 1238 960 1269 nisi
983 1237 1112 1268 fraudes
1135 1244 1165 1268 et
1189 1238 1276 1268 dolos
1299 1247 1367 1268 1110-

409 1283 537 1319 liantur,
568 1286 599 1312 et
628 1280 689 1312 sibi
719 1279 917 1312 callidissimi
941 1287 971 1311 et
1003 1281 1162 1311 vaferrimi
1187 1280 1367 1320 videantur,

410 1324 498 1355 Deus
533 1329 641 1354 tamen
673 1323 718 1355 sic
747 1323 850 1354 eludit
879 1329 915 1354 ut
938 1324 1023 1354 omni
1048 1334 1102 1362 spe
1125 1323 1282 1354 excidant.
1328 1322 1367 1353 In

410 1366 536 1398 Davide
571 1372 683 1397 contra
714 1372 867 1406 tanquam
897 1365 930 1396 in
960 1366 1087 1406 speculo
1111 1365 1172 1397 Dei
1196 1365 1368 1405 providen-

411 1410 487 1440 tiam
511 1413 542 1440 et
564 1408 740 1440 bonitatem
764 1409 797 1439 in
821 1409 886 1439 suis
910 1408 1123 1449 protegendis,
1146 1410 1198 1448 qui
1218 1408 1292 1440 licet
1310 1419 1368 1439 un-

410 1451 505 1491 dique
529 1451 642 1482 mortis
664 1451 816 1491 periculis
839 1451 945 1487 cincti,
970 1457 1001 1482 et
1023 1451 1085 1481 iam
1109 1451 1142 1481 in
1166 1451 1243 1491 ipsis
1261 1451 1368 1491 sepul-

410 1494 455 1525 cri
486 1493 630 1524 faucibus
659 1493 834 1533 constituti,
867 1494 972 1534 perire
1002 1499 1107 1524 tamen
1132 1504 1194 1525 non
1218 1500 1367 1533 possunt:

411 1537 489 1577 quin
523 1537 630 1576 potius
659 1546 770 1567 omnes
793 1546 811 1566 a
833 1546 867 1567 sc
889 1536 1150 1567 comminationes
1174 1536 1367 1576 propellunt,

411 1579 470 1610 etsi
496 1579 604 1609 minus
627 1579 659 1609 in
684 1589 753 1610 sese
777 1578 921 1610 tutandis
939 1578 1074 1618 providi.
1120 1578 1255 1610 Davidis
1275 1590 1368 1619 porro

410 1622 567 1662 patientia
596 1626 628 1652 et
659 1621 872 1652 mansuetudo
903 1622 992 1652 nobis
1023 1627 1174 1660 tanquam
1205 1622 1368 1662 exemplar

411 1665 604 1705 proponitur
623 1663 786 1699 imitanda,
806 1669 843 1694 ut
862 1663 982 1694 malum
1003 1663 1226 1695 benefaciendo
1240 1665 1368 1696 vincere

412 1707 583 1744 diseamus,
625 1706 708 1746 quod
750 1707 818 1746 ipse
852 1716 908 1736 nos
942 1706 1101 1737 Dominus
1135 1713 1243 1738 noster
1276 1707 1368 1738 Iesus

412 1748 563 1780 Christus
597 1749 755 1780 admonet.
802 1749 981 1779 Veniamus
1011 1749 1108 1788 igitur
1138 1749 1176 1779 ad
1201 1750 1270 1789 ipsa
1293 1761 1368 1781 eon-

414 1797 522 1822 textus
542 1791 648 1829 verba,
667 1791 783 1831 quibus
802 1791 928 1828 dicitur,
953 1790 1079 1822 Saulem
1096 1792 1236 1823 timuisse
1253 1803 1272 1823 α
1289 1793 1370 1831 facie

412 1833 559 1870 Dat-ictis,
590 1837 617 1865 et
639 1844 657 1864 a
680 1844 714 1864 se
741 1834 900 1871 amovisse,
925 1834 1171 1873 praefecisscque
1198 1834 1370 1866 cohortibus

413 1876 597 1916 quibusdam
620 1876 770 1907 militum.-
801 1875 1014 1915 Davidemque
1035 1879 1135 1908 contra
1158 1879 1274 1907 tautam
1294 1888 1369 1918 yra-

414 1920 490 1950 tt'am
509 1919 570 1949 sibi
589 1918 676 1959 apud
693 1928 796 1950 onmes
814 1919 1000 1957 conciliasse,
1020 1919 1188 1959 Deumque
1200 1919 1294 1950 talem
1308 1920 1370 1960 ipsi

413 1972 521 1992 rerum
541 1971 732 1998 successum,
753 1966 941 2001 tantamque
961 1962 994 1992 10
1013 1962 1162 2001 gerendis
1183 1962 1276 1993 rebus
1295 1973 1369 2002 pru-

413 2003 558 2035 dentiam
582 2003 716 2041 dedisse,
740 2010 775 2034 ut
798 2003 907 2035 Saulis
929 2004 962 2035 in
986 2003 1075 2035 illum
1095 2003 1215 2035 invidia
1233 2012 1264 2035 et
1283 2006 1370 2036 virus

415 2046 519 2087 magis
542 2047 708 2086 magisque
731 2047 927 2086 apparuerit.
972 2046 1054 2077 Nam
1079 2057 1160 2086 quae
1178 2057 1274 2078 eausa
1293 2046 1372 2079 Sau-

415 2089 478 2120 lem
513 2089 545 2119 in
569 2089 678 2120 odium
702 2095 735 2120 et
755 2088 911 2120 invidiam
935 2088 1081 2127 Davidis,
1113 2089 1174 2120 nisi
1205 2089 1287 2120 dona
1310 2089 1371 2121 Dei

415 2132 531 2171 quibus
549 2131 655 2162 David
674 2137 743 2162 erat
766 2131 911 2171 insignis,
935 2131 1085 2172 impulit?
1109 2130 1314 2172 Quapropter
1336 2143 1371 2164 eo

415 2174 517 2205 maior
536 2180 585 2205 est
597 2174 706 2205 Saulis
725 2174 928 2214 improbitas:
953 2184 1027 2205 nam
1041 2175 1066 2205 si
1087 2175 1158 2214 quis
1171 2174 1372 2206 contumeliis

416 2222 472 2247 aut
495 2216 622 2248 iniuriis
653 2217 796 2254 affectus,
834 2217 883 2248 ira
912 2216 1088 2256 impellitur
1117 2217 1156 2248 ad
1187 2217 1372 2254 vindictam,

416 2260 475 2290 etsi
499 2259 570 2290 Deo
594 2259 698 2291 iudice
721 2259 961 2297 condemnatur,
989 2264 1095 2290 tamen
1119 2259 1203 2299 apud
1228 2258 1373 2290 homines

415 2307 596 2333 excusatur.
641 2302 707 2333 Sed
750 2302 777 2332 si
817 2302 888 2342 quis
923 2302 1061 2334 intuitus
1095 2302 1200 2333 virum
1234 2302 1372 2342 aliquem

415 2345 549 2375 summis
572 2345 746 2376 virtutibus
769 2345 923 2375 eximium
949 2350 1070 2382 uratur,
1097 2350 1131 2376 et
1152 2344 1197 2376 illi
1221 2343 1305 2375 dona
1327 2345 1373 2375 di-

415 2387 491 2418 vina
522 2387 681 2424 invideat,
711 2397 789 2418 sane
818 2398 951 2427 pravam
981 2392 1120 2418 mentem
1150 2391 1183 2418 et
1205 2386 1373 2418 distortum

415 2429 584 2469 ingenium
608 2435 640 2460 et
663 2429 819 2461 adversus
844 2430 948 2461 Deum
969 2429 1085 2461 rebelle
1105 2429 1234 2470 prodet:
1257 2435 1288 2460 et
1307 2429 1373 2461 ins-

416 2478 467 2502 tar
498 2471 650 2502 horrendi
681 2478 713 2503 et
741 2472 921 2503 detestandi
953 2473 1088 2504 monstri
1118 2473 1202 2503 inter
1224 2471 1373 2503 homiues

416 2513 598 2546 habebitur.
643 2514 825 2546 Ulciscendi
856 2514 983 2555 quidem
1014 2515 1159 2554 iniurias,
1189 2519 1306 2546 natura
1326 2521 1374 2546 est

415 2557 566 2588 omnibus
597 2557 694 2588 insita
717 2556 885 2597 cupiditas,
913 2567 1096 2598 quanquam
1119 2557 1255 2598 privatis
1277 2557 1373 2588 ultio-

416 2598 512 2630 nibus
541 2599 702 2631 abstinere
726 2600 787 2631 Dei
810 2600 909 2631 verbo
932 2600 1089 2637 iubemur,
1119 2599 1174 2632 sed
1197 2610 1237 2631 ex
1259 2610 1373 2631 sensus

416 2642 596 2673 communis
618 2642 744 2681 iudicio,
775 2642 939 2683 provocati
962 2643 1028 2674 vim
1053 2643 1084 2675 vi
1107 2642 1307 2684 repellentes,
1330 2642 1371 2673 fe-

1415 301 1495 333 cisse
1525 300 1606 340 quod
1639 306 1774 333 naturae
1804 308 2054 333 consentaneum
2078 308 2127 333 est
2149 303 2293 333 omnium
2316 313 2370 333 ore

1416 343 1570 374 dicentur.
1616 343 1738 375 Verum
1772 345 1798 375 si
1829 346 1899 384 quis
1930 345 1958 375 ei
1989 345 2022 375 in
2053 354 2116 384 quo
2148 345 2236 376 nulla
2258 352 2369 376 contu-

1417 386 1520 422 melia,
1550 385 1639 417 nulla
1662 387 1721 417 erit
1744 387 1868 426 iniuria,
1891 387 1946 418 scd
1970 387 2037 418 sola
2060 386 2122 418 Dei
2145 387 2250 427 gratia
2273 397 2370 427 appa-

1417 429 1508 466 rebit,
1541 439 1602 467 qua
1637 429 1668 459 10
1703 429 1788 461 illius
1821 440 1963 461 amorem
1987 429 2091 469 pellici
2115 440 2172 461 nos
2195 430 2369 469 oportebat,

1418 471 1588 502 furibunde
1618 471 1770 510 invideat,
1789 476 1829 504 'et
1852 473 2005 512 impetum
2029 472 2132 507 faciat,
2156 473 2269 503 merito
2291 472 2371 512 ipsis

1418 513 1556 544 ethnicis
1590 514 1685 545 etiam
1716 514 1812 546 fuerit
1841 514 2083 546 abominandus.
2128 515 2172 546 At
2202 514 2280 546 Saul
2312 515 2371 546 hoc

1419 556 1527 588 morbo
1563 555 1736 588 laboravit:
1772 568 1828 589 nos
1862 561 1975 589 contra
2005 557 2163 589 discamus
2194 557 2279 588 dona
2308 557 2370 588 Dei

1419 599 1598 638 ubieunque
1628 600 1829 640 apparebunt
1859 611 1967 631 amare
1996 607 2029 630 et
2057 600 2233 641 complecti.
2275 599 2371 638 Quod

1419 652 1495 673 vero
1526 641 1632 672 David
1664 642 1737 674 aula
1766 643 1887 683 pulsus,
1918 654 1957 674 ne
1988 641 2065 674 Saul
2090 643 2229 683 amplius
2249 642 2372 674 obiecto

1418 684 1472 715 illo
1502 683 1657 715 donorum
1690 685 1750 716 Dei
1779 686 1968 723 afficeretur,
2002 685 2176 725 prudenter
2205 695 2239 716 se
2261 685 2370 726 gessit,

1419 732 1450 758 et
1473 731 1539 757 tam
1563 737 1730 767 prosperos
1748 738 1855 759 rerum
1875 739 2038 759 successus
2058 727 2177 763 habuit,
2202 734 2237 758 ut
2255 738 2371 768 magua

1418 769 1522 809 gratia
1545 775 1576 800 et
1599 770 1769 801 autoritate
1791 771 1875 810 apud
1899 771 2051 811 populum
2075 770 2205 807 valeret,
2234 781 2293 802 nos
2316 771 2370 801 do-

1419 818 1469 842 cet
1499 812 1619 843 intueri
1650 812 1711 843 Dei
1734 812 1967 853 providentiam
1992 814 2023 844 in
2047 812 2230 844 evertendis
2252 813 2372 853 impro-

1419 855 1533 886 borum
1564 855 1714 891 consiliis,
1747 860 1778 886 et
1807 862 1935 896 praeter
1964 856 2107 895 ipsorum
2131 855 2316 896 opinionem
2339 856 2373 885 in

1420 897 1547 937 propria
1575 898 1680 936 capita
1710 908 1790 938 quae
1819 899 1993 929 machinati
2025 898 2152 930 fuerant
2181 897 2373 929 derivandis.

1420 939 1639 978 Quamobrem
1659 940 1792 972 affectus
1811 947 1938 972 nostros
1958 941 2115 972 diseamus
2128 941 2172 971 ita
2185 950 2375 980 componere

1420 983 1453 1013 in
1477 982 1539 1013 Dei
1562 982 1759 1023 obsequium,
1788 994 1828 1015 ne
1851 983 2006 1015 adversus
2029 984 2132 1024 ipsum
2156 984 2373 1024 insurgamus.

1420 1025 1504 1056 Nam
1528 1025 1587 1056 etsi
1611 1025 1776 1056 videamur
1798 1026 1890 1057 init-io
1911 1027 2044 1058 feliciter
2062 1027 2169 1057 omnia
2187 1026 2373 1066 suscepisse,

1420 1074 1450 1098 et
1474 1078 1513 1098 ex
1538 1068 1636 1098 animi
1659 1068 1818 1099 sententia
1842 1077 1976 1100 ventura
1999 1069 2106 1099 omnia
2129 1068 2222 1100 nobis
2245 1078 2373 1108 persua·

1421 1110 1561 1149 deamus,
1589 1115 1710 1141 certum
1741 1116 1846 1142 tamen
1878 1117 1925 1143 est
1956 1111 2060 1142 Deum
2091 1111 2220 1142 tandem
2250 1116 2375 1142 nostros

1421 1159 1555 1184 conatus
1578 1158 1610 1183 ct
1632 1153 1764 1184 consilia
1787 1154 1936 1191 risurum,
1961 1162 1992 1185 et
2015 1155 2046 1184 in
2072 1164 2128 1185 nos
2148 1155 2233 1194 ipsos
2251 1160 2284 1185 et
2302 1163 2374 1184 nos·

1421 1202 1508 1227 trum
1545 1196 1678 1227 exitium
1712 1206 1949 1228 conversurum.
1995 1197 2098 1228 Tanto
2129 1197 2227 1237 igitur
2256 1195 2374 1227 maiore

1422 1238 1528 1269 studio
1551 1239 1670 1269 nostris
1694 1239 1860 1270 affectibus
1883 1238 2042 1270 moderari
2062 1239 2239 1270 discamus:
2261 1238 2375 1279 quibus

1422 1281 1448 1312 si
1472 1281 1563 1312 laxas
1587 1281 1728 1312 habenas
1750 1282 2001 1322 permiserimus,
2025 1289 2146 1313 certum
2171 1289 2220 1313 est
2241 1292 2297 1313 nos
2320 1280 2376 1312 ad-

1421 1334 1534 1355 versus
1564 1324 1670 1363 ipsum
1696 1324 1800 1355 Deum
1824 1325 2067 1362 insurrecturos,
2102 1332 2132 1356 et
2155 1324 2376 1355 adversarium

1422 1366 1598 1398 habituros.
1645 1367 1762 1407 Ecquis
1783 1377 1858 1398 vero
1883 1367 2010 1398 futurus
2033 1374 2082 1398 est
2104 1366 2234 1398 exitus?
2263 1366 2376 1398 Deone

1421 1409 1525 1440 invito
1560 1416 1592 1440 et
1628 1409 1804 1441 reluctante
1834 1420 1902 1440 rem
1932 1409 2158 1441 conficiemus?
2204 1410 2375 1441 Caeterum

1421 1462 1519 1492 quum
1555 1451 1714 1483 Davidem
1745 1451 1889 1484 videmus
1919 1457 1984 1483 tam
2007 1453 2167 1492 prosperis
2190 1462 2284 1483 usum
2307 1462 2376 1483 suc-

1421 1493 1573 1534 cessibus,
1606 1494 1779 1535 favereque
1809 1499 1840 1526 et
1869 1495 1973 1535 gratia
1996 1494 2135 1526 multum
2158 1495 2242 1535 apud
2266 1504 2377 1526 omnes

1422 1537 1570 1577 potuisse,
1594 1537 1741 1575 sciamus,
1770 1537 1844 1569 licet
1866 1538 2101 1569 insurrexerint
2122 1538 2295 1569 adversum
2318 1546 2377 1568 nos

1421 1580 1637 1620 potentissimi
1660 1585 1692 1611 et
1714 1581 1927 1611 cruentissimi
1951 1580 2067 1618 hostes,
2095 1591 2113 1611 a
2135 1581 2252 1620 quibus
2273 1579 2378 1610 multa

1421 1622 1506 1653 mala
1529 1622 1708 1659 imminent,
1732 1623 1757 1654 si
1777 1623 1881 1654 Deum
1902 1633 1920 1654 a
1936 1623 2054 1654 nostris
2072 1623 2217 1663 partibus
2235 1626 2376 1654 stantem

1422 1665 1640 1701 habuerimus,
1660 1676 1725 1696 11011
1743 1664 1860 1696 habere
1877 1676 2004 1697 causam
2024 1665 2199 1703 metuendi,
2217 1665 2376 1705 siquidem

1393 1708 1397 1748 l
1421 1718 1532 1739 omnes
1555 1708 1696 1748 ipsorum
1720 1713 1853 1740 conatus
1876 1713 1998 1739 evertet
2021 1713 2193 1746 momento,
2224 1707 2376 1747 dabitque

1422 1750 1562 1782 laetitiae
1591 1751 1769 1788 materiam,
1799 1756 1836 1782 ut
1864 1761 1936 1782 eum
1967 1751 2091 1782 Davide
2120 1750 2250 1791 gloriari
2274 1749 2376 1789 liceat,

1423 1793 1513 1824 nobis
1541 1794 1671 1825 unicum
1703 1793 1764 1824 Dei
1792 1793 1986 1833 praesidium
2015 1794 2094 1824 satis
2124 1803 2193 1824 esse
2221 1792 2377 1824 adversus

1424 1835 1562 1867 hostium
1597 1835 1770 1876 myriadas,
1811 1836 1866 1876 qui
1901 1835 2089 1867 videbantur
2122 1846 2181 1867 1103
2213 1841 2377 1866 momento

1423 1879 1616 1919 oppressuri,
1645 1883 1677 1909 et
1705 1889 1745 1909 ex
1775 1888 1909 1918 quorum
1938 1877 2086 1910 manibus
2117 1889 2179 1909 non
2203 1876 2378 1918 apparebat

1423 1921 1508 1952 ullus
1538 1920 1695 1952 evadendi
1725 1921 1847 1960 modus,
1885 1931 1964 1961 quos
1994 1920 2083 1952 Deus
2114 1926 2244 1961 repente
2272 1923 2379 1960 potest

1423 1963 1589 2004 dissipare.
1633 1963 1721 1996 Hinc
1751 1963 1829 1995 illud
1858 1963 1954 1995 Pauli
1975 1964 2201 2004 epiphonema:
2232 1962 2268 1994 Si
2289 1962 2379 1994 Deus

1418 2016 1477 2046 pro
1508 2006 1594 2037 nobis
1628 2007 1700 2046 quis
1728 2008 1832 2038 contra
1860 2006 1940 2038 nos?
1982 2005 2064 2045 Quis
2093 2006 2209 2046 poterit
2238 2003 2375 2037 nocere?

1423 2048 1511 2080 Sane
1541 2048 1702 2080 diabolum
1726 2059 1799 2081 cum
1821 2049 1887 2081 suis
1909 2048 2096 2080 satellitibus
2119 2048 2262 2079 insidiari
2286 2047 2377 2078 nobis

1423 2098 1546 2123 certum
1580 2098 1639 2132 est,
1672 2091 1941 2132 quemadmodum
1973 2101 2014 2122 ex
2049 2091 2107 2122 hac
2141 2091 2210 2131 ipsa
2243 2090 2378 2122 historia

1425 2134 1592 2171 discemus,
1625 2134 1680 2166 scd
1711 2134 1805 2166 irrito
1834 2139 1957 2172 conatu,
1988 2133 2058 2166 Deo
2081 2134 2180 2174 ipsius
2203 2138 2236 2164 et
2257 2132 2377 2164 satelli-

1425 2184 1492 2207 tum
1523 2176 1725 2208 disturbante
1749 2182 1779 2208 et
1801 2176 1975 2217 dissipante
1997 2176 2139 2208 consilia.
2184 2175 2293 2215 Quare
2315 2175 2378 2206 Dei

1426 2218 1566 2251 bonitate
1599 2220 1670 2250 freti
1702 2230 1888 2251 maneamus
1918 2219 2134 2260 imperterriti.
2179 2218 2262 2250 Nam
2292 2216 2378 2257 quod

1426 2262 1477 2293 hic
1505 2261 1545 2292 de
1575 2261 1704 2293 Davide
1726 2262 1842 2293 dicitur
1863 2262 2010 2293 omnibus
2032 2260 2094 2293 Dei
2117 2261 2191 2293 filiis
2214 2260 2377 2302 applican-

1425 2303 1501 2335 dum
1532 2310 1589 2345 est,
1620 2315 1684 2336 non
1716 2309 1862 2345 oportere
1886 2305 2036 2335 nimirum
2061 2313 2119 2336 nos
2142 2303 2281 2335 hostium
2305 2312 2378 2334 nos-

1425 2351 1548 2378 trorum
1579 2353 1612 2378 et
1640 2347 1806 2378 hominum
1835 2346 2052 2387 improborum
2084 2347 2190 2384 minis,
2227 2345 2378 2382 consiliis,

1425 2389 1643 2421 molitionibus
1665 2390 1866 2427 commoveri,
1901 2389 1984 2429 quod
2008 2388 2098 2420 Deus
2121 2389 2220 2430 possit
2242 2399 2301 2420 nos
2323 2387 2378 2420 ad·

1425 2441 1538 2464 versus
1562 2432 1618 2464 illa
1641 2437 1726 2464 tutos
1749 2432 1954 2464 conservare:
1983 2431 2253 2472 quemadmodum
2276 2440 2379 2471 neque

1426 2474 1585 2506 Davidem
1615 2485 1756 2517 unquam
1786 2474 1972 2506 derelictum
1997 2474 2095 2506 fuisse
2117 2474 2274 2512 videmus,
2301 2473 2380 2514 quin

1424 2523 1606 2566 opportuno
1637 2523 1779 2558 tempore
1809 2527 1935 2557 semper
1958 2517 2102 2548 divinum
2127 2517 2284 2549 auxilium
2306 2526 2379 2548 sen·

1424 2560 1512 2598 serit,
1534 2561 1592 2592 etsi
1617 2560 1716 2592 variis
1738 2559 1842 2591 modis
1864 2560 2050 2592 exereitum.

1511 2603 1672 2644 Deinceps
1701 2613 1777 2634 vero
1799 2602 1953 2642 sequitur,
1982 2601 2114 2634 Saulem
2136 2602 2258 2634 Davidi
2278 2601 2379 2634 filiam

1425 2643 1538 2677 Merob
1573 2646 1728 2678 maiorem
1755 2650 1832 2677 natu
1862 2645 2046 2686 promisisse
2067 2645 2100 2676 in
2123 2644 2377 2677 matrimonium.
