2551 3044
412 222 475 253 495
1198 217 1400 249 HOMILIA
1423 217 1619 250 LXXXVI.
2337 218 2401 250 496

501 313 790 344 verumenimvero
829 311 1055 343 difficillimum
1096 311 1179 342 istud
1218 311 1377 342 humanae
1404 317 1405 320 ’
1429 311 1536 353 frangi
1557 321 1687 342 necesse
1712 317 1760 341 est
1785 319 1968 342 nostrarum
1993 311 2178 351 possionum
2203 311 2402 351 violentiam,

416 363 550 388 naturae
580 355 671 393 foret,
702 355 763 385 nisi
790 355 878 385 Deus
909 354 1005 385 ctiam
1037 354 1076 385 ad
1108 361 1234 385 nostros
1253 352 1379 385 dolores
1404 386 1405 399 χ
1430 365 1531 395 quum
1556 354 1713 385 adversus
1737 352 1846 385 hostes
1869 353 2004 391 saevire,
2035 354 2165 394 vimque
2189 354 2219 385 vi
2244 354 2399 394 repellere

415 397 579 431 leniendos
598 397 716 437 aliquid
736 397 874 437 amplius
891 396 1032 432 adderet,
1056 407 1181 436 nempe,
1204 406 1295 427 suam
1315 406 1380 428 esse
1404 418 1406 432 ‚
1430 397 1650 429 sollicitamur.

414 442 557 473 ultionem
580 443 606 471 et
635 440 700 479 sore
731 442 761 470 ul
791 439 951 479 rependat.-
981 439 1097 479 quibus
1124 438 1232 470 verbis
1261 438 1378 479 duplex

414 485 495 516 ratio
524 483 721 521 continetur,
763 493 876 522 nempe
911 481 951 512 ad
995 481 1170 513 Dominum
1219 482 1379 522 pertinere

416 526 589 558 vindictam
618 532 650 556 et
681 524 936 556 retributionem:
976 524 1066 555 Deus
1106 524 1206 565 igitur
1239 524 1380 556 ostendit
1405 538 1406 568 j

415 569 476 601 sibi
507 579 656 609 magnam
684 567 834 599 iniuriam
864 567 903 598 ab
939 567 1125 598 hominibus
1147 567 1226 605 fieri,
1256 567 1380 607 sibique

415 614 465 644 ius
488 621 582 643 suum
606 611 696 651 eripi,
719 621 817 650 quum
841 620 875 641 se
898 610 984 650 ipsos
1008 609 1118 642 ulcisci
1142 610 1265 642 volunt.
1295 609 1378 641 Nam

415 656 532 687 ideirco
556 653 632 684 dicit
654 664 723 684 mea
747 653 826 684 ultio
849 659 906 689 est,
937 653 1029 692 quasi
1052 652 1139 684 dieat
1161 663 1204 690 se,
1227 653 1379 693 quoniam

415 698 528 730 mundi
553 697 651 727 totius
674 696 771 726 iudex
796 701 854 733 est,
879 696 1048 727 retinuisse
1071 705 1170 736 penes
1182 706 1216 727 se
1239 701 1379 736 potesta-

416 750 479 773 tem
503 739 712 772 contumelias
732 748 845 770 omnes
863 745 895 769 et
913 739 1046 769 iniurias
1065 737 1248 770 ulciscendi.
1273 738 1379 776 Quam

417 785 571 815 ultionem
588 792 651 812 uon
673 788 797 812 tantum
818 781 850 812 in
870 780 1020 812 ultimum
1035 780 1118 812 diem
1133 781 1254 812 differri
1269 780 1378 811 existi-

416 826 571 858 mandum
594 830 652 862 est,
674 823 838 856 sedetiam
862 834 920 864 per
938 824 1145 865 magistratus
1164 824 1197 854 in
1223 823 1271 854 his
1284 823 1379 853 terris
1404 825 1406 851 5

415 868 654 900 administrari:
693 876 788 907 quam
823 866 863 898 ob
893 876 1021 898 causam
1055 866 1095 898 D.
1121 866 1243 898 Paulus
1277 865 1377 901 docet,

415 912 618 952 mayistratus
641 920 701 941 nen
724 912 831 941 temere
850 909 992 949 ylarii-um
1013 912 1150 949 qesta7·e;
1172 909 1224 940 secl
1244 908 1304 939 Dei
1323 908 1379 938 mi-

416 955 529 986 nistros
551 963 622 990 esse,
656 953 770 983 ultores
798 952 840 984 acl
860 953 943 983 iram
965 952 993 983 ci
1019 953 1072 992 qui
1095 952 1175 991 quod
1198 951 1313 982 malum
1336 952 1378 981 est

411 998 525 1037 feccrit.

411 1042 461 1072 ius
485 1050 579 1071 suum
598 1039 733 1078 eripere,
764 1048 865 1078 quum
888 1048 922 1068 se
943 1038 1028 1078 ipsos
1051 1037 1158 1068 ulcisci
1183 1044 1213 1067 ct
1237 1037 1378 1076 privatas

410 1083 546 1114 iniurias
560 1081 708 1122 persequi
722 1080 848 1116 velunt,
867 1084 964 1120 atque
977 1079 1174 1112 horrendum
1191 1090 1260 1111 esse
1280 1077 1378 1110 sacri-

412 1126 535 1167 legium
566 1125 720 1155 virtutem
753 1128 784 1154 et
807 1123 1012 1154 autoritatem
1044 1123 1144 1162 ipsius
1174 1123 1219 1153 sic
1243 1121 1378 1153 abolere.

416 1169 500 1200 Nam
529 1169 554 1199 si
589 1166 729 1207 exempli
759 1166 865 1207 gratia
894 1175 1001 1197 coram
1031 1172 1158 1196 terreno
1188 1164 1291 1196 iudice
1323 1174 1379 1204 pro

417 1211 571 1243 tribunali
595 1209 727 1241 sedente
750 1210 835 1239 inter
858 1207 937 1239 dnos
960 1208 1125 1249 litigantes
1147 1208 1270 1238 oriatur
1283 1217 1378 1247 quae-

415 1302 570 1337 sequatur
594 1295 746 1326 iniuriam
765 1293 825 1325 sibi
848 1293 972 1324 illatam
988 1294 1116 1324 ulturus
1139 1293 1171 1324 in
1197 1292 1379 1333 praesentia

416 1339 540 1376 iudicis,
557 1349 599 1369 an
619 1336 903 1378 impunelaturum
923 1336 1028 1376 ipsum
1049 1335 1266 1367 arbitramur?
1291 1334 1378 1366 Sane

416 1382 515 1414 iudex
541 1381 601 1412 sibi
626 1380 693 1411 fieri
718 1379 868 1410 iniuriam
890 1379 1004 1409 merito
1028 1384 1251 1419 conqueratur,
1275 1388 1380 1409 suam-

416 1436 477 1467 que
500 1424 612 1456 violari
645 1422 849 1454 autoritatem
884 1421 968 1461 quod
1003 1432 1021 1452 a
1051 1421 1253 1462 praesidente
1284 1420 1380 1452 fuerit

416 1467 556 1509 petenda
579 1466 667 1502 ultio,
690 1475 785 1505 quam
799 1465 926 1504 privato
944 1474 1002 1504 per
1017 1475 1051 1496 se
1075 1464 1178 1496 facere
1197 1475 1261 1495 nun
1280 1463 1378 1494 licuit.

416 1511 488 1543 Hoc
518 1510 546 1541 si
572 1508 692 1540 terreni
729 1506 850 1538 iudices
881 1507 995 1538 merito
1025 1513 1159 1547 possunt
1199 1506 1282 1546 quod
1313 1505 1407 1537 sint=

418 1553 480 1585 Dei
514 1551 611 1592 legati
646 1556 678 1582 et
707 1550 861 1581 ministri:
897 1554 1051 1589 quantam
1087 1549 1281 1581 arbitramur
1311 1559 1380 1580 esse

417 1596 534 1628 summi
555 1604 664 1626 rerum
689 1593 831 1623 omnium
853 1592 966 1623 iudicis
989 1593 1194 1624 autoritatem
1213 1599 1245 1623 et
1267 1598 1379 1633 poten-

417 1638 520 1671 tiam?
551 1643 582 1668 ct
611 1646 718 1668 coram
748 1645 810 1675 quo
840 1634 970 1675 angelos
1008 1641 1146 1666 tremere
1177 1635 1312 1672 scimus,
1349 1641 1380 1665 et

416 1691 529 1713 omnes
552 1689 637 1720 genu
660 1679 788 1709 flectere
807 1677 957 1717 oportet?
983 1677 1090 1718 Magni
1114 1678 1212 1718 igitur
1236 1677 1380 1709 facienda

421 1735 482 1755 vox
506 1723 560 1754 illo
591 1727 638 1753 cst
662 1721 802 1756 Domini,
833 1730 900 1751 mea
922 1723 965 1752 est
994 1720 1078 1758 ultio,
1110 1720 1380 1760 quemadmodum

418 1777 476 1798 nos
499 1765 530 1797 id
549 1765 653 1796 facere
671 1763 792 1794 Paulus
816 1762 916 1795 decet.
941 1762 1113 1794 Caeterum
1137 1769 1169 1794 et
1188 1763 1288 1794 altera
1307 1774 1381 1803 pars

418 1807 608 1845 adiicienda,
631 1805 790 1847 siquidem
811 1805 899 1837 Deus
918 1815 982 1836 non
1006 1811 1131 1836 tantum
1156 1806 1326 1846 pollicetur
1348 1816 1381 1837 se
1406 1818 1408 1825 s

418 1852 564 1884 ulturum
587 1860 640 1881 eos
669 1849 721 1889 qui
746 1848 873 1879 iniuriis
897 1848 975 1879 alios
997 1848 1172 1886 affecerint,
1196 1849 1250 1879 sed
1274 1849 1381 1887 etiam,

417 1906 481 1927 non
512 1898 714 1925 terrenorum
744 1890 886 1922 iudicum
918 1901 1022 1929 more,
1052 1891 1106 1931 qui
1137 1901 1231 1931 saepe
1263 1891 1382 1923 cedunt

418 1937 521 1974 malis,
545 1941 576 1968 et
597 1935 707 1966 favore
726 1934 778 1965 vel
803 1933 894 1965 donis
917 1933 1061 1974 corrupti
1084 1934 1278 1966 facinorosos
1301 1933 1381 1965 elabi

419 1981 540 2019 sinunt,
572 1977 624 2009 vel
649 1977 747 2008 etiam
768 1976 967 2017 negligentia
985 1983 1017 2007 et
1036 1976 1164 2017 ignavia
1182 1976 1306 2016 flagitia
1325 1977 1382 2007 im-

422 2023 535 2064 punita
569 2021 761 2060 relinquunt.
809 2019 880 2050 Non
915 2019 960 2050 ita
994 2030 1070 2050 vero
1104 2018 1195 2051 Deus
1230 2019 1383 2051 iudicium

421 2070 575 2102 excercet,
607 2073 680 2094 nam
704 2067 739 2093 ut
763 2072 874 2093 omnes
898 2062 1015 2093 iniuste
1044 2066 1178 2103 agentes
1201 2062 1384 2100 ulciscetur,

421 2109 466 2140 sic
489 2109 585 2139 etiam
606 2105 743 2146 singulis
767 2116 823 2145 pro
845 2104 970 2136 meritis
993 2104 1153 2146 rependet.
1174 2104 1263 2136 Hinc
1285 2104 1384 2145 igitur

422 2151 584 2182 discamus
613 2148 679 2179 divi
706 2147 796 2179 Petri
824 2147 1084 2179 exhortationem
1114 2147 1230 2179 animis
1266 2148 1384 2179 nostris

423 2194 520 2225 altius
538 2192 682 2232 infigere,
705 2200 822 2231 nempe
835 2201 964 2222 causam
985 2196 1128 2222 nestram
1147 2190 1180 2221 in
1195 2190 1255 2221 Dei
1268 2201 1384 2222 manus

425 2237 566 2273 reficere,
590 2244 685 2274 quem
709 2234 793 2265 iuste
815 2232 956 2264 iudicare
975 2233 1104 2272 scimus,
1123 2238 1154 2264 et
1173 2242 1238 2264 non
1262 2233 1330 2273 pati
1349 2238 1386 2264 ut

424 2278 583 2319 impunita
606 2281 760 2307 maneant
782 2275 948 2313 maleficia,
973 2280 1004 2307 et
1027 2276 1134 2307 miseri
1158 2280 1190 2307 et
1213 2275 1320 2307 afflicti
1346 2275 1385 2307 ad

425 2323 531 2361 ipsum
562 2319 782 2360 confugientes
815 2329 907 2358 opem
941 2318 1043 2359 ipsius
1075 2323 1107 2350 et
1129 2317 1286 2349 auxilium
1322 2328 1385 2349 nen

425 2364 582 2396 sentiant:
602 2362 657 2393 sed
681 2362 813 2393 miseros
837 2367 869 2392 et
887 2371 1014 2402 egenos,
1038 2365 1070 2392 et
1087 2360 1126 2393 ab
1145 2360 1216 2392 aliis
1235 2361 1385 2393 iniuriam
1411 2360 1413 2383 ἲ

427 2417 538 2447 passos
550 2415 678 2445 semper
690 2404 845 2435 exaudiri.
871 2403 1137 2444 Quandoquidem
1150 2403 1251 2444 igitur
1263 2408 1385 2435 certum

426 2454 476 2480 est
491 2449 594 2480 Deum
614 2448 754 2487 gemitus
774 2446 927 2478 exaudire
948 2446 1118 2478 humilium
1140 2451 1171 2478 et
1190 2447 1386 2478 abiectorum

428 2491 604 2526 hominum,
635 2494 666 2521 et
689 2490 824 2521 iniurias
848 2489 994 2529 persequi
1017 2489 1083 2520 suis
1106 2489 1222 2527 illatas,
1246 2487 1386 2520 eosdem-

427 2545 488 2574 que
522 2534 554 2565 in
589 2532 737 2563 omnibus
777 2532 1004 2563 afflictionibus
1044 2531 1220 2568 consolari,
1257 2541 1387 2562 causam

429 2582 572 2609 nostram
596 2576 628 2606 in
653 2575 754 2615 ipsius
778 2584 894 2605 manus
923 2574 1113 2611 reiiciamus,
1144 2578 1175 2605 et
1205 2584 1243 2605 ne
1266 2573 1388 2605 dubite-

429 2630 501 2651 mus
531 2619 609 2659 quin
641 2623 822 2658 opportuno
854 2624 994 2657 tempere
1018 2627 1144 2657 semper
1168 2617 1326 2648 auxilium
1348 2617 1388 2648 sit

431 2662 519 2693 nobis
531 2661 697 2692 allaturus.
723 2661 830 2700 Atque
844 2660 976 2691 istarum
997 2659 1158 2691 rationum
1179 2659 1388 2691 meditatione

572 995 794 1035 Quamobrem
818 995 962 1035 privatos
986 994 1133 1026 homines
1156 1002 1288 1035 apparet
1311 994 1378 1024 Deo
1404 1003 1405 1015 ¹

1515 439 1585 470 Iam
1606 438 1706 479 igitur
1725 439 1876 478 quoniam
1890 437 2028 470 Davidis
2051 439 2236 479 exemplum
2256 438 2398 470 diximus

1432 482 1522 513 nobis
1554 482 1605 512 hic
1636 480 1827 512 imitandum
1859 481 2005 522 proponi,
2035 481 2200 521 sigillatim
2232 491 2314 522 quae
2345 481 2398 514 hic

1432 525 1524 555 nobis
1543 534 1561 554 a
1585 524 1699 563 spiritu
1723 530 1836 555 sancto
1859 530 2083 564 proponuntur
2100 522 2330 564 expendamus.
2350 525 2400 556 Ae

1432 567 1570 607 primum
1596 565 1675 597 illud
1699 567 1855 598 occurrit:
1882 565 1924 597 Et
1942 576 2085 607 eyressus
2106 567 2142 598 dc
2165 566 2312 606 spelunca
2333 567 2398 599 cla-

1431 610 1526 640 mavit
1544 611 1614 648 post
1634 611 1750 649 teryum
1765 607 1843 640 Saul
1861 609 1980 640 (licens.-
2003 608 2136 641 Domine
2153 610 2198 640 mi
2215 619 2278 640 rex.
2303 608 2397 649 Quae

1432 651 1530 682 verba
1553 661 1631 682 sane
1654 651 1785 682 minime
1814 652 1945 683 fuerunt
1974 652 2134 691 simulata,
2165 661 2267 693 neque
2290 652 2399 684 fucata

1432 694 1607 731 mendacia,
1638 704 1736 734 quum
1762 693 1900 727 Saulem,
1918 694 2083 725 dominum
2107 705 2202 726 suum
2227 704 2263 726 ac
2287 705 2398 736 regem

1405 770 1406 773 Ἴ
1432 744 1532 773 vocat,
1548 747 1622 767 nam
1636 747 1670 767 se
1689 735 1809 768 sciebat
1821 737 1882 776 ipsi
1896 736 2075 768 subiectum
2091 748 2110 768 a
2122 736 2274 776 Domine,
2298 737 2399 770 donec

1431 786 1558 819 tempus
1582 778 1766 810 advenisset
1777 789 1841 819 quo
1865 779 1898 810 in
1918 779 2010 820 regni
2030 779 2266 819 possessionem
2289 780 2396 812 mitte-

1431 828 1529 853 retur.
1570 821 1665 860 Quod
1689 823 1773 852 enim
1799 820 1879 854 Saul
1900 827 1936 852 ut
1959 826 2034 853 ante
2054 822 2195 853 diximus
2217 832 2236 853 a
2255 821 2398 854 Domino

1431 866 1535 896 fuerat
1553 870 1796 896 exauctoratus:
1822 875 1886 896 non
1906 864 1976 895 ideo
1996 871 2102 896 tamen
2124 864 2232 896 David
2251 865 2284 895 in
2305 865 2397 905 regni

1404 912 1406 944 ζ
1430 907 1666 948 possessionem
1682 913 1753 938 erat
1775 908 1900 945 missus,
1924 906 1980 938 sed
2003 912 2130 948 tempus
2142 906 2397 947 exspectandum

1430 955 1499 981 erat
1520 960 1539 980 a
1561 949 1632 981 Deo
1655 950 1899 990 praescriptum.
1925 949 2146 989 Quamobrem
2167 949 2274 981 David
2297 949 2397 990 probe

1431 997 1521 1024 notat
1549 1003 1583 1024 se
1607 992 1752 1023 nondum
1781 1003 1889 1034 regem
1921 1003 1990 1024 esse
2012 992 2221 1030 declaratum,
2251 998 2284 1023 et
2312 991 2397 1025 Sau-

1430 1036 1494 1067 lem
1528 1034 1673 1066 nondum
1703 1045 1803 1077 regno
1837 1035 1981 1076 pulsum,
2015 1046 2052 1066 ac
2082 1034 2215 1076 proinde
2242 1034 2397 1076 quamdiu

1430 1083 1623 1119 potestatem
1655 1077 1824 1115 obtineret,
1854 1089 1888 1110 se
1919 1078 2022 1109 teneri
2045 1077 2261 1110 obedientiam
2285 1082 2318 1109 et
2340 1077 2396 1109 ob-

1430 1122 1576 1161 sequium
1601 1120 1746 1152 debitum
1770 1120 1818 1152 illi
1841 1121 1984 1159 reddere,
2010 1121 2085 1152 licet
2107 1121 2242 1161 indigno
2266 1125 2397 1161 propter

1430 1163 1655 1196 crudelitatem
1679 1163 1768 1194 illam
1792 1169 1824 1195 et
1847 1164 2083 1195 immanitatem
2104 1163 2218 1203 quain
2242 1164 2396 1195 innocen·

1404 1230 1405 1240 ,
1533 1228 1539 1237 .
1676 1228 1685 1237 η.
2082 1217 2091 1236 1
2142 1216 2173 1236 m

415 1255 485 1292 δύο,
510 1261 542 1285 et
561 1252 644 1284 altm-
662 1252 798 1283 alterum
818 1261 927 1291 pugno
946 1251 1090 1291 impetat,
1116 1250 1165 1281 vel
1184 1250 1290 1291 gladio
1309 1259 1378 1289 per·
1404 1244 1407 1264 ¹.
1431 1213 1494 1238 tem
1515 1206 1677 1238 saewebat
1709 1206 1782 1245 Quo
1795 1206 1943 1247 exemplo
1961 1206 2082 1238 docem}
2096 1217 2120 1245 r,
2177 1205 2397 1247 agrstratffius,

1432 1256 1464 1281 et
1498 1249 1670 1290 primariae
1704 1248 1872 1290 dignitatis
1896 1249 1975 1281 viris
2005 1256 2037 1280 et
2066 1249 2105 1280 ad
2141 1259 2249 1280 rerum
2280 1248 2397 1290 guber-

1432 1292 1550 1324 nacula
1579 1291 1766 1323 sedentibus
1795 1302 1890 1323 suum
1919 1292 2060 1323 officium
2091 1302 2155 1323 nen
2189 1291 2394 1331 facientibus,

1433 1336 1487 1367 sed
1511 1334 1684 1366 autoritate
1708 1340 1740 1365 et
1763 1340 1921 1375 potestate
1940 1334 2160 1373 abutentibus,
2184 1333 2396 1366 nihilominus

1432 1377 1739 1418 obtemperandum:
1771 1387 1807 1409 ac
1829 1377 1963 1418 proinde
1991 1387 2057 1409 non
2088 1387 2159 1409 esse
2181 1377 2268 1418 ipsos
2291 1377 2397 1418 prima

1433 1431 1561 1461 quaque
1595 1420 1762 1452 occasione
1796 1420 2002 1459 reficiendos,
2042 1420 2220 1461 iugumque
2251 1421 2395 1460 ipsorum

1433 1463 1679 1495 excutiendum:
1703 1462 1759 1494 sed
1783 1463 1944 1503 patienter
1967 1462 2178 1494 contumelias
2198 1463 2342 1503 ipsorum
2366 1468 2398 1495 et

1432 1506 1570 1538 iniurias
1583 1505 1741 1543 ferendas,
1766 1505 1877 1537 habita
1900 1506 2024 1537 ratione
2048 1505 2224 1546 dignitatis,
2248 1505 2396 1546 adquam

1433 1560 1450 1581 a
1474 1549 1544 1580 Deo
1567 1554 1643 1580 sunt
1666 1549 1778 1581 evecti.
1810 1548 1962 1589 Exempli
1981 1549 2095 1589 pratia,
2118 1549 2144 1579 si
2168 1548 2241 1588 quis
2264 1558 2322 1580 rex
2341 1555 2400 1580 aut

1406 1600 1407 1627 3
1433 1592 1582 1633 princeps
1594 1590 1740 1623 subditos
1759 1591 1891 1623 tributis
1909 1596 1942 1623 et
1960 1591 2171 1632 vectigalibus
2194 1591 2314 1624 iniuste
2325 1601 2399 1632 pre·

1433 1641 1508 1672 mat,
1535 1640 1567 1666 et
1590 1634 1661 1666 aliis
1690 1633 1895 1676 gravioribus
1920 1633 2082 1666 erroribus
2108 1634 2252 1675 graviter
2282 1634 2398 1674 laedat,

1433 1678 1573 1718 dignitas
1601 1682 1710 1708 tamen
1740 1681 1771 1708 et
1800 1681 1941 1717 potestas
1970 1677 2026 1708 illa
2053 1687 2180 1717 semper
2203 1680 2252 1708 est
2274 1677 2399 1710 honere

1406 1753 1407 1756 Ἴ
1433 1721 1530 1762 digne
1559 1719 1738 1751 afficienda.
1780 1719 2000 1758 Quamobrem
2029 1719 2069 1751 ad
2093 1720 2199 1751 Deum
2224 1721 2396 1761 respicien—

1433 1763 1510 1795 dum
1533 1763 1687 1800 norimus,
1719 1772 1818 1803 quum
1842 1768 1934 1794 tanta
1957 1763 2041 1794 inter
2070 1762 2218 1794 homines
2242 1763 2398 1797 violentia

1433 1806 1552 1846 passim
1576 1809 1698 1846 regnet,
1729 1810 1881 1846 tantoque
1911 1805 1984 1837 odie
2014 1815 2071 1836 nos
2093 1806 2190 1837 etiam
2215 1806 2300 1837 ultro
2324 1818 2396 1848 pro-

1433 1853 1587 1889 sequatur
1611 1854 1645 1879 ut
1668 1847 1825 1888 patientia
1850 1853 1961 1879 nostra
1981 1848 2069 1880 laesa
2103 1858 2161 1880 uos
2185 1848 2225 1880 ad
2248 1849 2396 1883 ordinem

1435 1902 1452 1923 a
1484 1892 1553 1922 Deo
1592 1891 1827 1931 praescriptum
1859 1891 2054 1923 turbandum
2095 1891 2248 1932 impellat.
2292 1894 2399 1934 Atque

1435 1935 1494 1966 hoc
1518 1933 1638 1965 dictum
1669 1939 1738 1964 esto
1769 1933 1808 1964 de
1830 1933 1901 1965 aliis
1930 1934 2080 1966 omnibus
2105 1933 2330 1975 dignitatibus:
2361 1946 2398 1968 ac

1435 1977 1569 2018 proinde
1592 1977 1617 2007 si
1643 1976 1726 2007 filius
1757 1976 1858 2016 patris
1889 1986 1994 2008 mores
2026 1976 2173 2009 difficiles
2198 1985 2229 2009 et
2253 1989 2398 2012 morosos

1436 2020 1633 2060 experiatur,
1658 2030 1697 2050 ne
1721 2025 1827 2050 tamen
1852 2019 1971 2060 cogitet
1994 2019 2090 2052 licere
2113 2020 2174 2051 sibi
2198 2020 2310 2062 iugum
2331 2022 2400 2054 eius

1436 2063 1486 2094 cui
1529 2062 1691 2093 subiectus
1721 2067 1771 2093 est
1813 2067 1981 2101 excutere,
2016 2061 2074 2093 sed
2103 2062 2208 2102 potius
2238 2064 2400 2104 patienter

1437 2105 1516 2137 illud
1539 2105 1600 2136 sibi
1624 2104 1794 2136 ferendum
1814 2105 1908 2136 norit.
1933 2104 2057 2144 Excipe
2076 2105 2238 2146 legitimas
2256 2107 2400 2140 rationes

1438 2159 1517 2189 quas
1540 2148 1608 2188 ipse
1633 2147 1722 2179 Deus
1745 2147 1923 2184 constituit,
1947 2147 2064 2187 quibus
2083 2148 2288 2188 superiorum
2311 2155 2401 2183 auto-

1438 2192 1534 2222 ritate
1558 2194 1590 2222 ct
1619 2194 1778 2230 potestate
1809 2200 1868 2221 sua
1893 2189 2095 2221 abutentium
2125 2201 2276 2223 excessus
2294 2193 2402 2234 expri-

1410 2259 1412 2269 ,
1438 2240 1578 2265 mantur.
1621 2232 1686 2265 Sed
1713 2232 1765 2264 hic
1792 2233 1919 2273 agimus
1948 2232 1986 2263 de
2017 2233 2145 2273 privata
2174 2233 2297 2266 ultione
2319 2246 2401 2277 quae

1411 2294 1413 2316 i,
1440 2275 1560 2307 nemini
1573 2275 1700 2316 privato
1714 2275 1908 2313 conceditur,
1928 2275 2185 2316 quandoquidem
2200 2277 2400 2317 privatorum

1439 2330 1502 2350 non
1526 2323 1574 2350 est
1596 2318 1730 2359 publicis
1754 2317 1849 2349 malis
1869 2318 2000 2356 mederi,
2031 2323 2064 2349 et
2086 2318 2150 2350 illis
2173 2329 2208 2351 se
2230 2330 2401 2361 opponere.

1523 2361 1680 2401 Sequitur
1714 2360 1830 2392 deinde
1864 2360 2026 2392 Davidem
2060 2370 2170 2402 royare
2205 2361 2332 2396 Saulem
2362 2375 2401 2397 ne

1412 2439 1414 2447 ρ
1438 2413 1521 2436 voces
1542 2403 1667 2435 illorum
1689 2403 1801 2435 audiat
1829 2403 1884 2443 qui
1905 2404 2011 2443 ipsum
2034 2404 2120 2444 apud
2145 2415 2244 2445 reyem
2266 2406 2402 2446 quotidie

1438 2446 1678 2478 calwmziantur.
1704 2446 1755 2477 Ex
1778 2456 1840 2486 quo
1863 2451 1997 2486 apparet
2020 2457 2085 2478 non
2109 2447 2209 2479 foveri
2232 2459 2335 2490 neque
2357 2450 2400 2482 ali

1439 2489 1559 2520 malum
1595 2489 1766 2529 patientia,
1797 2488 2066 2529 quemadmodum
2103 2490 2222 2522 multos
2252 2491 2401 2525 videmus

1412 2568 1414 2570 ¹
1441 2531 1499 2563 hoc
1530 2531 1631 2562 veluti
1661 2532 1733 2563 fuco
1765 2535 1797 2562 et
1825 2531 1990 2572 pigmento
2021 2541 2096 2564 suos
2121 2533 2256 2566 affectus
2279 2540 2312 2566 et
2334 2536 2402 2568 ani-

1413 2610 1414 2614 ,
1441 2584 1527 2605 mum
1552 2584 1584 2605 sc
1608 2573 1783 2606 ulciscendi
1807 2580 1925 2614 tegere,
1957 2584 2030 2605 eum
2054 2575 2107 2615 qui
2131 2586 2225 2608 ovem
2249 2587 2283 2608 se
2305 2578 2403 2610 faciat

1440 2626 1458 2647 a
1482 2616 1564 2656 lupis
1589 2617 1712 2654 laniari,
1744 2623 1775 2648 et
1806 2617 1960 2656 patientia
1990 2617 2209 2657 improborum
2233 2618 2401 2654 hominum

1441 2658 1605 2690 audaciam
1637 2659 1766 2697 irritari,
1796 2665 1827 2690 et
1855 2660 2025 2701 grassandi
2055 2659 2218 2692 licentiam
2249 2667 2401 2704 tanquam
