2551 3044
411 224 472 259 5223
1165 226 1364 258 HOMILIA
1392 225 1624 259 LXXXVIII.
2320 228 2383 260 524

411 327 582 358 adversum
606 334 664 355 nos
687 329 718 354 et
742 333 899 362 nusquam
926 328 994 353 tuta
1017 322 1107 362 quies
1129 327 1292 361 appareat,
1315 321 1369 352 sed

412 370 502 401 niodo
526 369 558 399 in
584 368 675 402 hanc,
706 365 799 396 modo
822 366 855 396 in
887 365 975 395 illam
1007 371 1130 405 partem
1160 363 1370 403 expellamur.

414 412 622 442 nihilominus
647 416 754 440 tamen
778 408 987 447 imperterriti
1011 406 1163 438 fiduciam
1187 406 1277 438 illam
1297 407 1370 438 reti·
1396 417 1398 425 ⁴

413 455 568 490 nebimus,
591 459 622 483 ct
642 450 788 483 hostibus
803 451 954 482 omnibus
974 449 1210 485 insultabimus,
1236 449 1371 480 Davidis

414 508 520 529 vocem
551 496 637 527 illam
669 501 878 534 usurpantes:
915 493 955 523 In
978 492 1115 524 Domino
1143 492 1266 531 confido,
1296 492 1372 532 quid

413 541 575 571 adversum
611 548 655 568 me
683 536 836 578 potestis?
879 536 950 567 Hoc
984 535 1084 576 igitur
1117 533 1230 575 clypeo
1253 534 1370 566 muniti

414 582 576 614 molestias
594 591 703 612 omnes
722 579 953 620 superabimus,
977 584 1009 609 et
1021 587 1132 609 omnes
1151 577 1371 614 contumelias,
1398 591 1399 594 ¹

414 634 446 656 ot
469 625 671 665 blasphemas
701 622 919 663 improborum
951 621 1118 652 hominum
1149 630 1243 651 voees
1266 620 1370 660 despi-
1398 632 1399 651 ι

1398 670 1399 677 ’
1425 662 1492 693 suis
1515 662 1645 702 recepit,
1675 669 1707 693 et
1726 662 1879 694 adversus
1903 663 2011 693 hostes
2033 672 2067 694 se
2091 667 2216 694 tutatus
2238 668 2296 700 est,
2320 671 2387 693 non

414 669 544 705 ciemus,
575 674 605 698 et
640 666 799 705 intrepide
823 666 855 695 in
889 670 998 695 nostra
1026 663 1229 703 simplicitate
1265 673 1371 703 perse-

417 713 608 746 verabimus,
639 708 721 749 quod
745 708 778 738 in
803 708 872 738 Deo
897 707 1045 739 fiduciam
1069 705 1262 738 collocantes
1281 705 1372 736 nulla

415 755 463 785 vis
487 754 652 784 hominum
677 751 775 791 possit
798 750 970 782 offendere.
994 749 1076 781 Nam
1096 749 1156 780 etsi
1176 749 1278 779 multa
1301 748 1371 788 qui-

416 840 554 870 tationes
577 843 769 877 exsurgent:
793 836 855 868 fide
869 841 977 867 tamen
993 845 1104 867 omnes
1125 834 1372 875 superabuntur,

413 880 683 922 quemadmodum
715 879 874 910 Davidem
913 879 1065 918 conqueri
1096 877 1265 915 videmus,
1302 886 1373 916 pee-

412 931 536 957 catores
559 923 736 954 intendisse
754 933 874 962 arcum,
899 928 930 953 et
953 921 1116 962 paravisse
1140 921 1274 959 sagittas
1297 928 1372 950 suas

413 978 510 1007 super
541 977 678 997 nervum
707 965 862 997 adversus
890 975 933 1002 se,
964 963 1078 1004 quibus
1109 969 1214 993 tamen
1244 973 1277 993 se
1307 971 1372 992 non

414 1021 504 1051 posse
525 1009 607 1040 laedi
628 1010 680 1040 ait.
719 1008 806 1048 Quin
827 1008 924 1039 etiam
943 1007 1012 1047 ipsa
1033 1005 1144 1037 mundi
1165 1005 1373 1036 fundamenta

413 1053 568 1085 convulsa
591 1052 676 1088 dicit,
705 1062 769 1082 non
794 1051 924 1090 quidem
948 1049 1037 1090 quasi
1060 1049 1106 1080 sol
1131 1053 1183 1079 aut
1207 1047 1294 1085 luna,
1318 1051 1372 1077 aut

413 1104 547 1127 naturae
570 1095 648 1126 ordo
670 1094 821 1126 confusus
844 1098 938 1130 esset,
962 1092 1016 1123 sed
1037 1092 1171 1122 miserae
1192 1090 1280 1121 illius
1296 1100 1371 1120 con-

413 1138 545 1170 ditionis
568 1143 713 1178 respectu
738 1137 887 1177 loquitur,
917 1135 951 1166 in
981 1144 1077 1175 quam
1105 1139 1174 1165 erat
1205 1133 1371 1164 hominum

413 1181 562 1222 opinione
586 1181 757 1212 coniectus.

499 1224 564 1255 Sed
596 1224 647 1254 isti
679 1221 850 1254 tentationi
881 1220 1031 1260 elypeum
1062 1219 1195 1250 fiduciae
1226 1218 1310 1249 illius
1340 1218 1371 1248 in

416 1268 521 1298 Deum
545 1267 660 1303 obiicit,
693 1271 724 1296 et
754 1265 798 1295 ait
822 1263 926 1293 Deum
953 1262 1069 1293 habere
1092 1261 1199 1292 sedem
1224 1271 1314 1291 suam
1339 1260 1371 1290 in

413 1310 525 1345 coelis,
567 1315 599 1340 et
633 1313 780 1349 oportere
813 1305 975 1346 improbos
1009 1316 1077 1336 sese
1111 1304 1185 1335 illus
1219 1303 1372 1334 tribunali

413 1353 536 1390 sistere,
565 1359 597 1383 et
619 1351 750 1382 meritas
778 1358 896 1389 poenas
920 1348 1004 1379 dare.
1047 1346 1154 1378 David
1176 1347 1275 1387 igitur
1300 1346 1373 1378 lieet
1399 1377 1400 1380 ,

414 1396 447 1426 in
471 1396 623 1435 spelunea
647 1394 700 1424 illa
724 1399 877 1432 tanquam
903 1392 932 1421 in
957 1391 1101 1430 sepulcro
1125 1390 1265 1427 latuisse,
1290 1394 1372 1419 etex
1398 1388 1401 1408 l

414 1437 523 1469 eadem
549 1439 579 1468 in
604 1436 690 1468 aliud
713 1435 875 1466 desertum
900 1434 1008 1473 fugere
1031 1438 1158 1464 coactus
1188 1433 1310 1470 fuisset,
1342 1436 1373 1462 et

414 1480 527 1512 nullibi
557 1486 660 1511 tutum
693 1478 849 1518 refugium
881 1476 1036 1513 invenire,
1066 1480 1098 1506 et
1126 1474 1287 1506 videretur
1309 1475 1370 1504 iam

415 1523 551 1555 alterum
575 1524 606 1554 in
627 1522 709 1553 fossa
729 1520 840 1561 pedem
862 1518 987 1555 habere,
1012 1524 1042 1549 et
1062 1528 1101 1548 ne
1122 1517 1161 1549 ad
1175 1522 1372 1548 momentum

414 1566 543 1607 quidem
569 1565 721 1605 temporis
745 1564 808 1594 otio
837 1562 942 1601 aliquo
966 1562 1133 1597 frueretur,
1165 1560 1373 1591 nihilominus

415 1618 523 1640 tamen
548 1609 586 1639 ad
612 1608 717 1638 Deum
739 1606 846 1638 oculos
869 1604 1006 1642 sustulit,
1037 1612 1068 1635 et
1080 1597 1123 1634 ‘in
1148 1604 1245 1643 ipsius
1265 1602 1372 1642 provi·
1398 1603 1400 1639 3

416 1652 525 1683 dentia
555 1661 643 1690 spem
676 1659 766 1680 snam
797 1647 948 1687 reposuit,
978 1646 1060 1687 quod
1091 1647 1124 1677 in
1155 1646 1241 1677 coelo
1264 1645 1372 1676 sedem

416 1694 542 1730 habeat,
567 1700 599 1724 et
623 1693 790 1724 hominum
815 1691 897 1721 facta
920 1690 1074 1729 exploret.
1099 1689 1167 1719 Nae
1187 1688 1280 1719 multi
1304 1688 1372 1727 qui·
1399 1703 1401 1723 3

1399 1746 1401 1764 ι
1426 1737 1555 1764 senecta
1583 1742 1656 1764 cum
1687 1731 1838 1762 maximis
1868 1730 2112 1762 difficultatibus
2149 1735 2183 1761 et
2215 1728 2387 1761 horrendis

414 1737 486 1768 dem
504 1737 607 1767 Deum
630 1736 662 1766 in
686 1734 782 1766 coelis
805 1743 874 1765 esse
894 1732 1013 1769 dieunt,
1037 1731 1091 1763 sed
1112 1742 1217 1762 rerum
1238 1731 1372 1762 istarum

414 1780 618 1811 infirmarum
639 1778 760 1809 nullam
775 1777 891 1807 habere
905 1785 1024 1812 curam,
1050 1785 1148 1814 quum
1163 1779 1269 1805 tamen
1284 1773 1372 1804 Deus

415 1833 432 1854 e
456 1822 542 1853 coelo
565 1832 644 1861 opus
667 1831 760 1851 suum
784 1820 893 1850 foveat
922 1823 953 1849 et
982 1822 1159 1852 conservet,
1191 1823 1220 1847 et
1246 1816 1373 1856 singula

414 1909 448 1939 in
473 1908 559 1939 coelo
583 1907 700 1937 habere
723 1905 830 1937 sedem
854 1903 979 1941 dieitur,
1004 1913 1068 1934 non
1087 1908 1134 1933 est
1152 1912 1256 1933 crasse
1279 1901 1372 1931 intel-

416 1951 580 1991 ligendum
612 1949 701 1989 quasi
726 1948 816 1979 Deus
848 1947 999 1977 thronum
1032 1946 1172 1981 haberet,
1204 1949 1240 1975 ut
1270 1944 1374 1974 solent

415 1994 535 2025 terreni
558 2002 650 2033 reges
680 2002 717 2023 ac
748 1991 917 2031 principes.
959 1989 1070 2028 Neque
1101 1988 1184 2018 enim
1210 1987 1298 2018 Deus
1327 1993 1374 2017 est

416 2046 598 2076 corporeus,
630 2045 732 2074 neque
762 2044 842 2073 opus
866 2031 961 2063 habet
984 2031 1057 2063 ullis
1079 2030 1280 2066 adiumentis,
1308 2030 1374 2068 qui-

417 2079 475 2110 bus
506 2080 706 2110 maiestatem
737 2087 827 2107 suam
859 2073 1076 2112 commendet,
1105 2073 1155 2104 eui
1186 2072 1287 2113 gloria
1317 2082 1375 2102 sua

416 2122 542 2153 sufficit.
582 2120 646 2152 Sed
670 2130 769 2159 quum
793 2117 901 2150 David
925 2117 963 2148 de
986 2116 1048 2147 Dei
1071 2115 1144 2147 sede
1168 2115 1317 2155 loquitur,
1342 2115 1373 2144 in

416 2165 502 2196 coelo
532 2164 600 2194 vult
631 2165 736 2202 ipsum
768 2161 906 2201 agnosci,
938 2165 973 2191 ut
1003 2159 1140 2190 indicem
1171 2157 1313 2188 omnium
1343 2162 1375 2186 et

416 2208 675 2248 gubernatorem,
699 2205 790 2237 cuius
811 2202 1011 2244 providentia
1031 2202 1076 2233 sic
1095 2201 1202 2232 omnia
1221 2205 1374 2240 regantur
1400 2217 1401 2236 3

417 2258 448 2281 et
472 2249 741 2281 administrentur
765 2248 797 2278 in
823 2247 871 2277 his
895 2246 1000 2282 torris,
1031 2251 1067 2275 ut
1099 2243 1177 2274 nihil
1202 2249 1321 2273 temere
1344 2248 1375 2272 et

417 2293 547 2323 fortuito
572 2292 702 2327 feratur,
726 2290 781 2321 sed
805 2295 890 2320 recto
914 2288 1046 2320 consilio
1070 2287 1170 2327 ipsius
1193 2285 1300 2316 omnia
1323 2284 1376 2315 ad·
1400 2285 1401 2292 ¹

418 2336 651 2366 ministrentur.
687 2333 795 2372 Quare
818 2342 914 2372 quum
937 2341 1013 2362 suos
1036 2329 1075 2361 ad
1100 2335 1226 2370 tempus
1249 2327 1374 2368 affligit,

417 2386 448 2409 et
472 2378 569 2409 variis
591 2375 826 2408 calamitatibus
851 2381 978 2405 exercet
1007 2373 1038 2404 in
1069 2373 1213 2413 ipsorum
1237 2380 1374 2403 commo·
1401 2377 1403 2389 ³

418 2421 493 2452 dum
518 2426 549 2451 et
571 2420 707 2451 salutem
729 2418 821 2454 cedit,
853 2417 1055 2456 declaratque
1079 2426 1112 2447 se
1142 2415 1284 2454 ipsorum
1307 2413 1375 2453 cly-

418 2474 512 2504 peum
545 2468 575 2494 et
605 2461 881 2502 propugnaculum
912 2469 992 2490 esse.
1034 2459 1061 2489 E
1086 2457 1246 2490 contrario
1269 2462 1374 2487 autem

417 2507 666 2546 quotiescunque
698 2503 834 2544 improbi
866 2509 896 2533 et
930 2501 1085 2533 increduli
1121 2501 1310 2535 lasciviunt,
1344 2503 1376 2528 ot

418 2558 631 2589 quaeeunque
662 2548 694 2578 in
734 2547 863 2577 buccam
900 2545 1034 2576 veniunt
1067 2543 1115 2585 (ut
1145 2541 1274 2583 dicitur)
1304 2551 1376 2572 evo-

420 2634 508 2664 nullo
533 2633 623 2664 modo
647 2631 761 2663 adduci
792 2631 924 2671 possint,
954 2630 1167 2661 certissimum
1198 2633 1246 2659 est
1271 2628 1374 2658 Deum

420 2676 527 2707 sedem
551 2686 640 2707 suam
665 2675 782 2706 habere
805 2674 838 2704 in
857 2673 953 2705 coelis
972 2672 1011 2703 ad
1031 2682 1127 2712 quam
1148 2671 1232 2711 ipsos
1256 2670 1295 2701 de
1307 2679 1374 2700 om-

1425 322 1516 352 nibns
1541 321 1698 351 rationem
1720 322 1900 352 reddituros
1920 321 1990 352 sisti
2010 327 2143 360 oportet.
2169 321 2264 352 Hanc
2284 322 2384 362 igitur

1423 364 1461 393 ob
1485 373 1613 394 causam
1634 362 1722 394 addit
1735 363 1852 401 David,
1877 364 1986 395 oculos
1999 363 2060 394 Dei
2081 365 2224 395 intentos
2242 365 2275 394 in
2289 375 2384 396 omne

1425 407 1589 437 hominum
1622 416 1740 446 genus,
1778 414 1811 438 et
1841 406 1969 438 tandein
2001 406 2106 446 ipsum
2137 407 2168 437 in
2204 413 2384 446 peccatores

1425 450 1529 487 ignem
1554 459 1647 479 suum
1672 449 1872 488 emissurum,
1897 459 2053 489 pauperes
2073 455 2182 480 autem
2201 454 2234 480 et
2251 449 2386 481 afflictos

1425 491 1534 523 fideles
1565 498 1781 523 servaturum.
1826 492 1932 532 Atque
1962 493 1995 522 in
2024 501 2062 522 eo
2091 491 2280 522 admiranda
2310 496 2386 523 sunt

1425 535 1492 565 eius
1511 534 1637 565 iudicia.
1661 533 1753 572 Quae
1766 540 1843 566 sunt
1862 535 1953 566 nobis
1973 539 2121 565 accurate
2134 533 2275 565 notanda
2287 544 2386 574 quum

1426 577 1584 607 Davidem
1599 582 1646 607 tot
1659 576 1896 608 calamitatibus
1916 577 2071 608 afflictum
2096 577 2195 608 fuisse
2209 577 2387 614 videamus,

1426 628 1455 650 et
1486 620 1559 650 licet
1589 620 1868 660 propugnaculum
1901 619 2050 651 habuerit
2080 620 2114 650 in
2144 619 2227 660 quod
2256 630 2290 651 se
2312 629 2387 652 eum

1425 711 1532 736 tamen
1557 705 1656 736 fuisse
1679 713 1744 736 tam
1769 711 1884 742 tutum,
1915 706 1991 746 quin
2015 709 2145 736 coaetus
2167 706 2217 743 sit,
2240 705 2388 745 quamvis

1398 776 1399 787 ,
1425 747 1516 778 illum
1529 747 1608 778 Saul
1633 747 1673 778 ad
1701 753 1827 789 tempus
1847 759 1910 779 non
1931 749 1973 778 sit
2003 753 2227 788 persequutus,
2258 747 2388 789 longius

417 797 488 827 deni
513 798 679 827 incurrent
702 795 734 825 in
758 794 865 825 oeulos
890 791 1092 825 incommoda
1111 796 1143 823 et
1165 801 1279 831 graves
1303 797 1371 821 ten·
1398 790 1399 811 ἶ
2361 790 2368 796 “

1426 796 1532 821 tamen
1553 801 1571 821 a
1593 789 1711 821 Iudaea
1732 790 1889 822 recedere.
1914 791 2002 821 Hine
2025 790 2125 830 igitur
2144 790 2306 822 diseamus
2316 800 2387 822 am-

1426 843 1514 864 mum
1529 832 1714 864 nullomodo
1727 833 2000 874 despondendum,
2027 833 2149 873 quoties
2162 833 2202 864 ab
2214 833 2390 864 afflictione

1425 881 1456 907 et
1479 876 1659 907 tentatione
1690 877 1721 906 in
1753 877 1934 917 graviorem
1968 875 2150 913 incidimus,
2182 876 2260 907 adeo
2291 881 2326 906 ut
2354 875 2389 906 in

1425 918 1566 949 hostium
1586 923 1767 950 nostrorum
1788 920 1937 950 manibus
1957 918 2076 958 captivi
2095 919 2199 949 teneri
2213 918 2389 950 videamur.

1426 961 1514 1001 Quin
1538 962 1642 1002 potius
1672 961 1850 993 doctrinam
1882 962 1976 993 istam
2000 961 2040 992 ob
2070 961 2177 992 oculos
2201 961 2294 992 nobis
2317 970 2392 1001 pro·

1426 1015 1590 1045 ponamus,
1615 1014 1677 1044 qua
1701 1004 1794 1036 valde
1816 1004 2008 1045 indigemus,
2033 1009 2065 1035 et
2085 1004 2226 1035 frontem
2247 1003 2392 1044 exporri-

1426 1058 1550 1088 gamus,
1575 1058 1615 1078 ne
1628 1047 1697 1078 Deo
1721 1057 1780 1078 nos
1800 1048 1896 1078 variis
1916 1047 2019 1078 modis
2038 1051 2220 1084 exercente,
2243 1046 2392 1087 quamvis

1426 1090 1593 1121 nobiscum
1624 1100 1750 1121 summo
1781 1091 1851 1121 iure
1882 1100 1946 1121 non
1979 1095 2063 1129 agat,
2093 1089 2186 1120 varia
2216 1093 2325 1120 tamen
2357 1089 2392 1120 in

1426 1133 1534 1163 animo
1558 1132 1737 1164 volvamus.
1763 1132 1982 1172 Quamobrem
2005 1143 2103 1173 quum
2127 1142 2185 1163 nos
2209 1132 2299 1163 varia
2321 1141 2392 1163 eer-

1399 1176 1549 1207 *tamina
1584 1175 1762 1215 urgebunt,
1796 1181 1827 1206 et
1864 1176 1993 1207 crebrae
2028 1175 2239 1212 tentationes,
2273 1174 2391 1214 quibus

1426 1218 1577 1250 facillime
1613 1218 1912 1255 succumberemus,
1954 1218 2014 1249 nisi
2049 1218 2111 1248 Dei
2145 1216 2391 1257 provindentiae

1426 1263 1581 1292 memoria
1611 1261 1860 1300 suetinsi-emur,
1895 1260 2033 1292 Davidis
2063 1259 2250 1300 exemplum
2281 1260 2390 1291 intue-

1426 1314 1529 1342 amur,
1553 1304 1607 1344 qui
1627 1304 1739 1335 multis
1756 1305 1918 1336 exercitus
1931 1303 2172 1340 tentationibus,
2200 1303 2274 1334 licet
2295 1303 2391 1334 homo

1425 1346 1538 1377 iisdem
1570 1347 1770 1387 passionibus
1806 1346 1923 1386 quibus
1965 1355 2023 1377 nos
2061 1345 2237 1382 obnoxius,
2279 1348 2389 1376 tamen

1427 1390 1554 1420 fortiter
1577 1401 1631 1420 eas
1654 1389 1830 1430 superavit,
1853 1389 1915 1420 Dei
1935 1389 2055 1420 auxilio
2075 1389 2188 1420 fretus.
2212 1387 2389 1428 Confugia-

1426 1443 1499 1463 mus
1523 1433 1622 1472 igitur
1652 1432 1691 1463 ad
1715 1432 1865 1473 spiritum
1890 1431 2029 1468 virtutis,
2061 1441 2198 1471 eumque
2221 1441 2391 1471 precemur

1426 1481 1462 1506 ut
1485 1482 1628 1506 nostram
1647 1475 1870 1506 infirmitatem
1889 1474 2044 1513 sublevet,
2067 1478 2099 1505 et
2116 1478 2296 1514 opportuno
2308 1478 2390 1504 tem-

1427 1528 1502 1558 pore
1526 1519 1690 1559 suppetias
1713 1518 1803 1549 ferat.

1511 1561 1691 1602 Pergamus
1720 1560 1759 1591 ad
1789 1560 1923 1600 reliqua,
1954 1559 2070 1599 quibus
2104 1559 2221 1590 dicitur
2251 1560 2391 1590 mortuus

1427 1603 1555 1635 Samuel
1576 1606 1602 1635 et
1624 1605 1826 1644 conyreyams
1843 1603 2010 1634 universus
2029 1602 2131 1634 Israel
2149 1602 2191 1633 ad
2211 1611 2281 1633 eum
2297 1600 2391 1640 plan-

1425 1647 1575 1687 gendum:
1599 1657 1687 1686 quem
1709 1645 1893 1685 sepelierunt
1914 1646 1949 1676 in
1971 1645 2059 1676 domo
2077 1655 2137 1676 sua
2158 1645 2193 1676 in
2219 1643 2389 1676 Ramatha.

1426 1690 1490 1721 Hic
1512 1690 1545 1720 in
1569 1689 1681 1730 primis
1712 1688 1950 1720 observandum
1975 1687 2159 1719 Samuelem
2189 1688 2222 1719 in
2245 1692 2390 1718 extrema

1426 1774 1659 1806 tentationibus
1689 1774 1846 1805 luctatum
1876 1774 1982 1804 fuisse.
2024 1773 2189 1813 Propheta
2224 1772 2286 1804 Dei
2309 1776 2388 1810 erat,

1400 1847 1401 1854 ,
1427 1817 1536 1858 populi
1567 1818 1704 1849 salutem
1735 1827 1754 1847 a
1784 1816 1923 1848 Davidis
1954 1826 2055 1857 regno
2086 1815 2227 1856 pendere
2255 1814 2388 1856 sciebat,

415 1865 581 1897 hominnm
605 1864 690 1895 faeta
713 1863 867 1902 exploret.
899 1860 1068 1892 Caeterum
1093 1870 1190 1900 quum
1216 1859 1373 1889 Dominus
1399 1872 1400 1877 ¹

1429 1861 1559 1892 Saulem
1584 1860 1700 1901 populo
1731 1870 1840 1900 regem
1872 1859 1948 1890 dare
1978 1859 2087 1890 iussus
2111 1859 2215 1889 suerat.
2237 1868 2279 1888 ex
2302 1857 2389 1889 tribu

1428 1903 1610 1941 Beniamin,
1634 1914 1697 1933 non
1721 1908 1827 1933 autem
1852 1912 1869 1933 e
1893 1902 1979 1933 tribu
1999 1901 2081 1932 Iuda
2099 1901 2283 1938 oriundum,
2307 1910 2389 1931 eun-

1428 1946 1498 1977 dem
1531 1951 1783 1982 exauctoratum,
1809 1950 1840 1976 et
1858 1955 1876 1976 a
1900 1944 2042 1975 Domino
2065 1944 2219 1975 reiectum
2245 1942 2387 1974 viderat:

1427 1988 1542 2029 quibus
1565 1989 1714 2020 omnibus
1737 1988 1948 2019 vehementer
1971 1987 2151 2027 perturbari
2182 1996 2275 2027 posse
2299 1984 2387 2017 vide-

1428 2032 1531 2069 batur,
1563 2041 1662 2071 quum
1687 2035 1733 2061 tot
1756 2030 1951 2061 mutationes
1975 2029 2110 2068 videret,
2141 2035 2172 2060 et
2199 2028 2388 2069 praesertim

1427 2084 1527 2114 quum
1551 2073 1710 2105 Davidem
1742 2073 1859 2104 reiecto
1884 2072 1982 2104 Saule
2006 2082 2126 2112 ungere
2149 2076 2182 2103 et
2204 2081 2313 2111 regem
2337 2071 2389 2102 de-

1428 2118 1557 2158 signare
1580 2127 1598 2148 a
1621 2116 1762 2147 Domino
1783 2117 1887 2147 iussus
1911 2120 1971 2146 est.
2002 2115 2085 2146 Nam
2108 2115 2143 2145 in
2166 2113 2293 2145 Davide
2315 2123 2388 2153 spes

1427 2160 1566 2199 reposita
1579 2159 1749 2190 videbatur
1761 2158 1874 2189 salutis
1897 2157 2016 2198 populi,
2040 2165 2071 2188 et
2084 2157 2192 2197 regiae
2209 2156 2387 2197 dignitatis,

1427 2203 1602 2242 quinetiam
1626 2207 1776 2232 aeternae
1795 2201 1907 2232 salutis
1925 2199 2103 2231 firmandae
2122 2200 2149 2230 si
2162 2199 2270 2230 David
2287 2208 2388 2240 regno

1428 2246 1597 2281 frueretur,
1621 2250 1654 2275 et
1676 2244 1740 2275 otio
1763 2253 1799 2274 ae
1823 2243 2057 2283 tranquillitate
2081 2241 2312 2282 rempublicam
2331 2240 2388 2272 ad-

1429 2288 1636 2326 ministraret«,
1656 2297 1767 2318 verum
1781 2296 1880 2326 quum
1893 2285 2167 2316 animadverteret
2179 2284 2387 2322 eontrarium,

1428 2334 1459 2360 et
1473 2330 1629 2362 Davidem
1654 2330 1687 2360 iu
1703 2329 1812 2361 Saulis
1835 2328 1943 2359 odium
1965 2328 2092 2359 venisse
2115 2332 2245 2368 propter
2264 2326 2388 2358 unctio-

1429 2383 1500 2403 nem
1531 2383 1624 2413 quam
1651 2372 1714 2403 Dei
1744 2372 1832 2403 iussu
1865 2370 1996 2402 Samuel
2026 2369 2326 2407 administraverat,
2357 2372 2389 2400 et

1429 2421 1592 2453 praeterea
1620 2414 1754 2447 Saulem
1783 2413 1874 2445 illum
1903 2414 1948 2444 ita
1977 2413 2124 2453 persequi
2162 2418 2198 2443 ut
2228 2421 2387 2452 nusquam

1401 2463 1403 2472 ¹
1429 2457 1546 2489 Davidi
1570 2463 1660 2489 tutus
1683 2458 1771 2489 locus
1795 2462 1889 2494 esset,
1913 2461 1945 2487 et
1967 2466 2030 2487 non
2054 2460 2179 2486 tantum
2200 2453 2240 2486 ad
2259 2453 2387 2494 aliquod

1430 2505 1555 2540 tempus
1578 2511 1649 2532 cum
1674 2500 1744 2531 istis
1768 2498 2013 2530 difficultatibus
2036 2498 2192 2529 luctatum
2216 2496 2387 2534 Davidem,

1401 2540 1402 2547 ¹
1428 2542 1482 2572 scd
1507 2543 1629 2573 nullum
1653 2544 1750 2573 finem
1775 2542 1919 2573 laborum
1944 2541 2077 2572 istorum
2106 2539 2388 2578 animadverteret,

420 2599 521 2627 munt,
554 2599 585 2622 et
617 2587 671 2620 ita'
684 2589 832 2620 obstinati
865 2594 950 2624 sunt,
983 2593 1015 2617 ut
1039 2587 1078 2617 ad
1111 2587 1226 2617 bonam
1250 2585 1374 2624 frugem
1401 2589 1402 2592 ’

1429 2586 1603 2616 verisimile
1627 2593 1674 2617 est
1698 2587 1802 2625 ipsum
1827 2585 2036 2624 gravissimas
2065 2583 2262 2614 tentationes
2292 2582 2388 2613 susti-

1429 2627 1547 2659 nuisse.
1581 2628 1691 2668 Neque
1715 2628 1800 2659 enim
1824 2632 1891 2657 erat
1914 2626 2070 2667 stupidus,
2094 2636 2151 2657 nec
2174 2623 2388 2656 insensibilis:

1428 2669 1484 2700 sod
1507 2676 1634 2710 praeter
1658 2670 1860 2711 prudentiam
1885 2679 1982 2709 quam
2012 2679 2030 2699 a
2055 2668 2124 2700 Deo
2154 2672 2328 2707 acceperat,
2358 2670 2389 2698 et

2514 687 2539 778 ξυμ-ς.Ἲ
2526 647 2529 651 .
2526 603 2527 606 Α
