2551 3044
345 218 401 248 131

344 317 454 342 turum
491 319 583 349 quem
620 308 678 340 sibi
713 309 902 349 substituat,
943 310 1038 351 louge
1073 309 1236 340 meliorem
1271 312 1302 339 et

346 353 502 393 dignitate
532 352 807 392 praestantiorem.
854 353 901 384 Ac
931 363 1007 385 sane
1039 353 1141 384 Deum
1177 356 1301 382 certum

346 403 393 427 est
418 404 480 426 non
504 394 648 426 laborare
672 394 882 427 vehementer
901 396 933 427 in
953 394 1143 437 quaerendis
1167 393 1244 424 viris
1263 392 1302 424 ad

347 437 538 478 dignitatem
574 437 711 477 aliquam
747 444 803 469 aut
835 448 953 470 munus
987 438 1124 474 idoneis,
1165 446 1242 476 quos
1277 436 1302 467 si

347 486 477 521 quaerat
503 478 609 510 nullos
640 480 794 520 reperiat:
823 480 878 512 sed
908 482 1081 522 ipsummet
1115 479 1193 510 tales
1218 479 1304 509 viros

348 523 490 554 excitare
521 528 550 553 et
582 522 738 554 sufficere.
783 523 827 554 Et
856 533 932 555 sane
963 522 1232 564 quemadmodum
1263 530 1303 552 ex

347 565 450 597 nihilo
481 565 636 595 mundum
667 566 798 603 creavit,
829 566 874 598 sic
904 567 998 598 etiam
1030 566 1096 606 ipse
1126 565 1242 595 format
1272 567 1304 594 et

348 607 487 648 disponit
512 607 660 638 homines
692 614 726 639 ut
755 607 794 639 ad
825 619 958 640 munera
989 609 1027 640 ad
1052 618 1130 648 quae
1155 607 1223 647 ipse
1250 616 1304 637 eos

347 657 449 689 vocat,
479 649 609 681 idoneos
639 651 747 681 saciat:
773 658 866 692 atque
901 651 959 684 hac
987 652 1109 683 ratione
1139 659 1302 689 nunquam

347 694 406 734 ipsi
441 692 555 724 desunt
590 703 667 732 quos
701 693 732 724 in
767 703 875 725 eorum
911 694 1014 726 locum
1045 693 1193 733 subroget
1225 701 1303 731 quos

348 736 616 768 exauctoraverit.
637 735 785 776 Denique
798 735 857 769 hac
876 738 1033 768 sententia
1051 734 1180 767 Samuel
1194 733 1304 766 Saulis

348 779 563 819 arrogantiam
583 783 614 809 et
634 778 763 810 stultam
783 779 1029 811 obstinationem
1049 786 1079 810 et
1093 777 1302 819 pervicaciam

349 821 482 852 deiecit:
514 830 551 851 ne
582 820 642 852 sibi
673 821 879 861 persuaderet
909 823 1034 853 nullum
1059 822 1089 852 in
1116 819 1230 861 populo
1253 829 1303 850 re·
1328 822 1330 832 ¹

350 864 445 904 periri
476 872 570 903 posse
599 864 652 903 qui
683 864 742 896 sibi
777 864 1016 906 subrogaretur.
1062 864 1160 895 Docet
1195 863 1304 902 itaque

352 905 458 936 Deum
483 905 573 937 facile
604 906 682 938 alios
712 908 950 946 suscitaturum,
981 913 1011 939 et
1035 907 1132 938 Saule
1155 905 1304 936 iustiores

353 955 563 988 reperturum,
594 958 633 980 ex
663 960 721 980 sua
752 950 899 982 bonitate.
948 951 1057 991 Neque
1081 949 1164 980 enim
1189 952 1305 978 natura

349 1001 407 1022 sua
439 990 518 1022 tales
549 997 634 1029 sunt,
665 1003 768 1032 neque
798 994 893 1024 etiam
917 995 983 1025 suis
1008 992 1127 1023 viribus
1150 990 1304 1031 quamdiu

349 1033 399 1065 hic
424 1033 539 1064 vivunt
562 1033 763 1066 efficiuntur:
788 1035 841 1066 scd
866 1046 881 1066 a
898 1037 966 1068 Deo
989 1036 1057 1076 ipso
1081 1034 1305 1074 disponuntur,

347 1082 376 1107 et
401 1076 438 1107 ad
465 1077 522 1108 hoc
546 1076 594 1106 vel
620 1076 699 1108 illud
719 1088 836 1109 munus
856 1078 961 1110 idonei
975 1077 1159 1113 redduntur,
1179 1075 1304 1116 spoliati

348 1118 524 1160 fragilitate
543 1118 598 1150 illa
618 1119 758 1151 humana
777 1131 856 1160 quae
876 1122 1001 1162 ineptos
1021 1120 1058 1152 ad
1079 1130 1172 1151 omne
1185 1119 1302 1149 bonum

348 1172 427 1201 opus
458 1162 541 1192 facit.
588 1162 687 1203 Atqui
717 1163 875 1195 Davidem
907 1164 1052 1195 videmus
1084 1163 1114 1193 in
1144 1161 1303 1202 graviora,

349 1204 375 1235 si
409 1205 608 1236 extrinsecus
642 1205 839 1245 consideres,
873 1214 999 1248 peccata
1033 1205 1130 1237 Saule
1169 1204 1302 1244 lapsum.

349 1246 413 1278 Sed
447 1247 524 1277 satis
556 1247 645 1278 nobis
674 1248 778 1280 faeere
812 1249 914 1289 debet,
949 1249 1029 1289 quod
1065 1248 1176 1278 melior
1205 1246 1302 1278 Saule

349 1289 471 1320 dicatur
503 1300 520 1320 a
545 1289 694 1327 Domino,
723 1301 816 1331 quem
849 1293 952 1323 solum
985 1291 1133 1322 idoneum
1165 1289 1301 1320 iudicem

351 1342 425 1362 vere
449 1332 610 1363 affirmare
634 1343 820 1372 possumus:
851 1336 941 1366 cuius
970 1333 1128 1365 sententia
1152 1331 1300 1363 standum

350 1381 407 1414 est,
432 1381 465 1405 ut
490 1380 598 1405 monet
622 1375 753 1407 Paulus.
801 1377 886 1409 Hinc
915 1379 1020 1418 itaque
1051 1376 1218 1412 discamus,
1246 1385 1302 1405 nos

348 1416 381 1447 in
405 1417 510 1457 aliquo
534 1417 701 1458 dignitatis
724 1419 825 1459 gradu
849 1420 948 1451 aDeo
967 1419 1162 1458 constitutos,
1186 1418 1246 1448 nisi
1267 1422 1303 1448 ut

348 1469 406 1499 par
428 1465 477 1490 est
499 1460 637 1491 officium
662 1461 838 1498 fecerimus.
862 1463 901 1494 ab
925 1463 992 1503 ipso
1016 1462 1064 1492 vol
1094 1462 1126 1491 in
1151 1460 1301 1492 ultimum

351 1502 485 1533 exitium
516 1512 607 1542 posse
637 1503 774 1541 detrudi,
806 1505 853 1536 vel
885 1511 1038 1546 perpetua
1071 1503 1247 1545 ignominia
1271 1507 1303 1533 et

350 1543 503 1576 dedecore
527 1545 618 1576 affici.
665 1546 776 1587 Neque
807 1549 901 1579 etiam
931 1548 989 1588 ipsi
1014 1547 1119 1578 defore
1142 1547 1193 1586 qui
1219 1545 1301 1586 quod

349 1586 467 1618 bonum
481 1588 541 1628 ipsi
554 1587 714 1619 videbitur
727 1596 956 1631 exsequantur,
975 1590 1056 1630 quod
1078 1600 1138 1620 non
1158 1588 1303 1629 indigeat.

349 1629 480 1661 alterius
503 1630 631 1668 auxilio,
661 1638 691 1662 et
722 1632 813 1663 nobis
841 1633 931 1665 facile
961 1643 1068 1665 carere
1098 1632 1205 1673 possit,
1238 1641 1302 1662 non

350 1671 508 1703 defuturis
537 1672 628 1705 nobis
657 1674 842 1707 melioribus
882 1686 1015 1717 quorum
1050 1685 1145 1715 opera
1178 1679 1301 1705 utatur:

349 1714 606 1755 quandoquidem
631 1716 782 1757 quidquid
804 1717 958 1750 habemus
978 1718 1016 1749 ab
1036 1718 1103 1758 ipso
1116 1717 1302 1757 accepimus,

351 1762 380 1788 et
405 1757 443 1789 ab
466 1758 535 1789 eius
558 1757 749 1791 liberalitate
774 1762 933 1793 manavit:
965 1768 1011 1792 est
1044 1761 1128 1791 enim
1158 1759 1210 1790 ille
1233 1759 1302 1790 fons

350 1804 381 1831 et
405 1801 493 1841 origo
513 1801 617 1832 omnis
636 1801 844 1841 plenitudinis
863 1804 1013 1844 perennis
1033 1808 1061 1834 et
1082 1802 1300 1833 inexhaustus.

351 1844 398 1874 Ac
420 1843 446 1874 si
471 1843 572 1874 sancti
604 1844 654 1875 sui
684 1845 816 1885 spiritus
844 1847 1025 1886 portionem
1056 1845 1146 1876 nobis
1170 1845 1303 1885 largitus

350 1893 408 1924 est,
439 1886 559 1917 centies
586 1887 703 1918 millies
732 1889 917 1929 ampliorem
949 1889 1020 1920 aliis
1052 1888 1160 1928 largiri
1187 1893 1302 1928 potest,

351 1938 490 1969 quorum
514 1929 560 1959 uti
586 1929 670 1960 volet
693 1940 799 1971 opera,
819 1942 916 1972 quum
931 1931 1008 1963 adeo
1028 1931 1134 1962 miseri
1151 1930 1304 2003 fuessimus
1329 1944 1330 1951 κ

1047 1973 1170 2004 Idcirco
1226 1973 1303 2003 omi-
1329 1982 1331 1993 ⁴

352 1979 386 2002 ut
410 1971 448 2002 ab
473 1971 572 2011 ipsius
596 1972 777 2004 obedientia
807 1974 1001 2006 recedamus.

351 2024 411 2044 nus
444 2020 554 2045 noster
586 2014 679 2046 Iesus
713 2016 863 2049 Christus
897 2017 1024 2048 Iudaeis
1061 2016 1136 2047 olim
1171 2015 1303 2053 dicebat,

350 2056 456 2087 Deum
482 2067 575 2097 posse
599 2068 735 2098 regnum
760 2069 854 2091 suum
887 2060 948 2091 alio
978 2059 1162 2095 transferre,
1195 2065 1226 2089 et
1249 2068 1303 2098 po-

349 2099 435 2139 pulis
465 2101 701 2132 communicare
731 2103 783 2142 qni
814 2103 950 2134 fructum
981 2113 1020 2134 ex
1051 2112 1086 2132 eo
1116 2101 1303 2142 percipiant.

352 2141 433 2172 Nam
459 2141 518 2173 hac
542 2143 691 2183 opinione
716 2144 825 2176 Iudaei
855 2145 1056 2183 tenebantur,
1090 2149 1121 2175 et
1151 2153 1187 2174 ea
1218 2143 1305 2174 velut

350 2184 602 2224 inebriabantur,
626 2185 730 2217 Deum
749 2187 807 2219 sibi
823 2188 922 2219 alium
942 2188 1090 2228 populum
1112 2186 1217 2218 dicare
1241 2197 1304 2217 non

350 2237 450 2267 posse,
474 2227 556 2267 quod
579 2229 663 2268 ipsos
693 2231 725 2260 in
749 2231 907 2270 peculium
932 2235 963 2262 et
986 2228 1215 2262 haereditatem
1240 2230 1304 2260 ele-

350 2270 465 2311 gisset:
491 2270 573 2318 quod
600 2271 774 2303 Abrahami
799 2273 855 2304 filii
879 2277 994 2310 essent,
1014 2273 1063 2304 cui
1089 2272 1188 2303 factae
1213 2278 1305 2303 erant

351 2323 588 2353 promissiones.

351 2398 578 2438 promissiones
606 2400 689 2430 inter
720 2401 803 2440 ipsos
835 2401 1016 2439 deficerent,
1047 2399 1153 2432 nullus
1183 2400 1215 2431 in
1240 2405 1305 2431 toto

350 2441 469 2472 mundo
509 2441 595 2472 locus
629 2449 809 2482 superesset
843 2445 874 2475 in
910 2455 973 2485 quo
1007 2442 1173 2475 ecclesiam
1214 2453 1303 2474 suam

351 2483 527 2515 collocaret.
575 2483 638 2515 Sed
662 2485 810 2518 Christus
841 2486 923 2518 hanc
954 2486 1170 2528 arrogantiam
1195 2485 1305 2524 eludit,

351 2537 446 2566 quum
467 2526 519 2564 ait,
541 2525 645 2558 Deum
671 2538 762 2569 posse
783 2539 915 2570 regnum
937 2540 1031 2561 sunm
1051 2528 1112 2560 alio
1133 2528 1305 2560 transferre

351 2569 476 2608 quoties
498 2569 557 2609 ipsi
582 2570 750 2609 videbitur,
770 2578 801 2602 et
819 2571 898 2603 illud
918 2583 1035 2613 augere
1053 2576 1083 2602 et
1102 2570 1304 2611 amplificare.

352 2611 402 2641 Ex
433 2611 546 2651 quibus
577 2618 708 2653 apparet
738 2614 895 2654 quomodo
925 2615 1005 2646 haec
1036 2613 1179 2646 doctrina
1209 2614 1248 2645 sit
1273 2614 1304 2645 in

353 2663 445 2684 usum
470 2659 613 2686 nostrum
645 2657 832 2692 revocanda,
867 2662 899 2689 et
927 2657 1054 2698 quidem
1085 2662 1148 2688 tam
1179 2656 1304 2696 publice

1182 213 1383 246 HOMILIA
1405 212 1477 245 LV.

1330 2039 1331 2044 ,
1357 2021 1410 2048 tet.

2255 213 2314 245 132

1355 318 1452 348 quam
1482 308 1654 348 privatim:
1689 315 1723 339 ut
1756 308 1782 339 si
1814 308 1904 339 Deus
1933 307 2025 339 donis
2054 308 2120 339 suis
2151 315 2181 339 et
2211 310 2314 349 gratia

1355 361 1412 381 nos
1434 350 1620 391 cumulavit,
1645 361 1681 382 eo
1701 350 1882 382 ardentiore
1902 350 2006 381 studio
2025 351 2058 381 in
2078 351 2178 390 ipsius
2190 351 2312 383 cultum

1354 393 1584 430 incumbamus,
1609 403 1671 434 quo
1695 394 1798 434 magis
1817 394 1877 434 ipsi
1896 393 2036 425 devincti
2050 403 2168 424 sumus.
2204 392 2313 432 Quare

1355 437 1493 467 sciamus
1516 436 1612 467 etiam
1638 436 1741 477 ipsum
1768 446 1858 476 posse
1888 435 1979 467 donis
2010 436 2111 477 ipsius
2143 436 2313 467 abutentes

1355 478 1466 509 iisdem
1499 478 1644 518 spoliare,
1677 486 1705 510 et
1739 480 1769 510 in
1802 479 1881 510 alios
1911 479 2096 516 transferre,
2121 478 2174 519 qui
2200 479 2314 511 melius

1355 520 1466 552 iisdem
1501 526 1642 552 utantur.
1687 521 1751 553 Sed
1786 522 1817 552 in
1852 522 1963 562 primis
1997 532 2094 562 quum
2130 521 2168 552 de
2201 521 2313 553 salutis

1355 563 1500 595 doctrina
1524 564 1641 604 agitur,
1665 563 1768 595 danda
1793 574 1890 604 opera
1913 570 1970 601 est,
1996 570 2031 595 ut
2050 565 2080 595 in
2096 565 2155 596 Dei
2176 564 2311 605 gloriam

1356 617 1374 637 a
1397 606 1486 637 nobis
1510 615 1691 646 usurpetur.
1736 606 1820 637 Nam
1849 607 1874 637 si
1905 607 2024 647 ingrati
2049 607 2213 643 fuerimus,
2237 617 2311 648 pro-

1356 649 1436 680 fecto
1459 653 1563 689 potest
1585 648 1695 679 eadem
1727 659 1784 679 nos
1808 648 1897 680 Deus
1928 650 2069 689 privare:
2104 657 2134 681 et
2163 650 2200 680 ad
2233 650 2312 682 alias

1356 692 1502 722 nationes
1526 690 1793 731 praedicationem
1826 691 1913 722 verbi
1944 692 1992 723 sui
2024 693 2208 730 transferre,
2238 693 2313 725 licet

1357 734 1587 765 remotissimas
1610 740 1639 764 et
1663 744 1681 764 a
1704 744 1803 774 regno
1826 733 1888 763 Dei
1913 733 2132 773 alienissimas,
2163 746 2243 775 quae
2267 741 2312 766 ta-

1355 787 1428 807 men
1452 776 1532 807 illud
1556 775 1737 813 admittant,
1768 782 1799 806 et
1827 775 1923 816 longe
1946 776 2109 809 uberiores
2132 788 2226 818 quam
2252 788 2311 810 nos

1356 819 1478 850 fructus
1502 819 1616 850 ferant.
1653 818 1870 858 Quamobrem
1895 819 2041 851 omnibus
2065 821 2172 852 nervis
2195 821 2226 852 in
2250 821 2311 853 hoc

1355 861 1614 898 incumbendum,
1647 868 1682 892 ut
1705 872 1741 891 eo
1765 862 1898 902 quisque
1922 872 2054 892 munere
2082 862 2219 894 fideliter
2242 863 2315 894 fun·

1356 911 1450 945 gatur
1474 905 1512 935 ad
1536 903 1618 945 quod
1643 914 1661 935 a
1684 904 1754 935 Deo
1779 910 1911 935 vocatus
1941 910 2000 942 est,
2031 910 2061 935 et
2092 905 2123 935 in
2148 905 2249 946 ipsius
2273 907 2314 936 ti-

1356 957 1443 978 more
1467 947 1619 985 ambulet,
1649 957 1689 977 ne
1720 952 1828 978 nostra
1857 947 2087 987 ingratitudine
2120 947 2237 979 talibus
2260 949 2311 980 be-

1358 990 1480 1021 nefieiis
1501 990 1725 1021 destituamur.
1771 989 1882 1030 Neque
1907 989 1991 1020 enim
2018 990 2106 1021 Deus
2137 998 2185 1022 est
2208 991 2311 1022 varia—

1356 1033 1438 1070 bilis,
1471 1040 1525 1064 aut
1557 1033 1756 1073 propositum
1788 1037 1905 1063 mutat:
1940 1032 1993 1063 sed
2025 1034 2220 1065 occasionem
2251 1034 2311 1074 ipsi

1357 1076 1546 1116 praebemus
1575 1075 1605 1105 in
1632 1085 1687 1106 nos
1711 1074 1827 1106 iudicia
1851 1086 1907 1106 sua
1931 1076 2083 1106 exerendi
2108 1087 2207 1116 quum
2230 1076 2312 1107 dona

1356 1119 1456 1159 ipsius
1487 1118 1704 1158 profanamus,
1736 1127 1817 1158 quae
1846 1118 1878 1148 in
1903 1118 2003 1158 ipsius
2026 1118 2162 1159 gloriam
2188 1125 2220 1150 et
2242 1129 2311 1151 nos-

1356 1168 1438 1192 tram
1463 1161 1600 1192 salutem
1625 1160 1723 1192 dicari
1746 1166 1779 1191 et
1801 1161 1978 1192 consecrari
2002 1161 2175 1201 oportebat.

1441 1203 1596 1244 Sequitur
1619 1203 1784 1243 deinceps:
1808 1202 1907 1235 Porro
1928 1204 2134 1244 triumphator
2156 1205 2188 1236 in
2209 1205 2312 1237 Israel

1354 1256 1415 1277 non
1436 1249 1552 1286 parcet,
1581 1249 1609 1277 et
1625 1246 1824 1286 poenitudine
1854 1256 1909 1276 nou
1929 1247 2080 1285 flectetur:
2109 1257 2202 1287 neque
2231 1248 2311 1279 enim

1355 1288 1440 1320 homo
1468 1292 1511 1321 est
1539 1291 1572 1320 ut
1601 1292 1674 1329 ayat
1699 1289 1927 1328 poenitentiam.
1971 1289 2098 1328 Quibus
2122 1291 2227 1322 verbis
2252 1289 2310 1322 Sa-

1355 1332 1439 1362 muel
1483 1342 1576 1372 quam
1623 1342 1720 1372 supra
1765 1332 1853 1372 tetigi
1895 1332 2087 1363 sententiam
2129 1333 2309 1371 confirmat,

1356 1385 1469 1414 nempe
1494 1374 1564 1405 Deo
1594 1374 1673 1405 nihil
1699 1373 1917 1415 deperiturum
1942 1375 1966 1405 si
1991 1374 2068 1406 Saul
2094 1376 2182 1416 regia
2205 1375 2310 1417 digni·

1355 1422 1421 1448 tate
1445 1418 1606 1458 privetur:
1630 1417 1714 1457 quod
1740 1422 1846 1448 tamen
1866 1417 1933 1456 ipse
1956 1417 2015 1448 sibi
2035 1424 2158 1458 poterat
2177 1428 2310 1458 persua-

1356 1460 1447 1491 dere:
1472 1459 1738 1500 quemadmodum
1763 1459 1821 1491 hoc
1845 1460 1961 1490 vitium
1982 1460 2014 1490 in
2035 1460 2127 1492 nobis
2146 1467 2212 1492 tam
2233 1461 2314 1493 altas

1356 1503 1422 1544 agit
1445 1503 1577 1542 radices,
1602 1507 1635 1534 ut
1658 1503 1763 1534 Deum
1787 1501 1878 1533 nobis
1901 1502 2085 1534 devinctum
2109 1503 2314 1541 arbitremur,

1355 1556 1452 1586 quum
1478 1551 1583 1577 tamen
1609 1546 1648 1577 ab
1671 1547 1739 1586 ipso
1762 1545 1869 1576 omnia
1892 1545 2075 1585 habeamus,
2095 1552 2125 1577 et
2145 1546 2224 1577 nihil
2244 1547 2313 1588 ipse

1356 1588 1445 1619 nobis
1470 1588 1591 1620 debeat.
1637 1588 1700 1620 Sed
1726 1589 1872 1628 quoniam
1897 1587 2058 1619 beneficiis
2082 1589 2182 1629 ipsius
2201 1599 2312 1621 cumu-

1356 1631 1411 1662 lati
1435 1642 1556 1669 sumus,
1580 1632 1697 1662 mirum
1721 1631 1753 1662 in
1779 1630 1906 1662 modum
1931 1631 2105 1670 efferimur,
2136 1637 2167 1663 et
2197 1631 2310 1664 iisdem

1355 1674 1586 1712 insolescimus,
1618 1674 1786 1714 Deumque
1817 1673 1907 1704 nobis
1935 1673 2122 1705 obstrictum
2153 1686 2216 1705 non
2241 1675 2310 1706 sine

1354 1717 1481 1748 insania
1505 1716 1751 1758 persuademus:
1784 1726 1820 1747 ac
1849 1716 1980 1756 proinde
2010 1722 2194 1748 contentum
2219 1717 2310 1749 illum

1355 1769 1424 1790 esse
1459 1760 1576 1792 nostris
1611 1759 1775 1791 blanditiis
1809 1764 1839 1790 et
1872 1758 2030 1790 industria
2066 1767 2222 1800 oportere.
2266 1760 2311 1792 At

1355 1801 1487 1833 Samuel
1511 1803 1564 1835 hie
1587 1802 1686 1841 docet,
1710 1807 1832 1833 remoto
1854 1801 1928 1833 licet
1952 1800 2058 1841 Saule,
2090 1802 2309 1834 fortitudinem

1355 1845 1486 1877 Israelis
1515 1845 1662 1883 mentiri,
1695 1851 1725 1876 et
1754 1844 1962 1886 poenitudine
1992 1845 2075 1877 flecti
2106 1845 2209 1876 Deum
2244 1856 2309 1877 non

1355 1898 1456 1928 posse.
1502 1888 1582 1920 Saul
1612 1888 1710 1929 igitur
1741 1887 1910 1919 videbatur
1937 1893 2137 1928 excepturus,
2162 1887 2252 1920 Deus
2275 1888 2309 1920 in

1356 1931 1475 1963 Israele
1505 1942 1555 1963 me
1585 1941 1692 1973 regem
1724 1930 1898 1968 constituit,
1929 1940 1964 1961 ac
1993 1930 2126 1971 proinde
2157 1931 2309 1972 populum

1356 1984 1427 2005 mea
1449 1984 1524 2006 cura
1548 1979 1579 2006 et
1601 1973 1706 2005 studio
1731 1973 1855 2005 defendi
1879 1972 2031 2004 adversus
2049 1973 2195 2005 inimicos
2217 1984 2309 2014 opor-

1458 2016 1544 2057 Quid
1568 2027 1644 2058 crgo
1667 2016 1785 2057 populo
1808 2016 1952 2047 futurum
1976 2020 2032 2053 est,
2062 2016 2088 2047 si
2119 2016 2228 2047 nullus
2252 2027 2308 2048 rex

1357 2060 1492 2100 amplius
1515 2059 1633 2092 fuerit?
1678 2058 1866 2099 Respondet
1888 2057 2029 2099 Samuel,
2059 2057 2120 2090 Dei
2145 2059 2308 2090 decretum

1357 2102 1395 2132 ab
1420 2103 1546 2134 homine
1567 2101 1692 2134 mortali
1717 2112 1780 2133 non
1805 2101 1959 2142 pendere:
1983 2111 2018 2132 ac
2041 2101 2174 2141 proinde
2195 2101 2309 2133 huma-

1357 2145 1405 2175 nis
1429 2145 1576 2177 omnibus
1599 2144 1714 2176 mediis
1733 2144 1954 2176 deficientibus
1974 2143 2182 2176 nihilominus
2201 2148 2308 2176 tamen

1357 2188 1523 2228 impletum
1555 2192 1586 2219 et
1616 2187 1791 2228 perfectum
1821 2188 1859 2219 iri
1880 2187 1942 2218 Dei
1966 2186 2180 2218 voluntatem:
2207 2192 2238 2218 et
2261 2186 2308 2218 id-

1357 2230 1439 2261 eireo
1472 2232 1532 2262 ait:
1568 2230 1728 2262 Fortitudo
1757 2230 1860 2262 Isra'e‘l
1893 2239 1952 2261 non
1985 2230 2151 2260 mentietur.
2198 2228 2307 2269 Quum

1330 2290 1331 2308 2
1356 2273 1576 2305 fortitudinem
1600 2275 1653 2310 ait,
1678 2272 1818 2304 ostendit
1841 2272 1993 2314 populum
2014 2282 2076 2302 non
2101 2273 2166 2304 suis
2186 2273 2310 2304 viribus

645 2314 713 2345 Sibi
754 2315 861 2356 itaque
896 2315 1089 2347 videbantur
1123 2314 1226 2345 Deum
1269 2325 1330 2345 co,

350 2366 450 2395 usque
486 2355 670 2387 devinctum
703 2365 819 2396 tenere,
850 2365 884 2389 ut
914 2359 940 2390 si
972 2359 1023 2390 lex
1052 2358 1113 2388 Dei
1142 2363 1174 2387 et
1204 2357 1305 2397 ipsius
1330 2367 1331 2378 ¹

1356 2315 1537 2355 subsistere,
1562 2316 1617 2348 sed
1641 2316 1738 2347 unius
1761 2315 1822 2346 Dei
1853 2315 1964 2347 robore
1987 2320 2017 2345 et
2041 2314 2243 2346 fortitudine:
2274 2325 2311 2347 ac

1357 2359 1488 2397 proinde
1523 2370 1587 2390 non
1621 2360 1760 2400 pendere
1794 2358 1896 2399 ipsius
1925 2357 2058 2389 salutem
2089 2357 2128 2389 ab
2158 2357 2310 2390 humanis

1358 2400 1487 2439 viribus,
1522 2401 1576 2433 sed
1611 2402 1649 2433 ab
1683 2401 1868 2433 uniuerei
1904 2399 2002 2431 tutela
2037 2405 2067 2430 et
2101 2400 2310 2440 protectione.

1357 2442 1573 2481 Quamobrem
1605 2444 1791 2485 dignissima
1821 2448 1870 2475 est
1894 2442 2116 2474 observatione
2139 2443 2307 2482 sententia,

1356 2484 1460 2517 Deum
1476 2498 1638 2528 nunquam
1654 2487 1762 2518 deesse
1782 2487 1886 2527 ipsum
1906 2485 2096 2525 amantibus,
2111 2485 2308 2526 timentibus,

1357 2535 1385 2558 et
1422 2529 1570 2561 fiduciam
1605 2540 1695 2561 suam
1731 2539 1857 2560 omnem
1899 2528 1931 2559 in
1965 2528 2034 2568 ipso
2068 2528 2307 2561 collocantibus.

1359 2570 1480 2603 Deinde
1505 2578 1535 2604 et
1558 2573 1618 2604 hoc
1638 2572 1798 2604 mentibus
1816 2571 1910 2603 altius
1929 2570 2137 2611 infigendum,
2161 2570 2309 2603 omnibus

1356 2613 1506 2646 humanis
1537 2615 1649 2647 mediis
1680 2621 1709 2646 et
1738 2613 1914 2646 rationibus
1942 2612 2164 2645 deficientibus
2199 2619 2308 2645 nostro

1356 2656 1478 2694 iudicio,
1503 2657 1607 2689 Deum
1632 2663 1739 2690 tamen
1764 2656 1971 2689 nihilominus
1996 2656 2079 2687 viam
2099 2656 2307 2688 inventurum
