2551 3044
191 186 250 219 180

191 283 315 323 Magna
335 281 463 322 quidem
484 282 530 312 illi
553 282 644 314 clade
667 282 748 312 eaesi
773 281 935 320 fugatique
954 281 1092 318 fuerant,
1116 284 1151 310 ut

191 336 357 365 nunquam
372 325 745 356 viderentur-exercitum
765 323 1032 364 redintegratur-i:
1052 332 1150 362 quare

194 378 314 400 novum
338 372 368 398 et
391 368 533 398 insolens
558 366 637 398 illud
660 366 837 403 videbatur,
862 366 944 405 quod
969 376 1032 396 non
1058 364 1150 395 modo

193 410 360 445 rebellant,
391 409 445 441 scd
476 410 562 440 ultro
594 410 731 441 victores
755 416 849 440 antea
872 408 1037 439 Israelitas
1059 408 1149 438 inva-

193 453 285 484 dunt.
343 452 539 492 Magnopere
573 453 639 483 suis
674 452 797 483 viribus
832 452 966 482 confisos
999 450 1149 490 oportuit,

194 537 361 569 hominum
392 536 496 567 millia
526 548 564 567 ex
597 538 673 577 ipsis
702 548 793 568 caesa
818 537 970 567 fuissent:
994 534 1150 574 quomodo
1175 557 1176 562 ,

193 580 258 612 iam
288 579 391 610 denuo
418 579 602 618 praeliaturi
635 585 760 609 tantum
795 579 969 610 exereitum
1001 577 1150 617 colligere

193 626 379 662 potuerunt,
403 628 435 651 et
459 628 547 652 tanta
572 622 704 652 audacia
720 621 884 652 Israelitas
907 621 1027 661 agressi
1052 618 1148 650 sunt?

192 664 262 696 Nae
274 664 365 694 Deus
389 664 506 695 reiecto
521 664 629 697 Saule,
654 665 727 694 fecit
750 664 813 694 illis
833 664 964 700 animos,
989 663 1148 702 quoniam,

194 711 231 737 ut
262 711 336 737 ante
360 705 509 743 diximus,
543 706 632 737 Deus
666 706 831 736 hominum
863 706 959 736 corda
982 706 1081 746 regit:
1114 714 1150 734 ao

191 748 328 790 proinde
362 749 415 788 qui
449 748 542 779 modo
573 759 689 789 magno
719 755 748 779 et
778 748 902 779 excelso
932 748 1038 779 animo
1069 746 1149 777 nihil

192 791 431 828 extimescebat,
465 797 596 831 repente
627 792 660 821 in
692 792 852 830 ignaviam
885 796 916 821 et
945 790 1148 820 timiditatem

192 833 313 865 incidit.
359 834 480 864 Contra
505 844 579 864 vero
604 834 658 872 qui
682 842 776 864 antea
802 833 922 869 timido,
948 832 1071 869 humili,
1096 831 1148 862 de-

192 877 291 907 misso
314 876 479 916 fractoque
503 877 609 907 animo
634 876 714 906 nihil
738 876 883 912 audebat,
909 882 1037 915 repente
1060 885 1148 914 mag-

192 929 252 950 nos
271 923 303 949 et
326 919 424 949 elatos
445 919 567 949 animos
588 929 702 958 gerens
722 919 880 958 quaelibet
899 919 999 948 ardua
1022 918 1149 948 leonina

193 961 332 1001 quadam
366 961 482 992 ferocia
515 962 655 1000 suscipit,
692 968 723 992 et
757 962 788 990 in
823 962 871 991 sui
907 960 1148 991 admirationem

193 1014 306 1035 omnes
329 1004 478 1034 traducit.
514 1004 583 1034 Tali
607 1003 739 1034 audacia
764 1003 957 1034 Philistaeos
983 1003 1070 1033 Deus
1094 1013 1148 1032 ex-

193 1047 323 1083 citavit,
361 1051 396 1077 ut
429 1053 535 1077 coacto
570 1047 715 1077 exercitu
750 1046 900 1085 populum
935 1045 1148 1076 Israeliticum

193 1090 278 1121 ultro
313 1089 582 1129 aggrederentur,
618 1088 763 1128 belloque
799 1089 1000 1124 lacesserent,
1035 1094 1065 1118 et
1100 1099 1149 1118 re-

192 1132 319 1172 gionem
350 1134 492 1171 ipsorum
514 1131 723 1162 invaderent:
754 1137 784 1161 et
810 1132 866 1162 hoc
891 1131 1089 1170 potissimum
1114 1136 1149 1161 ut

193 1174 273 1205 Saul
286 1174 471 1214 puniretur:
497 1174 528 1204 in
549 1175 638 1205 euius
657 1174 833 1213 punitionis
852 1179 975 1213 partem
996 1173 1148 1213 populum

193 1217 291 1247 etiam
311 1217 420 1247 venire
440 1217 589 1256 oportuit.
626 1217 674 1247 Ea
693 1222 768 1247 sunt
791 1217 876 1246 enim
900 1216 1008 1246 divina
1030 1216 1149 1247 iudicia

194 1264 230 1290 ut
248 1269 482 1299 nonnunquam
502 1260 638 1298 populus
657 1269 714 1298 pro
740 1259 822 1298 regis
846 1258 960 1289 delicto
983 1260 1092 1289 veniat
1114 1260 1146 1289 in

192 1306 318 1341 partem
352 1312 487 1341 poenae:
523 1312 753 1341 nonnunquam
789 1307 897 1331 contra
932 1311 1021 1341 reges
1052 1303 1147 1332 etiam

191 1344 376 1384 plectantur
387 1344 530 1375 immissa
543 1344 574 1374 iu
590 1345 711 1383 plebem
726 1343 924 1374 calamitate:
939 1344 1021 1383 quod
1031 1345 1146 1375 mirum

191 1429 391 1467 innocentes,
423 1435 454 1460 et
482 1431 568 1460 omni
592 1430 685 1468 eulpa
711 1430 810 1465 vacui,
842 1440 938 1469 quum
962 1440 1052 1470 reges
1076 1441 1146 1471 pec-

192 1477 276 1510 cant,
306 1477 338 1502 et
368 1472 555 1512 puniuntur.
603 1473 656 1503 Sic
688 1472 832 1502 videmus
864 1472 924 1503 hoc
948 1472 1015 1504 loco
1039 1473 1147 1505 Saulis

191 1524 329 1555 regnum
360 1524 378 1545 a
401 1514 541 1545 Domino
572 1515 670 1545 fuisse
695 1515 912 1550 maledictum,
939 1522 969 1545 et
992 1517 1147 1556 populum
1174 1517 1175 1520 ’

192 1558 289 1588 etiam
304 1556 437 1597 dignum
457 1557 557 1588 fuisse
576 1558 627 1597 qui
648 1558 799 1597 gravibus
819 1558 928 1596 poenis
948 1559 1148 1597 multaretur,

192 1599 275 1639 quod
307 1610 325 1630 a
348 1600 509 1631 Samuelis
541 1600 721 1630 obedientia
751 1610 784 1630 se
808 1599 1023 1638 subduxisset,
1054 1613 1147 1642 quem

191 1647 301 1673 tamen
332 1642 399 1683 ipse
424 1642 511 1673 Deus
540 1643 602 1682 ipsi
633 1644 838 1682 praefecerat,
869 1652 1025 1682 suumque
1048 1645 1147 1676 veluti

190 1684 333 1725 legatum
352 1685 547 1716 instituerat.
582 1685 740 1724 Equidem
765 1695 839 1715 vero
863 1685 962 1716 fateor
974 1686 1035 1718 Dei
1059 1688 1148 1719 boni-

191 1733 292 1758 tatem
326 1732 451 1758 tantam
482 1728 638 1758 malitiam
669 1738 845 1767 superasse,
880 1730 1146 1767 quemadmodum

192 1774 288 1801 antea
306 1770 455 1805 vidimus,
480 1770 534 1801 sed
555 1781 618 1801 non
638 1772 681 1801 ita
701 1778 808 1801 tamen
830 1775 864 1800 ut
888 1782 963 1802 suae
988 1773 1147 1805 vindictae

191 1812 297 1844 locum
320 1823 386 1843 uon
410 1813 582 1853 reliquerit,
606 1823 702 1852 quum
728 1813 814 1843 locus
837 1820 868 1844 et
891 1820 1016 1853 tempus
1040 1822 1147 1855 postu·
1173 1809 1175 1824 ”

191 1855 301 1886 larunt
319 1855 438 1896 corrigi
454 1855 549 1886 istam
570 1856 725 1886 offensam
750 1856 904 1887 adversus
928 1857 1030 1896 ipsum
1041 1858 1146 1890 Deum

192 1898 384 1929 admissam:
417 1898 475 1929 etsi
505 1898 543 1928 ad
575 1906 700 1937 tempus
732 1898 948 1930 dissimulavit
977 1905 1008 1931 et
1038 1902 1147 1941 populi

192 1940 398 1972 rebellionem
423 1941 582 1971 toleravit.
628 1940 712 1979 Quid
738 1941 823 1971 Mosi
847 1943 1014 1982 contigerit
1037 1945 1068 1974 in
1094 1945 1147 1975 de—

192 1989 287 2020 serto,
314 1988 387 2023 post
405 1984 531 2023 culpam
552 1983 638 2014 illam
660 1983 769 2023 populi
789 1984 842 2023 qui
861 1985 995 2016 vitulum
1016 1996 1147 2018 aureum

192 2027 383 2058 conflaverit
406 2027 483 2057 satis
507 2032 617 2056 notum
643 2032 699 2056 est.
735 2025 817 2056 Nam
842 2037 938 2066 quum
963 2028 1148 2060 ardentibus

191 2069 341 2109 precibus
369 2069 497 2108 saepius
527 2069 670 2108 repetitis
702 2068 783 2098 iram
813 2069 874 2100 Dei
904 2072 1019 2110 populo
1042 2072 1147 2103 immi-

191 2117 324 2142 nentem
347 2111 536 2151 deprecatus
559 2112 678 2149 fuisset‚
703 2118 732 2141 et
756 2111 845 2142 Deus
869 2113 983 2152 populo
1006 2114 1148 2153 placatus

192 2153 278 2184 illius
308 2155 456 2194 precibus
484 2153 608 2191 fuisset,
639 2153 721 2192 quo-1
754 2154 891 2184 vitulum
915 2165 1048 2187 aureum
1072 2167 1148 2188 eon-

193 2196 312 2233 flasset,
337 2196 548 2227 nihilominus
572 2203 678 2226 tamen
702 2196 819 2226 iustam
841 2197 926 2228 illius
949 2198 1148 2232 idololatriae

194 2238 372 2269 vindictam
413 2240 446 2269 in
480 2245 607 2278 tempus
640 2245 856 2278 opportunum
893 2240 1025 2273 distulit.
1083 2242 1146 2274 Sed

193 2291 299 2312 nonne
330 2281 363 2311 in
394 2282 463 2312 istis
494 2291 643 2321 magnam
668 2292 736 2311 esse
760 2283 1006 2322 repugnantiam
1031 2285 1149 2316 dixerit

194 2323 325 2363 aliquis:
355 2323 426 2363 Ego
450 2324 632 2361 miserebor,
656 2331 686 2354 et
711 2330 815 2354 tamen
842 2325 1013 2357 vindictam
1037 2328 1069 2358 in
1094 2339 1148 2368 op-

193 2372 366 2405 portunum
387 2371 514 2406 tempus
533 2365 702 2396 differam?
726 2366 900 2398 Sciendum
924 2369 1029 2409 itaque
1042 2370 1147 2402 Deum

193 2414 325 2448 peccata
355 2408 481 2448 quidem
513 2410 677 2439 remittere
706 2419 802 2448 quum
834 2420 869 2440 ea
898 2421 962 2441 non
991 2414 1084 2452 punit
1108 2424 1147 2444 ex

193 2457 351 2491 tempore:
375 2451 429 2481 sed
454 2461 535 2490 quae
558 2451 706 2489 deinceps
730 2453 830 2491 punit,
855 2453 937 2492 quod
960 2456 1074 2494 quibus
1098 2467 1147 2487 re-

193 2494 292 2525 missa
316 2493 506 2524 videbantur
529 2493 567 2524 ad
581 2493 687 2523 Deum
712 2495 793 2524 serio
818 2506 878 2526 non
903 2496 967 2527 sint
989 2499 1146 2535 conversi,

837 187 884 219 IN
908 187 933 219 I.
958 187 1045 219 LIB.
1070 185 1266 219 SAMUEL.
1291 188 1387 221 CAP.
1412 190 1523 221 XVII.

1176 284 1178 302 l

1176 306 1177 330 l

1176 352 1177 366 l

1175 371 1177 391 l

1175 421 1176 435 l

2106 194 2165 224 19⁸¹

1204 282 1361 329 videmus,
1385 285 1601 316 testimonium
1627 286 1726 325 ipsius
1748 287 1936 318 elementiae
1960 295 1991 317 et
2015 298 2159 318 mansue-

1204 324 1324 355 tudinls
1339 325 1510 356 babemus:
1531 338 1612 366 (suae
1632 336 1738 359 tamen
1761 331 1919 370 gravitate
1939 340 2060 369 poenae
2080 341 2161 361 com—

1203 368 1407 414 pensetur-in
1427 379 1480 398 eos
1500 372 1553 408 qui
1573 372 1760 410 patientiam
1783 373 1883 412 ipsius
1907 373 2000 403 novis
2023 374 2161 412 peccatis

1203 418 1415 447 provocarint.
1480 412 1667 443 (Juiusmmli
1710 415 1892 454 exemplum
1937 415 1986 446 liic
2022 415 2160 454 populus

1175 459 1177 493 ξ
1203 451 1293 481 nobis
1318 452 1449 490 praebet
1474 454 1628 486 adversus
1652 467 1744 495 quem
1760 458 1954 488 Philistaeos
1979 458 2158 493 rebellasse,

193 506 268 527 nam
289 494 373 525 unde
394 501 499 525 tantos
524 495 648 525 animos
672 501 845 530 sumerent,
865 504 962 532 quum
986 498 1080 523 antea
1104 498 1150 522 tot
1175 511 1176 521 i

192 2546 299 2576 neque
325 2536 430 2575 ipsum
454 2537 644 2574 invocarint,
673 2541 705 2566 et
726 2536 950 2576 impunitatem
975 2540 1034 2571 sibi
1059 2541 1147 2581 polli-
1172 2553 1173 2570 1

194 2584 304 2611 centes
334 2579 425 2618 parvi
452 2579 553 2619 ipsius
577 2580 681 2609 minas
705 2579 844 2611 fecerint.
891 2583 935 2612 At
958 2592 1055 2621 quum
1079 2590 1143 2614 tam

192 2622 354 2662 patienter
384 2627 527 2652 nostram
557 2622 797 2653 conversionem
822 2623 928 2654 Deum
959 2631 1145 2666 exspectare

1174 832 1337 868 jsimilem
1372 837 1471 864 teram
1508 835 1683 868 lacesseret.

1175 889 1176 897 ¹
1202 877 1357 913 cantitaret
1388 876 1548 907 Davidem
1582 879 1639 910 hae
1670 882 1721 911 via
1754 890 1983 920 perventurum
2008 883 2046 912 ad
2071 893 2157 913 sum-

1202 498 1234 523 et
1265 493 1382 523 bellum
1414 505 1586 527 renovasse
1620 500 1849 538 conspicimus:
1881 506 1910 529 et
1935 506 2037 531 castra
2063 501 2159 531 fuisse

1204 542 1339 566 metatos
1363 538 1395 582 in
1421 538 1524 568 media
1549 540 1631 570 tribu
1656 541 1756 572 Iudae
1780 543 2004 581 conspicimus.

1280 578 1423 625 'Interim
1460 588 1563 611 tamen
1599 585 1702 614 omnis
1738 585 1788 615 liic
1824 590 1995 624 apparatus
2030 585 2158 616 videtur

1202 619 1360 651 Davidem
1381 621 1541 659 adiuvare,
1566 630 1597 654 ct
1618 626 1710 656 rehu<
1735 627 1832 666 ipsius
1857 638 2008 665 magnum
2033 626 2158 667 pondus

1203 662 1342 693 adferre:
1386 664 1640 704 quandoquidem
1682 669 1836 699 adversus
1871 670 2058 700 Goliathum
2099 672 2157 700 im·

1202 715 1328 736 manem
1350 706 1437 735 illum
1464 715 1624 746 gigantem
1650 712 1734 741 ultro
1758 713 1911 751 praelium
1936 712 2021 743 solus
2045 722 2157 749 agere-

1203 748 1296 778 ditur.
1344 749 1408 779 b'ed
1433 759 1527 787 quam
1552 752 1663 791 impari
1689 755 1875 785 certamine!
1916 754 1982 786 Nae
2007 755 2107 785 veluti
2131 755 2156 785 si

1203 800 1311 821 musca
1331 791 1547 830 elephantum,
1570 795 1618 823 vel
1639 797 1769 827 formica
1792 803 1920 827 taurum
1946 797 1995 827 vel
2019 797 2157 836 aliquam

1740 840 1821 877 Quis
1856 850 1931 878 erge
1965 840 2014 870 vel
2050 847 2157 871 mente

1203 929 1287 949 mam
1320 919 1534 959 dignitatem?
1587 920 1650 952 Sed
1683 924 1770 954 Deus
1800 925 1842 954 ita
1874 926 1951 954 solet
1983 935 2079 963 opera
2099 936 2157 955 sua

1202 962 1353 1000 perficere
1385 962 1486 992 modis
1518 962 1714 996 admirandis
1744 975 1772 996 et
1801 967 1889 997 nobis
1915 967 2157 1006 incomprehen-

1202 1003 1363 1035 sibilibus:
1389 1006 1494 1044 itaque
1525 1016 1618 1044 quem
1650 1009 1718 1038 vult
1749 1010 1903 1048 attollere,
1935 1010 2099 1048 deprimit:
2129 1017 2161 1040 et

1201 1057 1295 1086 quem
1311 1047 1480 1082 vivificare,
1501 1049 1622 1085 occidit,
1644 1058 1677 1080 ut
1691 1062 1813 1081 sacram
1833 1053 2024 1091 scripturam
2040 1053 2158 1091 passim

1201 1090 1285 1128 loqui
1313 1089 1466 1120 videmus.
1514 1095 1618 1130 Atque
1642 1093 1685 1123 ita
1708 1096 1788 1124 fiunt
1813 1096 1879 1125 eius
1902 1106 1997 1134 opera
2021 1095 2156 1130 notiora,

1200 1143 1281 1172 quae
1301 1132 1440 1172 alioquin
1460 1134 1551 1172 parvi
1576 1135 1713 1165 facerent
1739 1136 1891 1174 homines.
1915 1138 1940 1167 si
1966 1137 2058 1168 modo
2081 1147 2156 1176 quo-

1201 1177 1273 1205 dam
1305 1176 1464 1206 ordinario
1495 1181 1525 1205 et
1558 1177 1607 1207 via
1631 1180 1769 1217 generali
1794 1179 1928 1218 quadam
1953 1188 2156 1219 operaretur:

1201 1228 1236 1248 ac
1261 1218 1394 1257 proinde
1418 1224 1510 1248 autor
1534 1229 1596 1248 non
1620 1229 1857 1260 agnosceretur,
1882 1232 1982 1261 neque
2007 1223 2065 1261 ipsi
2089 1222 2157 1262 glo-

1201 1261 1249 1291 ria
1269 1261 1601 1305 debitaptribueretur,
1627 1263 1680 1293 sed
1704 1264 1849 1295 fortunae
1874 1267 1977 1304 potius
1998 1265 2157 1295 adscribe-

1201 1310 1322 1334 rentur.
1368 1304 1455 1334 Sane
1483 1314 1581 1342 quum
1613 1315 1652 1335 ex
1682 1306 1812 1337 arbitrie
1844 1312 1950 1338 nostro
1979 1317 2029 1338 res
2052 1317 2157 1338 sucee-

1173 1374 1175 1385 ,
1201 1347 1291 1383 dunt,
1315 1353 1438 1378 certum
1458 1354 1514 1383 est,
1536 1357 1591 1377 nos
1610 1359 1672 1378 non
1692 1349 1729 1379 ad
1745 1349 1847 1379 Deum
1869 1361 1968 1389 usque
1988 1359 2156 1389 assurgere

191 1387 296 1419 videri
323 1397 388 1417 non
420 1386 521 1419 debet.
552 1386 808 1426 quandoquidem
841 1397 901 1417 non
934 1393 1010 1417 sunt
1039 1388 1147 1428 populi
1173 1396 1175 1401 ‘

1202 1396 1236 1420 ut
1250 1395 1395 1420 autorem
1420 1388 1603 1421 laudemus:
1628 1401 1731 1430 neque
1756 1399 1819 1422 tam
1844 1392 1906 1423 alte
1930 1392 2037 1422 oeulos
2061 1392 2156 1423 attol-

1200 1432 1266 1463 lere
1286 1437 1321 1463 ut
1341 1433 1409 1463 eius
1433 1433 1594 1468 virtutem,
1619 1444 1697 1472 quae
1717 1439 1825 1465 tamen
1844 1435 1876 1465 in
1896 1435 1959 1465 illis
1979 1445 2048 1465 sese
2072 1441 2155 1474 pate-

1200 1475 1286 1513 facit,
1322 1474 1613 1515 apprehendamus:
1651 1477 1854 1515 quamobrem
1891 1482 2013 1517 oportet
2047 1478 2155 1508 Deum

1202 1523 1314 1549 contra
1337 1518 1438 1549 nostri
1461 1517 1569 1548 iudicii
1593 1524 1623 1547 et
1646 1520 1777 1549 rationis
1801 1530 1929 1550 sensum
1954 1520 2087 1558 operari,
2120 1526 2155 1550 ut

1203 1562 1270 1592 eius
1294 1571 1424 1592 manum
1447 1570 1664 1600 agnoscamus.
1700 1562 1848 1602 Exempli
1873 1562 1982 1599 gratia,
2007 1562 2034 1593 si
2047 1561 2154 1593 David

1200 1605 1234 1635 in
1270 1604 1392 1644 regiam
1428 1603 1615 1643 dignitatem
1651 1604 1806 1635 admissus
1843 1605 1954 1635 fuisset
1988 1615 2154 1644 nunquam

1201 1647 1359 1678 debellato
1395 1646 1562 1681 Goliatho,
1598 1646 1658 1676 Dei
1693 1648 1796 1686 gratia
1830 1648 1924 1687 longe
1958 1647 2071 1678 fuisset
2104 1647 2154 1678 ob-

1200 1690 1332 1721 scurior.
1358 1688 1421 1721 Sed
1440 1699 1537 1728 quum
1557 1694 1716 1719 certamen
1736 1690 1813 1720 illud
1834 1690 1936 1729 impar
1955 1700 2154 1730 aggressum,

1200 1740 1232 1764 et
1263 1732 1352 1763 Velut
1380 1733 1413 1762 in
1444 1733 1631 1761 immensam
1659 1731 1805 1769 abyssum
1836 1733 2034 1770 immersum,
2064 1732 2154 1763 Deus

1201 1776 1276 1806 facit
1300 1785 1474 1814 emergere,
1497 1780 1527 1805 et
1550 1774 1715 1804 victoriam
1740 1775 1895 1815 insignem
1920 1776 1978 1814 ipsi
2003 1774 2040 1805 de
2064 1775 2155 1805 hoste

1200 1818 1362 1850 concedit:
1387 1828 1496 1857 quum,
1520 1818 1659 1855 inquam,
1679 1817 1779 1857 gigas,
1811 1824 1840 1848 et
1872 1817 1998 1857 quidem
2023 1818 2068 1848 sic
2091 1827 2158 1848 om-

1202 1862 1294 1892 nibus
1314 1861 1411 1891 armis
1430 1860 1616 1895 instructus,
1641 1865 1671 1889 et
1690 1860 1721 1889 in
1742 1871 1775 1890 re
1798 1860 1929 1890 militari
1953 1861 2157 1897 exercitatus,

1202 1911 1235 1935 ut
1259 1914 1354 1943 rupes
1379 1903 1533 1942 quaedam
1557 1908 1612 1932 aut
1634 1903 1907 1942 propugnaculum
1934 1902 2105 1939 videretur,
2137 1912 2156 1933 a

1201 1947 1325 1978 Davide
1359 1950 1538 1985 superatur,
1573 1950 1603 1974 et
1638 1955 1673 1975 eo
1707 1945 1830 1982 iuvene,
1867 1950 1895 1975 ct
1933 1945 2058 1982 inermi,
2092 1945 2155 1975 nisi

1201 1989 1285 2029 quod
1299 1989 1420 2028 aliquot
1440 1987 1558 2027 lapillis
1577 1987 1608 2016 in
1630 1997 1704 2026 pera
1722 1988 1871 2026 pastorali
1891 1988 2036 2026 sumptis,
2057 1987 2156 2018 funda

1202 2041 1323 2063 turrem
1355 2031 1442 2061 illam
1475 2036 1505 2060 et
1538 2031 1811 2069 propupnacnlum
1846 2034 1990 2061 evertere
2022 2037 2156 2061 conatus

1201 2082 1257 2105 est.
1310 2074 1391 2104 Nam
1423 2073 1522 2112 ipsius
1551 2072 1690 2112 gigantis
1722 2078 1878 2103 staturam
1902 2078 1932 2102 et
1957 2080 2154 2102 armaturam

1202 2116 1365 2151 attendite,
1389 2119 1453 2146 erat
1471 2115 1648 2145 altitudinis
1665 2125 1718 2145 sea:
1740 2115 1905 2146 cubitia-mn
1928 2118 1954 2145 et
1973 2115 2090 2152 palmi:
2114 2114 2156 2145 Et

1200 2160 1300 2192 cassis
1317 2169 1407 2190 aerea
1425 2169 1517 2197 super
1539 2159 1631 2195 caput
1653 2157 1735 2188 eins:
1758 2160 1783 2187 cf
1805 2157 1901 2188 lorica
1922 2160 2086 2196 squamata
2108 2158 2154 2187 in-

1200 2202 1360 2234 (ruebatur.
1406 2201 1447 2231 Ee
1477 2210 1579 2231 ocreas
1607 2210 1713 2230 aereas
1743 2200 1866 2230 habebat
1891 2201 1923 2230 rin
1947 2200 2106 2230 cruribus:
2129 2202 2155 2229 et

1200 2246 1321 2285 clypeus
1354 2254 1462 2274 aereus
1488 2243 1598 2282 tegsehat
1627 2242 1765 2273 lamam-os
1795 2244 1870 2273 eius.
1923 2242 2046 2280 Quibus
2077 2252 2153 2272 vero

1201 2293 1311 2319 contra
1340 2286 1484 2316 munitus
1508 2285 1604 2315 armis
1628 2291 1695 2315 erat
1719 2285 1846 2315 David?
1894 2285 1969 2320 Nae,
1993 2284 2099 2315 nudus
2122 2290 2154 2314 et

1200 2330 1334 2361 inermis
1375 2329 1545 2359 adversum
1583 2334 1647 2357 tam
1684 2327 1761 2358 bene
1795 2334 1953 2358 armatum
1989 2328 2152 2367 gigantem

1200 2371 1411 2413 progreditur,
1436 2370 1576 2409 exceptis
1595 2370 1704 2408 paucis
1724 2370 1841 2409 lapillis
1865 2376 1894 2400 et
1919 2369 2025 2400 funda.
2061 2368 2154 2408 Quae

1200 2415 1328 2455 quidem
1368 2415 1508 2453 profecto
1541 2423 1645 2452 nugae
1675 2413 1780 2451 potius
1810 2423 1905 2452 quam
1936 2412 2055 2443 serium
2086 2422 2153 2442 cer-

1200 2466 1306 2489 tamen
1332 2456 1430 2486 videri
1456 2460 1590 2494 possent.
1630 2454 1694 2485 Sed
1719 2454 1792 2485 hinc
1815 2455 1917 2485 maior
1939 2455 2043 2485 oritur
2066 2464 2154 2485 oeca-

1199 2502 1245 2532 sio
1276 2499 1401 2530 divinae
1432 2497 1561 2528 virtutis
1592 2502 1623 2527 et
1654 2498 1812 2536 potentiae
1843 2497 2091 2537 praedicandae:
2123 2501 2154 2527 et

1198 2541 1400 2583 praeparatio
1435 2539 1587 2579 quaedam
1622 2550 1676 2570 seu
1709 2539 1889 2579 proludium
1925 2539 1964 2570 ad
1991 2539 2153 2570 Davidem

1199 2586 1402 2617 celebriorem
1421 2582 1610 2619 faciendum,
1635 2582 1734 2613 donec
1754 2582 1786 2612 in
1806 2583 1897 2622 regni
1921 2582 2151 2622 possessionem

1200 2628 1354 2659 venisset:
1391 2636 1471 2665 quae
1505 2630 1611 2655 tamen
1643 2635 1706 2655 non
1739 2624 1878 2656 humano
1907 2624 2022 2656 iudicio
2053 2625 2154 2656 conti-
