2551 3044
134 199 195 231 385
785 192 830 223 ΙΝ
856 192 880 222 I.
906 191 994 223 LIB.
1019 190 1217 222 SAMUEL.
1242 191 1339 221 CAP.
1366 191 1459 221 XXI.
2052 190 2113 219 ἱόὅαῑ

133 294 247 326 derim:
270 302 343 324 nam
365 294 392 323 et
409 290 520 331 pueris
541 289 618 320 meis
639 287 764 319 condixi
787 286 820 317 in
843 285 932 316 illum
955 287 981 315 et
1004 284 1093 314 illum

133 337 239 368 locum.
274 335 303 367 3.
328 334 419 366 Nunc
448 342 517 373 erqo
538 332 568 363 si
590 330 664 370 quid
692 328 785 360 habes
814 328 854 359 ad
876 337 1019 364 mamam,
1049 326 1094 357 vel
1119 330 1120 334 ’

136 379 271 419 quinque
277 387 387 418 panes,
410 376 451 407 da
466 374 553 413 mihi,
576 375 630 404 aut
645 371 798 412 quidquid
812 370 975 402 inveneris.
999 369 1028 400 4.
1054 368 1095 399 Et

134 421 318 461 respondens
339 418 480 451 sacerdos
503 417 544 448 ad
565 415 691 452 David,
726 415 771 445 ait
803 413 868 451 illi,
903 423 962 444 non
985 411 1095 442 habere

134 464 227 495 laicos
243 472 343 502 panes
365 461 407 493 ad
424 469 560 498 manum,
590 458 643 489 sed
666 459 784 488 tantum
800 465 918 496 panem
939 458 1096 499 sanctum.-

133 507 162 538 εἰ
184 505 292 537 mundi
320 506 391 535 sunt
410 503 519 542 pueri,
549 501 684 532 maxime
710 510 730 531 a
759 498 964 530 mulieribus?
1000 497 1028 528 5.
1054 497 1096 527 Et

134 547 291 588 respondet
312 545 420 577 David
441 544 601 582 sacerdoti,
621 545 646 574 et
669 542 750 574 dizit
772 542 816 573 ei.-
838 540 993 580 Equidem
1012 541 1041 571 313
1059 540 1095 571 de
1119 550 1120 555 ¹

132 589 311 622 mulieribus
333 589 439 629 aqitur
461 587 667 618 continuimus
689 595 746 616 nos
769 585 806 616 ab
829 583 894 615 lteri
918 586 945 614 et
964 583 1095 614 nudius·

131 633 247 668 tertius,
266 631 388 671 quando
409 629 639 670 eyrediebamur
668 630 693 659 et
722 628 848 665 fuerunt
877 636 955 657 vasa
980 635 1093 664 puero-

130 685 200 708 rum
228 676 350 705 sancta:
369 683 464 713 porro
492 672 545 703 via
575 671 646 702 haec
669 670 790 710 polluta
820 672 863 700 est
892 669 945 700 sed
974 671 1000 700 et
1030 668 1095 707 ipsi

129 717 215 750 hodie
237 715 498 755 sanctificabimur
520 715 553 745 in
575 714 669 745 vasis.

213 800 420 842 Pergendum
444 800 536 831 nobis
558 799 591 830 in
617 799 751 830 historia
782 803 830 829 est
853 796 991 828 Davidis
1020 806 1094 836 pro—

101 844 108 851 “
127 846 193 886 fugi
216 852 247 876 et
269 843 389 876 exsulis
412 843 451 874 ab
475 842 648 873 israelitica
672 847 766 872 terra.
803 840 894 879 Quae
907 850 1002 879 quam
1016 840 1095 870 dura

126 887 221 920 fuerit
244 887 386 923 tentatio,
411 884 571 926 proculab
595 895 632 915 ea
657 890 743 915 terra
766 894 861 923 quam
874 882 964 913 Deus
983 883 1016 913 in
1040 881 1095 912 do-

128 930 279 962 micilium
302 929 443 969 elegerat
466 927 622 964 exsulare,
647 927 755 957 nullus
768 926 854 958 enim
879 926 960 956 alius
973 925 1006 956 in
1030 930 1095 955 toto

128 978 286 1004 terrarum
306 972 382 1003 orbe'
405 971 493 1002 loeus
516 977 585 1001 erat
597 970 668 1001 Deo
692 980 782 1001 sacer
796 974 892 1008 atque
916 968 1040 999 dicatus
1063 968 1096 998 in

127 1026 189 1056 qua
211 1025 289 1055 pure
320 1019 351 1046 et
379 1014 502 1045 sincere
534 1013 692 1044 coleretur
726 1017 758 1043 et
781 1011 970 1043 adoraretur
1001 1021 1096 1050 quam

123 1059 190 1090 sola
203 1058 341 1089 Iudaeae
353 1057 452 1097 regio,
467 1056 608 1087 vidimus
621 1055 795 1086 haesterna
807 1054 972 1086 concione.
1008 1053 1096 1085 Sane

123 1112 220 1142 quum
243 1101 282 1132 ab
306 1111 343 1131 ea
361 1099 467 1130 David
492 1098 617 1139 cogitur
640 1098 797 1135 exsulare,
817 1097 912 1137 longe
926 1096 1097 1128 videbatur

126 1149 267 1175 remotus
291 1153 308 1174 a
330 1142 390 1174 sibi
403 1142 552 1182 promissi
576 1142 666 1181 regni
682 1141 890 1180 possessione.
925 1140 973 1170 Ae
986 1139 1095 1179 procul

126 1187 221 1218 dubio
233 1186 394 1226 lacrymae
417 1183 492 1215 illae
505 1183 652 1220 Davidis,
678 1184 843 1223 dequibus
867 1187 942 1214 ante
955 1183 1095 1222 egimus:

126 1230 203 1261 satis
227 1228 431 1260 declarabant
458 1228 492 1258 in
515 1237 595 1267 quas
618 1226 786 1267 angustias
816 1230 900 1257 esset
923 1225 1095 1256 coniectus.

126 1272 208 1303 Nam
243 1272 316 1303 licet
350 1271 401 1302 vi‘r
440 1270 532 1301 fortis
563 1275 595 1300 et
617 1269 853 1310 magnanimus,
894 1279 958 1299 non
987 1273 1094 1299 tamen

125 1319 249 1355 poterat
272 1322 450 1353 temperare
470 1323 488 1343 a
508 1313 658 1353 lacrymis
682 1323 760 1352 quas
782 1311 910 1342 abunde
930 1310 1095 1342 fundebat.

126 1353 214 1389 Nam'
239 1357 298 1388 etsi
328 1356 530 1387 Ionathanus
565 1365 673 1386 amare
702 1354 815 1391 flebat,
847 1353 955 1384 David
987 1360 1095 1384 tamen

126 1399 351 1431 abundantius.
397 1398 510 1438 Neque
537 1408 612 1429 vero
634 1403 742 1429 tamen
767 1398 828 1428 ista
857 1396 1096 1436 impediverunt

126 1443 203 1483 quin
233 1453 323 1474 suam
353 1442 386 1472 in
419 1441 488 1472 Deo
520 1440 669 1472 fiduciam
700 1440 886 1478 collocaret,
917 1450 1029 1470 verum
1060 1444 1097 1470 ut

126 1496 220 1526 saepe
243 1486 403 1525 scriptura
426 1484 526 1520 docet,
556 1483 634 1514 fides
659 1494 720 1514 non
747 1482 852 1514 reddit
877 1482 1022 1513 homines
1046 1492 1095 1512 sa-

127 1538 205 1560 xeos
226 1533 281 1559 aut
305 1527 460 1567 stupidos,
481 1526 537 1566 qui
560 1526 653 1557 malis
667 1536 747 1566 quae
771 1526 916 1557 sentiunt
930 1536 992 1555 non
1011 1535 1096 1555 com-

128 1576 325 1609 moveantur,
355 1569 411 1601 sed
434 1569 567 1600 interim
588 1569 659 1600 istis
686 1568 788 1600 modis
812 1568 955 1599 exerceri
987 1567 1097 1599 fideles

129 1623 256 1645 necesse
279 1619 336 1649 est,
361 1618 396 1643 ut
415 1612 576 1652 superatis
600 1612 749 1642 omnibus
769 1611 1001 1642 tentationibus
1025 1609 1095 1641 dul-

128 1657 211 1688 ciore
233 1655 381 1687 fruantur
412 1655 554 1686 victoria.
601 1654 710 1693 Quare
742 1654 817 1685 licet
840 1654 900 1684 Dei
933 1653 1029 1683 verbo
1059 1653 1096 1684 fi-

127 1699 213 1730 deles
236 1699 390 1735 nitantur,
411 1708 476 1728 non
498 1697 628 1728 omnino
643 1704 749 1728 tamen
774 1697 948 1728 affectuum
969 1701 1000 1726 et
1024 1706 1095 1735 pas-

127 1741 254 1773 sionum
278 1741 327 1773 vis
346 1741 378 1771 in
402 1740 465 1772 illis
484 1741 712 1780 exstinguitur,
736 1740 791 1771 sed
811 1740 837 1770 si
850 1739 944 1769 modo
958 1739 989 1769 in
1004 1738 1096 1776 hanc,

128 1784 222 1815 modo
246 1784 278 1815 in
301 1784 389 1815 illam
413 1788 537 1823 partem
562 1783 745 1820 volvantur,
777 1793 880 1822 usque
910 1781 949 1812 ad
973 1781 1095 1812 exitum

129 1833 237 1858 tamen
259 1826 480 1863 sustinebunt,
511 1826 627 1865 quibus
651 1826 714 1856 Dei
737 1825 889 1856 voluntas
920 1825 1022 1855 instar
1046 1825 1097 1855 fir-

128 1880 199 1901 mae
227 1870 317 1909 rupis
339 1873 396 1900 est.
440 1868 488 1899 Ac
515 1869 589 1900 licet
613 1870 716 1900 ventis
747 1872 778 1898 et
800 1867 949 1907 procellis
972 1868 1094 1907 agiten-

129 1918 182 1943 tur
204 1912 289 1943 firmi
311 1917 422 1943 tamen
444 1917 476 1943 et
499 1911 707 1951 imperterriti
735 1912 767 1942 in
791 1911 910 1941 divinis
931 1910 1096 1949 promissis

129 1954 371 1996 permanebunt,
395 1960 428 1985 et
440 1964 605 1994 nunquam
629 1955 775 1994 ipsorum
792 1954 989 1993 exspectatio
1013 1964 1096 1984 vana

129 1998 198 2029 erit.
245 1997 338 2037 Quod
362 1997 402 2028 ad
425 1997 645 2028 Ionathanum
668 1998 799 2035 attinet,
826 1996 966 2026 vidimus
990 1995 1095 2035 ipsum

126 2039 188 2072 Dei
212 2040 475 2080 promissionibus
498 2040 601 2080 magis
613 2050 708 2080 quam
733 2039 828 2070 rebus
848 2038 921 2069 ullis
946 2048 1095 2078 praesen-

128 2083 213 2115 tibus
236 2083 429 2115 confirmari.
464 2082 550 2114 Nam
564 2082 698 2114 Davidis
722 2083 798 2122 fuga
814 2081 981 2113 videbatur
1004 2081 1095 2113 illum

128 2126 161 2156 in
183 2126 345 2165 integrum
368 2126 554 2157 restituere:
579 2126 663 2157 sicut
682 2131 714 2157 et
737 2125 791 2156 illa
811 2124 920 2156 Saulis
942 2129 1011 2155 erat
1029 2126 1096 2164 opi-

130 2168 191 2204 nio,
214 2168 429 2199 Ionathanum
453 2168 556 2199 filium
571 2173 602 2199 et
626 2175 770 2208 posteros
795 2168 869 2199 vivo
882 2166 1009 2198 Davide
1033 2178 1096 2198 non

130 2220 221 2249 posse
244 2211 335 2251 regni
357 2211 545 2251 dignitatem
569 2212 718 2242 retinere.
765 2211 887 2242 Contra
903 2220 978 2240 vero
1000 2209 1095 2241 Iona-

131 2252 249 2283 thanus
272 2254 414 2293 speravit
436 2264 469 2285 se
493 2259 617 2285 mortuo
641 2253 802 2285 Davidem
828 2253 876 2284 sui
901 2262 1097 2293 suorumque

132 2295 348 2326 miserturum.
394 2297 492 2336 Atqui
519 2297 679 2328 Davidem
711 2302 788 2327 tunc
817 2295 1006 2326 intuebatur
1037 2296 1095 2327 mi-

132 2347 240 2368 serum
264 2343 295 2368 et
317 2338 470 2369 afflictum
496 2339 588 2370 cuius
612 2339 721 2381 iugulo
746 2339 873 2380 gladius
896 2338 1095 2375 imminebat,

133 2381 166 2410 in
189 2390 285 2419 quem
307 2384 460 2420 tanquam
483 2392 616 2422 scopum
639 2393 751 2413 omnes
766 2381 982 2419 collimabant,
1005 2382 1097 2413 cuius

134 2432 243 2453 necem
266 2433 384 2461 omnes,
406 2428 442 2454 ut
464 2423 557 2455 Sauli
579 2425 849 2465 gratificarentur,
874 2424 1010 2456 summis
1029 2431 1096 2455 stu-

134 2464 196 2495 diis
218 2465 422 2504 quaerebant.
469 2465 616 2507 Denique
639 2467 799 2499 Davidem
824 2469 854 2498 in
880 2477 1024 2498 summas
1047 2478 1095 2498 re-

134 2507 263 2538 dactum
287 2508 451 2547 angustias
481 2509 774 2548 animadvertebat,
805 2509 860 2541 sed
884 2509 1097 2541 nihilominus

134 2550 172 2581 ab
203 2550 270 2589 ipso
294 2549 431 2590 gratiam
462 2557 493 2581 et
516 2552 766 2584 misericordiam
790 2553 852 2584 sibi
883 2562 1022 2592 suaeque
1053 2554 1097 2584 fa-

136 2591 241 2623 miliae
265 2597 423 2632 precatur.
468 2592 685 2632 Quamobrem
705 2596 907 2627 Ionathanus
931 2595 990 2627 hoc
1013 2596 1097 2627 facto

135 2634 312 2665 declaravit
334 2644 368 2665 se
391 2634 423 2665 in
447 2635 646 2668 immutabile
663 2639 723 2670 Dei
748 2639 914 2670 decretum
934 2644 966 2669 et
987 2639 1097 2669 volun-

219 2685 326 2712 Calvim‘
344 2692 435 2718 opera.
476 2687 531 2712 Vol.
546 2687 640 2714 XXX.

1147 290 1246 315 tatem
1270 295 1325 324 per
1349 284 1535 316 Samuelem
1560 285 1768 325 patefactam,
1799 284 1837 315 de
1861 284 1967 315 debito
1994 283 2111 314 Davidi

1147 337 1246 367 regno
1276 327 1376 359 fuisse
1405 328 1569 359 intuitum.
1616 327 1663 359 Ac
1694 327 1830 367 proinde
1860 326 2048 367 cognovisse
2078 336 2112 357 re

1146 369 1215 409 ipsa
1234 370 1429 409 perficienda
1452 381 1533 410 quae
1558 371 1646 401 Deus
1670 369 1884 411 praedixerat,
1913 369 1986 400 licet
2011 368 2111 399 homi-

1146 423 1225 442 num
1249 414 1399 453 opinione
1420 413 1609 444 viderentur
1628 412 1844 453 impossibilia.
1890 413 1991 443 Porro
2014 412 2041 443 si
2060 411 2112 443 Io-

1147 454 1309 486 nathanus
1341 460 1462 487 tantam
1488 456 1737 495 promissionum
1762 455 1947 487 divinorum
1978 454 2111 486 certitu-

1147 497 1254 527 dinem
1279 499 1311 528 in
1331 497 1468 529 Davidis
1492 509 1629 538 persona
1651 498 1811 538 cognovit,
1836 497 1911 538 quid
1937 508 1994 529 nos
2017 497 2113 528 hodie

1147 540 1249 571 facere
1268 551 1327 580 par
1347 546 1406 579 est,
1425 542 1586 572 intuentes
1602 542 1660 572 Dei
1680 541 1783 571 filium
1804 541 1835 571 in
1852 540 2022 572 coelestem
2042 540 2111 580 glo-

1147 583 1228 613 riam
1253 588 1410 621 evectum,
1434 584 1507 614 licet
1530 594 1588 614 nos
1613 585 1645 614 in
1670 584 1729 615 hoc
1754 583 1875 614 mundo
1900 583 1997 614 variis
2021 593 2112 614 excr-

1146 625 1211 656 ceri
1240 626 1352 665 poenis
1375 632 1408 656 et
1437 627 1617 662 aerumnis,
1651 636 1811 666 suumque
1834 636 1970 665 regnum
2000 626 2034 656 in
2062 625 2112 656 his

1147 668 1242 699 terris
1261 679 1330 699 esse
1353 669 1511 699 occultum
1533 670 1705 708 permittat,
1730 680 1789 700 nae
1808 670 1902 709 longe
1922 668 2112 708 ampliorem

1148 711 1314 741 materiam
1340 711 1494 742 habemns
1514 721 1572 742 nos
1595 712 1628 742 in
1642 712 1700 742 Dei
1725 717 1916 751 potestatem
1929 716 1961 742 et
1980 721 2112 741 manum

1148 753 1309 790 tradendi,
1334 764 1429 793 quam
1452 754 1529 784 olim
1554 753 1770 791 Ionathanus,
1800 762 1831 785 et
1855 764 1920 785 non
1944 753 2112 784 dubitandi

1147 796 1225 836 quin
1256 796 1330 827 licet
1354 797 1469 827 millies
1493 796 1675 828 durioribus
1698 797 1936 828 calamitatibus
1962 806 2112 828 exercea-

1148 849 1230 876 mur,
1251 845 1441 878 potestatem
1455 838 1571 870 habeat
1590 850 1631 870 ex
1647 840 1796 871 omnibus
1815 839 1965 879 periculis
1978 838 2111 870 eruendi

1149 882 1312 921 nostrique
1336 882 1517 913 miserendi.

1233 924 1335 955 Porro
1348 924 1518 965 diligenter
1533 924 1732 955 observanda
1745 932 1819 955 sunt
1838 936 1919 964 quae
1932 932 2112 965 sequuntur

1150 966 1247 997 verba
1259 966 1419 998 Davidem
1432 967 1609 1007 fugientem
1631 969 1757 998 venisse
1770 969 1803 998 in
1817 967 1906 998 Nobe
1926 969 1957 998 in
1971 979 2033 1007 qua
2046 972 2115 998 erat

1150 1014 1228 1040 tunc
1251 1010 1313 1041 Dei
1336 1011 1572 1049 sanctuarium,
1603 1011 1752 1049 quoniam
1778 1010 1815 1041 de
1842 1011 1976 1050 panibus
2000 1021 2116 1050 propo-

1149 1052 1276 1083 sitionis
1299 1053 1420 1083 mentio
1443 1053 1495 1090 fit,
1519 1054 1572 1092 qui
1597 1053 1739 1092 quotidie
1754 1052 1823 1084 Deo
1846 1053 2065 1084 offerebantur
2084 1057 2116 1084 et

1149 1095 1183 1125 in
1208 1106 1319 1126 mensa
1342 1106 1400 1135 par
1424 1106 1555 1126 manum
1583 1096 1755 1126 sacerdotis
1779 1097 2052 1136 proponebantur,
2083 1100 2116 1127 et

1150 1137 1222 1169 aliis
1253 1138 1389 1169 sublatis
1419 1138 1473 1169 alii
1503 1138 1789 1169 substituebantur.
1842 1138 1906 1169 Hic
1935 1139 1969 1169 in
2000 1139 2114 1179 primis

1149 1180 1385 1212 observandum
1410 1181 1569 1212 Davidem
1593 1186 1720 1221 praeter
1742 1181 1919 1220 periculum
1947 1180 2029 1221 quod
2053 1181 2115 1221 ipsi

1150 1223 1341 1254 imminebat
1372 1224 1410 1254 ab
1441 1223 1637 1260 hominibus,
1669 1225 1764 1254 etiam
1798 1235 1871 1255 cum
1901 1224 1985 1255 fame
2014 1224 2114 1255 fuisse

1150 1266 1316 1298 luctatum.
1362 1266 1475 1306 Neque
1498 1267 1584 1297 enim
1604 1267 1740 1306 fugienti
1765 1267 1898 1297 licuerat
1924 1266 1962 1297 de
1986 1277 2115 1298 annona

1150 1309 1258 1349 aliqua
1282 1309 1462 1349 providere,
1493 1316 1525 1339 et
1548 1308 1701 1349 quamdiu
1732 1309 1834 1346 latuit,
1867 1309 2041 1341 verisimile
2065 1314 2114 1341 est

1149 1363 1224 1383 eum
1243 1358 1339 1382 etlam
1359 1362 1423 1382 iam
1444 1358 1511 1382 tum
1530 1362 1672 1383 ieiunare
1691 1362 1848 1391 coeplsse:
1869 1362 1931 1382 iam
1953 1363 2028 1383 vero
2042 1363 2113 1392 pro-

1150 1395 1255 1435 fugus,
1280 1400 1312 1426 et
1335 1405 1392 1435 per
1415 1395 1485 1425 vias
1508 1394 1613 1426 invias
1636 1394 1800 1431 oberrans,
1824 1394 1904 1426 nulli
1927 1405 1995 1426 sese
2019 1396 2114 1426 audet

1151 1437 1259 1468 domui
1278 1437 1479 1469 committere
1509 1438 1543 1467 in
1566 1448 1628 1477 qua
1660 1437 1707 1467 vel
1733 1437 1907 1468 frustulum
1932 1438 2024 1477 panis
2053 1438 2114 1469 sibi

1150 1481 1277 1519 suisque
1303 1479 1447 1520 pauculis
1461 1480 1562 1511 servis
1583 1481 1728 1519 postulet.
1766 1480 1904 1511 Videtur
1917 1491 1993 1521 ergo
2007 1480 2114 1512 David

1150 1524 1188 1554 ab
1214 1523 1380 1554 hominum
1404 1523 1562 1554 consortio
1593 1522 1757 1559 exclusus,
1787 1531 1818 1553 et
1841 1530 2054 1563 cognatorum
2081 1528 2113 1554 et

1150 1566 1326 1597 amicorum
1356 1565 1646 1597 communicatione
1674 1566 1833 1605 privatus,
1865 1566 1984 1596 nedum
2016 1573 2051 1597 ut
2074 1566 2113 1597 ab

1151 1609 1316 1640 extraneis
1340 1609 1496 1639 auxilium
1520 1608 1648 1647 aliquod
1669 1613 1842 1648 exspectet.
1889 1608 1998 1639 Fame
2014 1609 2112 1640 etiam

1149 1652 1321 1691 premitur,
1354 1657 1385 1682 et
1409 1651 1522 1681 nullibi
1551 1650 1726 1681 remedium
1757 1651 1849 1681 malis
1879 1651 1949 1682 istis
1979 1652 2111 1688 invenit,

1150 1695 1211 1726 nisi
1231 1694 1271 1725 ad
1295 1695 1514 1725 sanctuarinm
1536 1694 1665 1724 Domini
1689 1694 1861 1733 confugiat.
1906 1694 2006 1724 Hunc
2025 1695 2111 1725 enim

1148 1738 1253 1769 locum
1265 1737 1325 1768 sibi
1338 1737 1536 1768 tutissinium
1547 1737 1672 1777 asylum
1686 1737 1899 1767 existimavit:
1912 1737 1987 1767 licet
1999 1744 2112 1768 contra

1151 1781 1318 1811 hominum
1342 1780 1492 1819 opinione
1517 1779 1604 1810 locus
1628 1779 1673 1809 illi
1687 1779 1795 1809 nullus
1819 1779 2025 1818 perniciosior
2037 1791 2112 1811 con-

1149 1824 1275 1863 tingere
1300 1827 1414 1862 posset.
1461 1822 1545 1853 Nam
1568 1833 1604 1852 eo
1628 1821 1667 1852 ad
1687 1822 1843 1852 sacrificia
1863 1822 2113 1853 concurrebatur

1149 1876 1185 1897 ae
1209 1865 1342 1905 proinde
1365 1865 1455 1896 facile
1486 1865 1614 1905 agnosci
1640 1870 1782 1904 porterat
1812 1869 1968 1904 tanquam
1992 1866 2025 1895 in
2054 1876 2113 1906 pu-

1150 1909 1231 1940 blico
1262 1914 1422 1939 mercatu:
1455 1918 1491 1939 ac
1522 1907 1653 1946 proinde
1679 1918 1777 1946 quum
1813 1907 1902 1946 prius
1933 1907 2113 1939 delituisset

1149 1951 1244 1982 modo
1269 1951 1395 1981 videtur
1408 1951 1441 1980 in
1454 1951 1597 1981 omnium
1611 1957 1816 1989 conspectum
1839 1950 1947 1980 venire
1967 1956 1999 1980 et
2018 1961 2051 1982 se
2064 1952 2110 1988 ip-

1149 2005 1219 2025 sum
1255 1993 1399 2033 prodere.
1456 1993 1688 2023 Verumtamen
1728 1992 1860 2023 minime
1898 1992 2110 2025 dubitandum

1149 2038 1225 2077 quin
1256 2036 1363 2067 David
1396 2036 1429 2066 in
1460 2041 1565 2066 tantas
1595 2035 1759 2075 angustias
1790 2035 1952 2066 coniectus
1983 2036 2109 2076 asylum

1149 2080 1341 2111 existimarit
1363 2079 1559 2109 tutissimum
1584 2078 1686 2108 locum
1709 2077 1801 2108 illum
1824 2087 1920 2117 quem
1939 2078 2031 2110 Deus
2054 2090 2111 2110 suo

1150 2123 1251 2153 cultui
1275 2121 1447 2158 dedicarat,
1472 2128 1503 2151 et
1526 2121 1673 2160 cogitarit
1698 2120 1802 2150 Deum
1826 2121 1876 2151 sui
1902 2122 2110 2153 miserturum

1149 2176 1247 2206 quum
1262 2166 1293 2195 in
1308 2165 1407 2203 ipsius
1420 2165 1638 2194 sanctuarium
1653 2163 1847 2203 confugeret,
1860 2170 1891 2193 et
1911 2164 1942 2194 in
1956 2174 1992 2194 eo
2006 2164 2110 2204 ipsum

1149 2208 1332 2240 occultaret.
1378 2207 1426 2238 Ae
1452 2217 1528 2237 sane
1552 2206 1634 2236 hanc
1664 2206 1750 2236 illius
1774 2205 1871 2236 fuisse
1902 2206 2053 2237 fiduciam
2077 2209 2111 2238 in

1149 2251 1299 2282 maximis
1323 2250 1389 2280 suis
1402 2249 1627 2280 afflictionibus
1651 2254 1785 2288 apparet
1807 2258 1847 2278 ex
1860 2248 1993 2288 psalmis
2011 2250 2112 2289 ipsius

1149 2294 1182 2325 in
1211 2293 1326 2332 quibus
1348 2292 1466 2332 passim
1496 2291 1555 2322 hac
1580 2302 1671 2322 voces
1695 2290 1886 2321 audiuntur:
1917 2291 2051 2323 Domine
2081 2296 2113 2323 iu

1149 2347 1195 2368 me
1217 2337 1250 2366 in
1269 2335 1375 2374 aliquo
1396 2334 1568 2365 sanctuarii
1590 2334 1636 2364 tm·
1657 2333 1770 2373 anyulo
1794 2333 1973 2365 occultabis:
1997 2335 2112 2374 quibus

1150 2379 1282 2410 vocibus
1301 2378 1432 2408 minime
1453 2377 1584 2408 dubium
1605 2383 1653 2407 est-
1671 2376 1748 2416 quin
1762 2376 1869 2407 David
1888 2376 2113 2409 meditationes

1148 2422 1220 2453 illas
1244 2427 1272 2451 ct
1293 2421 1504 2460 cogitationes
1525 2419 1729 2459 expresserit,
1750 2419 1866 2458 quibus
1889 2430 1924 2450 se
1942 2420 1975 2450 in
2000 2420 2113 2452 mediis

1149 2463 1379 2496 certaminibus
1403 2463 1600 2493 sustinuerit.
1647 2461 1756 2500 Quum
1780 2472 1813 2492 se
1836 2462 1936 2502 igitur
1960 2463 2038 2494 dicit
2061 2474 2113 2495 oc-

1150 2507 1336 2538 cultandum
1366 2506 1397 2535 in
1429 2505 1535 2544 aliquo
1559 2504 1733 2535 sanctuarii
1755 2504 1889 2545 angulo,
1920 2510 2057 2537 testatur
2080 2517 2113 2537 se

1151 2550 1238 2581 omni
1262 2555 1405 2587 tempore
1429 2549 1460 2578 in
1484 2547 1590 2577 media
1614 2557 1721 2577 rerum
1745 2547 1955 2579 adversarum
1974 2556 2113 2588 tempes—

1151 2598 1217 2623 tate
1229 2591 1416 2631 cognovisse
1429 2591 1554 2621 nullum
1568 2590 1668 2621 tutius
1687 2589 1814 2630 asylum
1830 2600 1935 2630 neque
1948 2591 2114 2623 fortiorem

1151 2636 1252 2666 ullum
1274 2633 1411 2673 perfugii
1433 2634 1536 2663 locum
1558 2643 1635 2668 esse,
1660 2643 1753 2672 quam
1774 2633 1807 2663 in
1827 2632 1888 2663 Dei
1908 2644 2023 2665 manus
2042 2645 2117 2666 con-

1923 2684 1956 2710 25
