2551 3044
173 192 232 224 601

172 285 246 317 Hoc
264 286 368 326 igitur
386 284 498 317 sedulo
518 289 567 316 est
585 283 833 320 observandum,
857 293 899 313 ex
918 283 980 314 ista
994 282 1130 313 Davidis

171 327 387 365 conclusione,
410 332 446 361 ut
466 327 596 367 sanguis
616 326 715 366 ipsius
728 330 853 356 tantum
866 336 973 356 coram
989 324 1133 357 Domino

172 371 367 408 effundatur,
398 369 512 410 quibus
535 369 642 401 verbis
665 367 807 403 Saulem,
830 374 862 398 et
885 368 1077 398 temeritatis
1101 372 1131 398 et

171 413 376 451 arrogantiae
405 413 566 452 insinuat,
600 421 628 451 q.
661 410 690 442 d.
721 410 911 450 sanguinem
942 421 1035 441 suum
1068 421 1131 440 non

170 466 263 496 posse
282 454 404 487 effundi
424 455 500 494 quin
515 453 604 485 Deus
627 463 691 484 non
713 452 816 484 50111111
841 451 956 490 videat,
982 453 1130 492 quoniam

169 499 231 539 ipsi
255 498 364 530 omnia
386 497 583 537 praesentia,
612 495 667 527 sed
698 495 794 526 etiam
828 506 861 525 re
884 495 954 535 ipsa
984 494 1131 526 ostendat

169 540 229 573 sibi
259 550 355 572 curae
379 550 449 570 esse
470 539 611 570 filiorum
634 548 765 568 suorum
789 537 829 568 ad
852 548 887 568 se
909 537 1017 569 oculos
1040 537 1130 568 attol-

168 583 305 615 lentium
340 582 565 622 querimonias,
600 580 753 620 quoniam
788 591 841 612 eos
875 580 1022 611 custodit.
1079 580 1131 610 Ex

168 636 230 666 quo
268 625 365 657 verbo
408 624 504 655 aliam
544 623 642 654 etiam
685 623 862 654 doctrinam
897 623 1012 654 elicere
1047 621 1129 660 licet,

167 678 282 708 nempe
312 667 386 699 licet
408 666 595 698 existiment
618 666 707 705 impii
730 677 764 697 se
785 665 916 706 impune
939 665 1130 706 sanguinem

166 716 314 742 nostrum
353 711 458 741 instar
498 718 601 749 aquae
642 708 823 749 effundere,
863 714 895 739 et
934 719 1006 739 eum
1036 707 1130 738 nihili

165 753 287 785 faciant
305 756 437 793 propter
460 751 679 791 arrogantiam
703 756 734 782 et
757 750 991 789 crudelitatem,
1016 750 1130 780 nihilo-

163 796 273 828 minus
304 802 411 827 tamen
441 795 602 834 guttulam
635 794 704 825 eius
734 805 796 824 non
827 804 973 826 casuram
1004 793 1065 823 nisi
1096 793 1128 823 in

163 839 347 880 praesentia
380 837 530 873 Domini,
565 842 596 868 et
629 837 697 867 eius
731 846 838 868 coram
872 838 941 877 ipso
972 836 1128 866 rationem

163 882 240 915 olim
259 891 328 913 esse
347 880 541 911 reddituros.
574 879 611 910 Si
633 880 729 917 enim,
754 880 839 910 utin
853 879 983 910 Psalmo
1003 878 1127 915 dicitur,

163 924 327 965 lacrymae
346 928 474 954 nostrae
493 927 570 954 sunt
590 922 637 952 illi
657 922 690 952 in
708 922 820 961 pretio,
844 927 875 953 ct
895 932 948 952 eas
967 922 1001 952 in
1020 920 1129 961 phiala

163 966 368 1001 absconditas
409 969 537 1002 servat,
579 974 685 995 nonne
719 964 822 995 multo
856 965 960 1005 magis
994 963 1128 1004 sanguis

162 1009 295 1042 noster?
340 1008 428 1039 Hine
458 1008 558 1048 igitur
588 1007 747 1038 diseamus
770 1012 857 1038 certo
880 1007 972 1038 nobis
995 1017 1127 1047 persua-

162 1052 248 1090 dere,
272 1051 379 1082 Deum
410 1061 479 1081 esse
508 1055 655 1081 nostrum
679 1054 900 1089 protectorem,
934 1060 991 1080 nec
1015 1059 1127 1089 passu-

161 1105 236 1128 rum
259 1095 373 1134 ipsum,
398 1097 433 1124 ut
454 1093 587 1133 capillus
610 1103 651 1123 ex
674 1093 778 1132 eapite
802 1097 911 1123 nostro
935 1093 1004 1123 sine
1027 1093 1128 1131 ipsius

161 1137 330 1170 voluntate
360 1135 462 1173 cadat,
490 1140 522 1166 et
552 1145 610 1166 nos
641 1134 680 1165 ab
710 1135 856 1166 hostibus
880 1135 999 1166 nostris
1027 1134 1129 1165 vindi—

160 1184 318 1216 caturum,
343 1183 373 1210 et
393 1184 469 1209 tune
487 1188 587 1218 quum
607 1189 666 1209 nos
686 1178 817 1209 caedere
836 1182 867 1209 et
891 1178 1005 1208 ultimo
1028 1177 1127 1208 exitio

159 1223 295 1264 perdere
323 1221 535 1257 conabuntur,
564 1221 671 1251 Deum
701 1231 764 1251 non
797 1231 986 1252 aversurum
1019 1220 1127 1251 oculos

160 1276 180 1297 a
201 1265 304 1304 nobis,
337 1274 394 1295 nee
416 1264 450 1294 in
473 1263 567 1294 malis
590 1263 709 1294 nostris
733 1273 863 1295 caecum
888 1264 1042 1294 futurum.
1080 1264 1126 1294 Ac

159 1307 294 1349 proinde
330 1307 404 1338 licet
440 1306 583 1346 patiatur
621 1316 679 1337 nos
710 1306 749 1336 ad
780 1311 908 1346 tempus
939 1306 1063 1343 vexari,
1094 1311 1125 1336 et

158 1351 268 1382 hostes
296 1349 388 1381 nobis
419 1349 601 1388 superiores
631 1359 716 1385 esse,
752 1349 966 1380 nihilominus
997 1348 1126 1389 singula

158 1393 274 1434 quibus
303 1403 361 1424 nos
392 1392 544 1428 afficient,
576 1392 660 1422 mala
690 1402 796 1424 coram
820 1392 891 1423 Deo
919 1397 1065 1429 ventura,
1095 1396 1126 1422 et-

158 1446 266 1469 eoram
300 1435 402 1475 ipsius
437 1434 592 1465 tribunali
627 1435 772 1465 omnium
806 1435 935 1466 illorum
966 1435 1124 1465 rationem

158 1479 246 1519 ipsos
286 1478 421 1510 reddere
461 1477 592 1508 tandem
632 1482 779 1509 coactum
813 1477 862 1508 iri.
918 1477 991 1508 Hoc
1024 1477 1125 1518 igitur

159 1522 300 1563 primum
325 1528 373 1552 est
396 1520 488 1551 nobis
510 1519 699 1559 notandum,
730 1525 765 1551 ut
788 1521 945 1552 consolari
969 1530 1028 1551 nos
1051 1530 1124 1559 pos-

159 1565 260 1597 simus
283 1564 439 1595 adversus
463 1574 575 1594 omnes
598 1563 797 1595 tentationes
820 1570 851 1594 et
875 1562 1123 1603 persecutiones,

159 1607 276 1647 quibus
315 1617 334 1638 a
375 1605 492 1637 diaboli
525 1605 718 1637 satellitibus
753 1606 940 1646 premimur.
997 1605 1124 1636 Deinde

159 1649 311 1682 doeemur
348 1649 387 1680 ab
416 1648 565 1680 omnibus
594 1649 750 1680 conviciis
780 1649 934 1681 adversus
962 1648 1126 1688 proximos

158 1696 286 1724 nostros
310 1691 480 1723 abstinere.
516 1691 642 1722 Animis
665 1692 753 1722 enim
776 1692 895 1723 nostris
918 1691 1004 1723 istud
1028 1691 1125 1722 altius

159 1736 250 1776 infigi
282 1738 428 1775 oportet,
465 1733 574 1765 Deum
605 1735 734 1774 singula
771 1735 942 1766 hominum
978 1735 1063 1765 facta
1094 1738 1126 1763 et

160 1778 245 1810 dicta
279 1777 549 1815 animadvertere,
584 1781 616 1809 et
648 1778 796 1817 quamvis
830 1777 998 1808 hominum
1033 1787 1126 1816 prae—

160 1821 298 1852 sentiam
322 1820 432 1860 fugere
455 1820 624 1860 possimus,
649 1820 862 1851 nihilominus
886 1825 994 1851 tamen
1018 1820 1124 1851 Deum

160 1873 287 1903 semper
316 1863 439 1894 iustum
471 1873 541 1894 esse
570 1863 725 1894 iudicem:
760 1862 844 1903 quod
873 1868 905 1893 et
935 1863 974 1894 ab
1003 1862 1125 1893 effectis

159 1906 239 1947 ipsis
273 1905 486 1946 agnoscimus.
543 1905 626 1944 Quis
656 1906 743 1936 enim
777 1906 870 1937 testis
904 1905 1016 1936 aderat
1051 1912 1125 1936 tunc

160 1959 259 1989 quum
285 1948 366 1980 Cain
397 1949 528 1979 fratrem
559 1959 652 1979 suum
677 1948 811 1979 Abelem
842 1947 1028 1979 interfecit?
1054 1958 1125 1978 san-

160 1992 232 2032 guis
252 1996 359 2022 tamen
379 1990 481 2030 ipsius
500 1990 674 2022 vindictam
696 1991 868 2022 aDomino
891 1991 1039 2031 flagitare
1062 2001 1127 2021 non

161 2035 336 2066 desinebat.
367 2032 422 2064 Sic
446 2034 548 2074 igitur
570 2033 631 2065 etsi
655 2034 824 2065 malefacta
847 2039 959 2065 nostra
981 2037 1013 2064 et
1035 2033 1127 2073 flagi-

162 2077 206 2113 tia
234 2081 442 2117 conspectum
471 2077 637 2107 hominum
669 2077 813 2117 fugiant,
843 2081 876 2108 et
910 2087 1015 2108 coram
1048 2076 1126 2116 ipsis

161 2120 284 2152 nullius
301 2119 481 2150 iniustitiae
505 2120 647 2150 accusari
670 2120 839 2159 possimus,
863 2124 973 2150 tamen
997 2129 1127 2150 necesse

162 2167 210 2194 est
232 2166 269 2193 ut
291 2162 361 2193 Deo
391 2162 487 2193 corda
517 2166 627 2193 nostra
655 2163 839 2202 probentur,
871 2167 902 2193 et
925 2173 1032 2193 coram
1056 2163 1126 2202 ipso

161 2205 384 2245 iustfficemur,
407 2209 445 2235 ut
463 2215 522 2236 nos
539 2205 608 2244 ipse
626 2210 727 2245 regat,
751 2211 783 2236 et
798 2210 910 2236 saneto
930 2215 987 2236 sno
1010 2204 1125 2245 spiritu

161 2248 259 2286 afflet,
281 2252 318 2278 ut
336 2247 375 2279 ab
393 2248 482 2278 omni
506 2247 661 2279 violentia
676 2253 708 2279 et
730 2247 879 2279 omnibus
902 2247 1031 2278 iniuriis
1054 2247 1125 2278 abs·

162 2291 333 2325 tineamus,
363 2290 390 2320 si
416 2300 522 2322 coram
541 2290 612 2329 ipso
635 2290 737 2322 bonae
758 2291 973 2322 conscientiae
997 2296 1127 2321 nostrae

162 2333 323 2364 rationem
354 2333 489 2365 reddere
518 2333 678 2373 cupimus,
709 2338 740 2364 et
770 2333 817 2364 illi
841 2333 926 2374 grati
950 2337 983 2363 et
1005 2333 1126 2373 accepti

160 2386 241 2409 esse.
287 2376 460 2408 Disoamus
489 2379 657 2416 praeterea
686 2386 745 2407 1105
775 2376 872 2407 solari
895 2386 995 2416 quum
1019 2380 1127 2407 tantae

164 2427 258 2453 curae
292 2419 361 2450 Deo
398 2428 456 2449 nos
495 2428 581 2456 esse,
624 2423 657 2450 et
696 2423 824 2450 nostros
855 2429 970 2460 passus
1003 2429 1126 2459 regere,

162 2470 358 2500 manumque
386 2471 477 2494 suam
510 2461 550 2492 ad
581 2471 641 2493 nos
670 2462 825 2493 tutandos
857 2466 889 2493 et
912 2461 1125 2502 protegendos

163 2503 355 2543 pretendere
374 2503 540 2544 dignetur.

249 2546 467 2581 Transeamus
496 2546 535 2577 ad
567 2546 676 2579 Saulis
704 2547 953 2578 confessionem:
988 2545 1127 2584 Peccavi,

163 2590 313 2620 revertere
337 2589 385 2628 ffih'
413 2589 459 2620 mi
488 2588 614 2629 David,
645 2599 706 2622 11οη
735 2590 816 2620 enim
845 2589 1044 2630 malefaciam
1073 2588 1128 2619 tibi

163 2629 308 2669 ampliuS,
326 2634 492 2670 propterea
505 2633 590 2671 quod
602 2632 743 2672 pretiosa
762 2633 831 2664 visa
853 2634 897 2663 est
918 2632 982 2663 vita
1004 2642 1070 2663 mea
1094 2632 1127 2662 in

795 190 843 221 IN
866 190 890 221 Ι.
915 189 1004 221 LIB.
1028 188 1227 222 SAMUEL.
1252 192 1348 223 (JAP.
1373 192 1502 224 XXVI.

2081 194 2141 225 602

1182 283 1277 316 oculis
1306 286 1368 316 tuis
1398 286 1450 318 lcoc
1478 288 1545 326 ipso
1575 288 1641 325 (lic,
1678 298 1753 325 ecce,
1791 288 1880 319 stulte
1908 288 1956 327 091
1985 290 2010 319 cl
2038 288 2142 318 erravi

1182 327 1453 366 (laaruplmimmn.
1501 330 1682 361 stultitiam
1706 341 1798 361 suam
1823 330 1901 362 ‚Saul
1927 341 1991 360 non
2016 335 2141 361 tantum

1183 371 1334 407 agnoscit,
1366 372 1420 401 5011
1452 373 1547 403 etiam
1577 378 1760 413 exaggerat,
1793 384 1889 413 quum
1919 373 1964 404 ait
1987 383 2020 403 se
2043 372 2141 403 stulte

1183 412 1285 455 egisse
1315 417 1347 442 et
1377 415 1535 445 erravisse
1564 416 1750 455 plurimum.
1796 416 1845 446 Ex
1871 416 1984 455 quibus
2008 422 2142 455 apparet

1184 453 1313 485 Saulem
1354 466 1418 486 111111
1458 458 1559 487 obiter
1598 464 1723 489 tantum
1764 463 1795 488 et
1835 458 2065 498 perfunctorie,
2107 465 2142 488 ut

1184 496 1371 536 plerumque
1396 499 1542 531 homines
1565 501 1669 531 solent
1699 501 1826 540 culpam
1848 512 1937 531 51111111
1962 500 2141 541 agnovisse,

1157 563 1158 568 ,
1184 539 1239 568 scd
1266 550 1298 569 se
1329 541 1494 572 iudicasse.
1525 553 1561 573 ae
1590 543 1615 574 51
1640 544 1794 574 adversus
1817 553 1851 574 50
1874 544 1979 583 ipsum
2003 543 2099 573 latam
2125 554 2143 574 a

1184 580 1323 611 Domino
1346 585 1540 615 sententiam
1565 587 1747 625 accepisset.
1782 586 1853 617 Rex
1878 592 1946 616 erat
1970 585 2061 622 Saul,
2085 586 2140 616 501]

1184 628 1291 654 tamen
1332 626 1466 656 stultum
1508 627 1634 658 fatetur.
1692 628 1802 668 Neque
1842 634 1967 659 tantum
2005 628 2141 659 stultum

1184 665 1311 713 Davide
1340 670 1559 708 persequendo
1591 671 1687 701 fuisse
1718 670 1810 708 dicit,
1840 670 1896 702 scd
1925 672 2022 701 ctiam
2053 682 2140 701 erra-

1183 719 1268 740 11550
1300 721 1395 749 quain
1427 711 1611 750 plurimum.
1656 714 1802 744 Profecto
1833 724 1896 744 11011
1927 713 2140 744 dubitandum

1183 752 1258 790 quin
1283 753 1343 792 ipsi
1368 753 1457 784 Deus
1480 755 1708 786 consess-ionem
1734 756 1821 786 illam
1841 756 2019 786 extorserit.
2056 755 2140 786 Nam

1183 794 1235 833 qui
1263 800 1354 825 11111111
1382 797 1539 835 superbia,
1569 803 1599 828 et
1629 798 1727 828 animi
1759 798 1949 838 impotentia
1977 797 2140 829 ferebatur

1182 837 1337 869 adversus
1349 838 1552 869 innocentem
1566 841 1721 879 quomodo
1736 842 1893 880 potuisset
1913 840 1997 871 ultro
2011 841 2139 881 culpam

1181 878 1274 910 fateri
1305 885 1336 910 et
1364 882 1483 912 crimen
1514 892 1694 922 agnoscere,
1726 883 1787 914 nisi
1816 883 1906 914 Dens
1936 884 2039 914 invito
2066 893 2139 914 con-

1181 920 1354 953 fessionem
1392 924 1425 954 in
1454 923 1590 955 Davidis
1624 926 1759 965 gratiam
1798 933 1828 956 et
1857 927 1999 957 favorem
2032 931 2139 956 extor-

1181 964 1283 996 sisset.
1321 966 1371 996 Ex
1394 976 1456 1006 qno
1480 974 1612 1006 apparet
1635 968 1746 1007 quanti
1770 968 1879 999 fecerit
1904 969 1993 999 Deus
2017 969 2138 1007 patien-

1181 1008 1257 1037 tiam
1282 1008 1434 1046 Davidis,
1471 1016 1501 1039 et
1524 1010 1756 1041 humanitatem
1792 1022 1853 1050 qua
1889 1022 1966 1051 erga
2003 1010 2136 1042 Saulem

1181 1061 1257 1080 usus
1289 1051 1400 1082 fuerat.
1446 1052 1513 1083 Nae
1545 1053 1570 1083 si
1595 1064 1627 1083 50
1651 1053 1757 1084 David
1782 1054 1866 1093 regis
1890 1054 2047 1093 sanguine
2071 1053 2139 1093 pol·

1180 1092 1304 1133 luisset,
1333 1100 1486 1133 perpetuo
1519 1094 1670 1126 dedecore
1694 1103 1725 1125 et
1747 1096 1925 1135 ignominia
1948 1096 2061 1127 fuisset
2083 1096 2138 1127 ob-

1180 1140 1281 1174 rutus,
1301 1142 1332 1166 et
1352 1137 1436 1176 apud
1456 1148 1566 1168 omncs
1586 1144 1716 1178 propter
1735 1139 2004 1169 inhumanitatem
2026 1139 2139 1169 merito

1180 1188 1296 1210 exosus
1318 1179 1438 1216 fuisset,
1463 1185 1494 1210 et
1513 1180 1756 1212 abominandus.
1797 1182 1909 1220 Itaque
1933 1181 2042 1212 David
2066 1181 2140 1212 licet

1180 1232 1243 1251 non
1267 1221 1432 1261 ignoraret
1456 1233 1622 1262 nunquam
1646 1223 1705 1254 sibi
1727 1224 1792 1254 fore
1816 1225 1913 1254 vitam
1933 1223 2138 1263 tranquillam

1179 1264 1331 1304 quamdiu
1356 1264 1433 1296 Saul
1457 1265 1590 1303 viveret,
1615 1266 1729 1296 maluit
1752 1272 1859 1296 tamen
1885 1276 2014 1306 parcere
2036 1267 2135 1306 ipsius

1179 1306 1267 1337 vitae
1297 1318 1394 1347 quam
1422 1309 1580 1348 sanguine
1610 1309 1712 1348 ipsius
1740 1319 1853 1339 manus
1881 1320 1955 1340 suas
1985 1309 2136 1348 polluere.

1179 1348 1244 1380 Sed
1264 1350 1347 1381 hanc
1368 1350 1554 1390 patientiam
1571 1352 1704 1382 Davidis
1716 1351 1805 1382 Deus
1825 1359 2019 1388 remunerat,
2040 1362 2137 1390 quum

1181 1391 1311 1423 Saulem
1343 1394 1383 1423 ad
1414 1393 1524 1433 culpae
1548 1404 1623 1424 snae
1647 1394 1842 1434 agnitionem
1868 1394 1978 1434 adigit.
2023 1393 2136 1433 Neque

1179 1436 1263 1465 enim
1295 1435 1427 1466 dubium
1458 1442 1506 1467 est
1529 1436 1605 1476 quin
1631 1436 1715 1476 apud
1738 1447 1848 1467 omnes
1872 1436 2052 1467 innotuerit
2075 1437 2136 1467 ista

1179 1477 1288 1509 Saulis
1300 1479 1465 1516 confessio,
1486 1490 1548 1509 non
1561 1478 1645 1518 apud
1664 1490 1763 1510 unum
1783 1483 1838 1510 aut
1856 1479 1994 1509 alterum
2012 1484 2138 1516 testem,

1179 1520 1234 1552 sed
1264 1531 1371 1552 eoram
1402 1526 1468 1551 toto
1496 1522 1639 1552 exercitu
1669 1522 1760 1552 facta.
1803 1521 1886 1552 Nam
1918 1521 2021 1552 tribus
2050 1521 2138 1552 mille

1179 1563 1363 1594 hominibus
1391 1564 1580 1604 stipabatur,
1610 1565 1641 1595 in
1671 1574 1804 1604 quorum
1835 1564 2017 1604 praesentia
2046 1575 2138 1594 suam

1178 1606 1381 1646 iniquitatem
1405 1607 1507 1638 fassus
1531 1612 1595 1645 est,
1624 1612 1656 1637 et
1677 1618 1711 1638 se
1741 1618 1802 1637 non
1834 1617 1988 1646 quaerere
2019 1607 2138 1647 effugia

1179 1655 1235 1680 ant
1270 1659 1369 1680 vanas
1403 1650 1626 1681 excusationes
1660 1649 1902 1685 demonstravit,
1937 1659 2036 1689 quum
2071 1661 2134 1680 11011

1178 1692 1271 1722 1110110
1305 1692 1433 1732 culpam
1466 1703 1531 1723 11011
1564 1692 1694 1729 minuit,
1736 1691 1790 1722 5011
1824 1692 1927 1732 magis
1961 1702 1997 1723 ac
2032 1692 2135 1731 magis

1178 1736 1277 1765 auxit.
1311 1735 1424 1774 Itaque
1442 1739 1566 1766 eertum
1585 1739 1633 1766 est
1647 1734 1776 1766 Saulem
1796 1739 1950 1774 tanquam
1974 1733 2136 1774 publicum

1178 1787 1369 1817 praeconem
1402 1788 1506 1808 coram
1535 1778 1685 1809 universo
1714 1777 1854 1808 exercitu
1886 1776 2021 1807 Davidis
2045 1777 2136 1808 inno-

1178 1821 1315 1851 centiam
1340 1820 1549 1860 praedicasse,
1570 1826 1606 1851 ut
1629 1820 1668 1850 ad
1692 1830 1801 1850 omnes
1825 1820 2016 1859 perveniret.
2049 1820 2136 1851 Hinc

1178 1863 1277 1904 igitur
1310 1863 1516 1894 observemus
1549 1868 1792 1902 quantacunque
1818 1861 2052 1902 ingratitudine
2080 1862 2137 1892 ho-

1178 1906 1282 1937 mines
1302 1906 1454 1944 laborent,
1478 1916 1534 1936 nos
1558 1906 1585 1936 si
1608 1906 1765 1945 patienter
1789 1904 1960 1935 tulerimus
1982 1904 2136 1944 quidquid

1179 1959 1197 1980 a
1220 1949 1289 1980 Deo
1313 1949 1493 1980 immissum
1517 1948 1623 1985 fuerit,
1649 1947 1777 1978 taudem
1801 1948 1839 1977 ab
1864 1948 1933 1986 ipso
1958 1947 2135 1987 locupleter

1178 1991 1438 2027 remunerandos,
1470 1991 1524 2030 qui
1547 1991 1579 2020 in
1605 1997 1749 2021 nostrum
1772 1990 1974 2021 commodum
1997 1995 2028 2020 et
2051 1990 2137 2020 utili-

1178 2039 1277 2064 tatem
1297 2044 1407 2065 omnes
1426 2033 1560 2064 iniurias
1584 2033 1622 2064 ab
1645 2032 1782 2063 inimicis
1806 2032 1895 2063 nobis
1917 2031 2018 2063 factas
2042 2032 2136 2064 facile

1179 2077 1220 2108 sit
1258 2087 1481 2107 conversurus
1534 2076 1605 2106 Etsi
1641 2076 1743 2115 prima
1773 2075 1876 2105 fronte
1906 2078 1938 2105 et
1969 2074 2137 2105 hominum

1179 2120 1328 2159 opinione
1360 2119 1397 2150 de
1428 2119 1519 2149 nobis
1550 2124 1656 2149 actum
1685 2117 1840 2153 videatur,
1871 2122 1902 2148 ct
1931 2127 1982 2148 res
2007 2124 2137 2148 nostrae

1179 2163 1318 2202 pessimo
1358 2162 1425 2193 loco
1464 2161 1600 2201 positae:
1641 2160 1747 2191 Deum
1788 2168 1894 2190 tamen
1931 2159 1965 2190 in
2000 2160 2135 2191 salutem

1179 2210 1323 2236 nostram
1348 2205 1455 2235 omnia
1478 2214 1719 2241 conversurum,
1743 2202 1769 2233 si
1794 2202 1929 2233 Davidis
1952 2203 2136 2242 exemplum

1179 2247 1304 2287 sequuti
1337 2248 1502 2278 fuerimus.
1558 2246 1729 2277 Caeterum
1763 2244 1992 2282 observemus,
2029 2245 2136 2275 Deum

1178 2290 1340 2330 improbos
1372 2290 1518 2320 homines
1548 2288 1586 2319 ad
1618 2292 1818 2328 peccatorum
1850 2287 2047 2327 agnitionem
2071 2287 2137 2318 adi-

1179 2336 1307 2373 gentem
1319 2343 1355 2363 eo
1364 2332 1544 2372 graviorem
1558 2331 1659 2362 facere
1673 2331 1814 2370 ipsorum
1827 2330 2136 2361 condemnationem.

1180 2375 1267 2407 Sane
1297 2379 1431 2415 apparet
1453 2373 1583 2405 Saulem
1614 2383 1676 2404 non
1705 2372 1798 2403 fateri
1826 2372 1954 2413 culpam
1977 2382 2034 2412 per
2056 2372 2138 2404 ludi-

1179 2419 1293 2457 brium,
1317 2418 1371 2449 sed
1392 2417 1437 2447 ita
1455 2417 1552 2447 fuisse
1572 2416 1731 2452 affectum,
1755 2420 1790 2445 ut
1810 2415 1930 2446 diceret
1949 2425 1982 2445 se
2000 2415 2137 2446 stultum

1180 2466 1211 2492 et
1234 2461 1382 2492 insanum
1406 2470 1475 2491 esse
1498 2465 1527 2490 et
1551 2458 1695 2498 graviter
1718 2467 1852 2495 errasse,
1875 2457 1949 2488 licet
1972 2463 2081 2488 tamen
2103 2458 2136 2489 in

1179 2507 1345 2544 posterum
1378 2502 1417 2533 ad
1451 2501 1616 2532 meliorem
1649 2500 1774 2540 frugem
1807 2511 1871 2531 non
1905 2500 1946 2531 sit
1978 2511 2135 2531 reversus.

1179 2547 1228 2577 Eo
1271 2546 1378 2585 itaque
1413 2544 1516 2575 maior
1551 2543 1611 2574 fuit
1644 2543 1744 2582 ipsius
1777 2542 2018 2580 condemnatio,
2053 2542 2137 2582 quod

1179 2589 1285 2629 ipsum
1322 2598 1381 2619 sua
1422 2586 1615 2618 conscientia
1655 2585 1830 2625 redarguit.
1887 2585 1996 2623 Quare
2038 2595 2137 2625 quum

1180 2631 1329 2670 deinceps
1359 2635 1470 2662 contra
1500 2628 1712 2660 conscientiae
1740 2638 1883 2659 morsum
1906 2627 2066 2658 Davidem
2090 2632 2138 2659 est
