2551 3044
163 200 227 232 553

169 302 202 326 et
236 298 389 333 tanquam
424 291 571 330 κειμήλιον
609 301 702 323 suum
744 300 926 327 asservare,
968 291 1159 336 vitamque·³

169 341 315 368 nostram
346 335 447 366 veluti
477 335 510 366 in
541 333 690 366 fasciculo
720 339 934 372 compactam,
967 333 1035 364 loco
1065 338 1133 363 tuto

169 386 325 418 tanquam
345 378 378 408 in
401 387 474 408 arca
496 387 555 408 sua
578 375 751 408 recondere
772 375 856 412 velit,
881 386 922 405 ne
941 375 1077 415 praedae
1102 382 1134 405 et
1159 385 1160 389 ¹

172 422 295 462 rapinis
318 420 458 451 hostium
490 429 618 459 semper
648 423 765 458 pateat,
795 417 849 448 scd
881 418 970 448 velut
999 418 1033 448 in
1064 422 1133 448 tuto
1158 433 1160 463 3

169 464 324 497 collocata
356 463 400 493 sit
433 471 555 492 secura.
599 461 714 500 Neque
747 470 823 491 vcro
857 466 963 491 tamen
999 460 1061 491 ista
1095 460 1134 490 de

170 506 320 538 omnibus
354 505 386 535 in
421 514 538 544 genere
573 503 728 541 dicantur,
763 502 1021 542 quandoquidem
1056 503 1134 533 hacc

170 548 333 581 sententia
355 546 475 587 pendet
499 546 538 577 ab
562 546 601 576 iis
622 555 704 585 quae
729 545 823 584 paulo
844 549 918 576 ante
938 545 1133 582 audivimus,

171 601 286 631 nempe
308 589 445 620 Davidis
468 589 621 625 animam,
652 588 702 619 cui
729 588 818 619 Deus
847 593 911 618 tam
936 588 1039 618 multa
1062 598 1134 628 pro-

169 634 318 669 miserat,
359 631 398 662 ab
432 631 542 662 eodem
578 631 669 662 velut
702 630 736 661 in
771 631 950 662 viventium
985 630 1135 661 fasciculo

171 675 338 709 contineri.
394 673 614 712 Quamobrem
649 674 679 704 in
723 673 929 713 simplicitate
970 673 1136 704 ambulare

169 729 279 751 coram
302 717 372 748 Deo
396 716 564 753 discamus,
598 722 629 747 et
650 716 753 756 ipsius
777 716 944 747 clientelae
968 726 1026 746 nos
1050 725 1135 746 com-

170 762 308 796 mittere,
332 764 420 791 certo
443 759 588 799 persuasi
613 769 670 789 nos
694 758 837 790 eiusdem
862 758 1006 789 beneficii
1036 758 1135 798 parti-

169 805 256 844 cipes
280 803 357 840 fore,
387 802 552 842 vitamque
582 806 725 832 nostram
756 801 795 831 ab
825 801 894 841 ipso
923 801 955 831 in
987 800 1136 832 fasciculo

170 846 354 879 viventium
385 845 564 884 repositum
594 845 642 875 iri.
695 844 797 874 Porro
832 844 859 875 si
889 843 979 874 Deus
1013 849 1136 874 tantam

171 899 280 922 curam
303 888 388 928 gerit
411 897 554 924 suorum,
578 887 666 917 vitae
680 886 818 917 caducae
841 891 873 917 et
896 887 1000 917 instar
1013 885 1137 917 flosculi

171 931 357 968 decidentis,
379 930 454 970 quid
475 930 513 960 de
533 930 714 960 animarum
735 934 865 960 aeterna
878 929 980 960 salute
993 933 1138 959 statuen-

172 975 248 1006 dum
272 972 491 1005 arbitramur?
517 972 739 1003 Nae-siDeus
763 972 910 1012 fragilem
933 977 966 1002 et
984 971 1139 1003 caducam

172 1060 355 1092 animarum
379 1063 562 1089 nostrarum
588 1057 700 1093 vitam,
731 1056 827 1097 longe
851 1057 912 1097 ipsi
934 1057 1139 1089 commenda-

173 1104 288 1135 tiorem
312 1112 395 1133 esse:
427 1106 459 1131 et
482 1111 545 1141 quo
568 1104 617 1131 est
639 1100 695 1130 illa
716 1100 822 1139 fragili
852 1100 948 1140 longe
979 1100 1139 1131 excellen-

172 1146 243 1183 tior,
266 1145 363 1177 etiam
380 1155 449 1175 esse
471 1143 568 1183 longe
582 1142 685 1183 magis
698 1143 882 1182 pretiosam.
918 1142 1139 1181 Quamobrem

174 1200 214 1220 ne
237 1188 420 1219 dubitemus
443 1187 520 1226 quin
544 1185 768 1226 confugientes
798 1185 857 1216 sub
887 1186 990 1226 ipsius
1013 1185 1139 1216 alarum

174 1230 370 1273 praesidium
401 1234 557 1269 protegat,
586 1228 665 1259 adeo
687 1233 732 1265 ut,
764 1228 838 1260 licet
861 1228 970 1259 multis
1001 1228 1138 1268 expositi

174 1273 333 1315 periculis,
367 1277 477 1303 tamen
507 1271 668 1302 tutissimo
702 1271 771 1302 loco
805 1271 882 1311 sint,
916 1276 948 1302 et
982 1271 1072 1302 velut
1105 1271 1138 1301 in

174 1322 285 1358 portu,
316 1314 400 1356 quod
430 1315 560 1346 illorum
591 1324 703 1344 curam
733 1318 766 1344 et
796 1313 1015 1345 defensionem
1047 1313 1138 1344 Deus
1164 1316 1166 1333 ²

174 1359 334 1399 suscipiat.
371 1357 478 1396 Quam
503 1357 681 1388 doctrinam
705 1367 767 1396 quo
790 1356 906 1388 melius
929 1357 1139 1396 comprehen-

175 1403 304 1440 damus,
338 1401 425 1441 agite
459 1401 730 1440 comparationem
764 1399 851 1430 inter
883 1399 945 1430 ista
979 1400 1167 1434 contraria,

1166 1444 1167 1456 ³
1193 1447 1225 1472 et
1249 1441 1359 1472 furiosi
1384 1440 1485 1471 leonis
1508 1440 1546 1471 ad
1572 1440 1731 1471 lanienam
1754 1440 2003 1479 investigantem
2026 1445 2057 1471 et
2080 1450 2151 1480 per-

174 1488 300 1523 faciem,
323 1487 464 1521 obsecro,
488 1481 592 1525 qualis
615 1484 687 1516 est?
719 1485 837 1516 Nonne
859 1485 968 1516 fumus
997 1491 1054 1522 est,
1085 1491 1140 1516 aut
1166 1497 1167 1503 ¹

175 1531 307 1565 halitus.
332 1530 387 1569 qui
410 1528 502 1560 facile
526 1529 558 1559 in
583 1538 678 1559 auras
699 1527 788 1559 abit?
813 1528 930 1559 Nonne
950 1528 1139 1559 inconstans
1165 1536 1167 1552 ³

175 1578 224 1605 est
246 1579 278 1604 et
301 1572 434 1613 fragilis,
462 1577 498 1602 ut
521 1571 604 1601 nihil
628 1571 784 1602 incertius
814 1581 883 1602 esse
914 1581 1006 1610 posse
1030 1569 1139 1601 videa·
1165 1583 1166 1589 ¹

176 1615 249 1647 tur?
276 1615 350 1646 -Imo
380 1620 412 1645 et
436 1619 621 1645 nostrarum
653 1614 835 1644 animarum
867 1613 935 1644 vita
965 1613 1139 1653 fragillima
1165 1630 1166 1633 =

175 1664 224 1690 est
246 1658 334 1689 mille
358 1657 510 1697 periculis
539 1656 687 1693 obnoxia,
719 1656 844 1687 diabolo
874 1663 907 1687 et
935 1657 1045 1696 pravis
1075 1656 1139 1687 illis
1165 1654 1166 1672 ³

174 1445 396 1476 instituamus.
448 1443 527 1473 Vita
572 1442 713 1473 hominis
750 1442 928 1473 secundum
971 1447 1139 1473 externam

174 1700 342 1742 spiritibus
365 1700 454 1731 mille
479 1700 579 1730 modis
601 1699 662 1739 ipsi
686 1698 914 1730 insidiantibus
944 1704 976 1730 et
1004 1699 1138 1730 exitium

176 1744 390 1776 molientibus
436 1742 654 1782 Quamobrem
679 1742 705 1773 si
729 1742 828 1772 vitam
854 1742 1041 1779 humanam,
1072 1746 1139 1773 tam

176 1787 304 1819 animae
328 1795 422 1826 quam
436 1786 587 1825 corporis,
611 1784 774 1824 inspicias,
799 1790 831 1815 et
854 1796 892 1815 ex
906 1795 1012 1815 rerum
1033 1790 1139 1816 exter-

177 1840 293 1861 narum
318 1833 449 1868 aspectu
472 1828 592 1860 iudices
616 1827 654 1858 de
680 1827 845 1858 hominum
869 1832 964 1864 statu,
996 1828 1139 1859 derelicti

175 1883 194 1904 a
217 1872 289 1903 Deo
313 1871 506 1906 videbimur,
538 1876 570 1901 et
600 1881 638 1901 ne
668 1875 868 1901 momentum
899 1870 1027 1910 quidem
1057 1875 1138 1901 tem-

176 1915 263 1956 poris
285 1914 405 1945 habere
429 1919 546 1950 tutum,
571 1913 625 1944 sed
650 1918 807 1953 perpetuo
830 1913 946 1944 incerti
968 1914 1138 1953 fluctuare,

176 1963 209 1990 et
238 1967 297 1998 pro
326 1957 396 1988 vita
425 1967 522 1996 quam
552 1956 650 1987 unius
683 1956 780 1986 horae
815 1956 956 1995 spatium
993 1955 1139 1987 ducimus

177 2000 266 2032 mille
289 2000 402 2031 mortis
425 1999 618 2030 circumdari
642 1998 805 2038 periculis,
829 1998 972 2038 adeoque
992 1999 1137 2029 omnium

175 2054 244 2076 esse
281 2042 510 2082 infelicissimi,
548 2046 583 2073 ut
612 2041 738 2072 nullum
773 2040 858 2072 diem
889 2052 1024 2082 agamus
1061 2044 1137 2081 quin

175 2086 242 2118 vita
264 2090 373 2117 nostra
398 2085 520 2116 centies
545 2084 664 2115 millies
686 2084 897 2125 periclitetur:
929 2084 1137 2116 statuendum

174 2133 225 2161 est
247 2139 305 2160 nos
328 2128 458 2168 quidem
471 2128 598 2158 animae
622 2132 752 2158 nostrae
775 2132 806 2158 et
825 2128 968 2167 corporis
991 2132 1138 2167 respectu

175 2171 257 2203 nihil
281 2181 359 2207 esse,
384 2176 416 2201 et
439 2170 578 2211 fragiles,
602 2170 748 2201 infirmos
771 2175 803 2201 et
826 2170 962 2201 caducos
985 2181 1070 2205 esse.
1102 2179 1138 2201 ac

175 2214 309 2255 proinde
326 2219 489 2244 momento
501 2212 600 2244 dilabi
623 2218 655 2244 et
668 2213 809 2250 effluere,
833 2213 971 2253 denique
983 2223 1137 2253 vaporem

176 2267 246 2288 esse
277 2257 332 2297 qui
361 2256 470 2287 statim
500 2257 534 2287 in
564 2266 660 2287 auras
689 2255 792 2286 abeat.
839 2255 893 2287 Sic
922 2256 1069 2288 vicissim
1098 2255 1138 2286 ad

176 2298 286 2331 Deum
308 2298 544 2339 assurgendum
569 2303 627 2336 est,
650 2299 707 2338 qui
719 2299 820 2330 vitam
834 2303 979 2330 nostram
992 2299 1025 2330 in
1039 2309 1136 2329 manu

177 2342 282 2380 habet,
313 2347 345 2373 et
375 2348 528 2382 tanquam
558 2341 741 2381 depositum
771 2341 919 2379 custodit,
951 2346 987 2372 ut
1017 2341 1138 2373 Petrus

177 2385 270 2417 docet
291 2385 398 2425 priore
422 2385 557 2424 epistola
575 2395 643 2423 sua,
666 2390 698 2415 et
717 2384 850 2424 proinde
861 2384 1018 2416 adversus
1040 2393 1137 2424 quae-

176 2438 238 2467 que
260 2427 402 2468 pericula
424 2427 564 2468 protegit
586 2433 618 2457 et
642 2427 794 2458 defendit.
835 2426 890 2459 Sic
913 2427 1040 2458 animae
1063 2430 1139 2458 sunt

177 2470 379 2502 firmissimae
414 2475 446 2501 et
479 2470 704 2501 securissimae
738 2469 822 2509 apud
857 2469 975 2501 Deum.
1028 2469 1139 2510 Digna

176 2512 285 2553 itaque
307 2518 356 2544 est
374 2523 439 2544 vox
462 2513 529 2551 illa,
551 2513 636 2553 apud
653 2512 766 2551 Deum,
789 2512 937 2553 diligenti
956 2512 1138 2544 considera-

179 2555 275 2594 tione,
298 2566 360 2595 qua
381 2566 554 2587 monemur
582 2555 679 2587 rebus
706 2555 874 2586 hominum
904 2555 1055 2596 opinione
1086 2554 1139 2585 de-

177 2597 312 2638 ploratis
330 2597 435 2629 Deum
456 2603 565 2630 tamen
588 2598 713 2629 adferre
736 2598 927 2634 remedium,
951 2603 983 2629 et
1001 2598 1138 2629 salutem

178 2640 232 2672 ubi
264 2640 332 2672 sola
353 2640 533 2681 desperatio
555 2641 668 2672 relicta
693 2640 873 2672 videbatur.
919 2640 1138 2679 Quamobrem

813 197 861 228 IN
886 198 909 229 Ι.
934 198 1022 229 LIB.
1047 197 1246 230 SAMUEL.
1270 199 1366 230 CAP.
1391 199 1500 230 XXV.
2079 196 2141 228 554

1186 291 1344 322 discamus
1368 293 1399 322 in
1425 292 1486 323 Dei
1510 302 1626 323 manus
1649 302 1707 322 nos
1731 292 1815 331 ipsos
1839 298 1870 321 et
1896 296 2006 321 nostra
2035 292 2143 321 omnia

1186 344 1348 373 reponere,
1378 341 1411 365 ut
1437 346 1511 365 vere
1540 341 1571 365 et
1593 334 1662 365 sinc
1686 334 1888 365 simulatione
1919 344 1991 364 cum
2017 332 2143 364 Davide

1187 377 1290 408 dicere
1321 378 1494 416 possimus,
1526 377 1672 412 Domine,
1705 377 1803 407 vitam
1838 387 1941 407 nicam
1973 377 2004 406 in
2029 387 2144 406 manus

1187 424 1258 449 tuas
1293 420 1492 450 commendo.
1548 421 1721 450 Caeterum
1763 429 1859 458 quum
1903 418 2019 449 dicitur
2056 418 2143 449 Deus

1159 489 1160 494 ,
1187 461 1405 492 custoditurus
1435 463 1575 492 animam
1607 469 1661 492 aut
1692 462 1792 492 vitam
1822 461 1960 492 Davidis
1991 460 2144 492 adversus

1187 504 1349 534 hominem
1374 505 1460 534 illam
1486 511 1740 544 persequentem,
1771 514 1807 534 eo
1831 504 1982 535 docemur
2007 504 2143 534 bomini-

1188 546 1246 577 bus
1270 546 1360 576 nobis
1384 548 1485 577 minas
1510 547 1755 586 intentantibus,
1779 552 1811 577 et
1834 547 1930 577 variis
1951 546 2052 577 modis
2073 558 2144 586 pcr-

1161 609 1163 616 ,
1188 589 1404 628 sequentibus,
1428 596 1459 620 et
1482 590 1661 620 coniuratis
1685 589 1836 620 ecclcsiae
1860 589 2007 620 hostibus
2031 589 2145 619 dentes

1189 636 1220 661 et
1243 632 1351 671 gulam
1377 631 1415 661 :id
1440 642 1496 662 nos
1521 631 1688 662 laniandos
1712 632 1951 671 apparantibus,
1976 632 2014 661 ad
2038 631 2143 662 Deum

1161 690 1163 711 1
1188 674 1361 713 confugero
1379 674 1416 704 ad
1437 674 1539 713 ipsum
1562 675 1644 705 votis
1668 674 1861 708 ardentibus,
1886 674 2145 713 quandoquidem

1189 721 1266 747 tunc
1289 724 1505 756 opportunum
1530 723 1573 747 est
1599 723 1734 755 tempus,
1766 727 1828 756 quo
1859 728 1891 747 so
1917 716 2006 747 Deus
2036 716 2145 747 defen-

1189 769 1293 790 sorem
1319 764 1552 798 tutatoremquc
1576 766 1730 797 nostrum,
1761 770 1787 790 51
1818 770 1957 798 unquam
1988 759 2066 790 alias
2096 764 2146 790 est

1189 811 1224 832 re
1248 801 1317 840 ipsa
1349 803 1575 841 patefacturus
1623 801 1732 840 Quare
1760 801 2002 842 insurgentibus
2032 800 2145 832 adver-

1190 854 1243 874 sus
1275 854 1332 874 nos
1363 843 1565 882 mortalibus,
1603 850 1634 874 ct
1665 854 1721 873 nos
1752 855 1856 884 angue
1886 850 1916 874 et
1946 854 2025 875 cane
2056 844 2148 884 peius

1190 886 1261 917 odio
1292 886 1499 924 habentibus,
1537 892 1681 925 testaque
1713 887 1842 926 lutoque
1873 886 2147 926 persequentibus,

1191 939 1232 959 ne
1256 940 1395 968 unquam
1421 930 1563 959 animum
1599 929 1862 968 despondeamus,
1893 929 1946 960 sed
1978 929 2017 959 ad
2042 929 2147 960 Deum

1164 994 1166 1002 .
1191 972 1425 1011 confugiamus,
1456 973 1507 1011 qui
1539 977 1603 1001 tam
1635 971 1714 1001 bene
1745 973 1777 1001 in
1807 972 1991 1002 fasciculum
2024 973 2148 1002 animas

171 1018 266 1049 istam
290 1017 391 1048 vitam
423 1025 535 1046 curare
566 1019 598 1045 et
621 1015 704 1045 tueri
738 1013 906 1054 dignatur,
936 1021 1059 1046 certum
1091 1019 1140 1045 est
1164 1021 1166 1028 '

1192 1019 1317 1045 nostras
1337 1016 1570 1054 compositurus
1587 1019 1644 1050 est,
1665 1021 1695 1044 et
1715 1024 1831 1045 arcano
1852 1015 1918 1045 loco
1939 1014 2147 1054 repositurus

1192 1062 1226 1088 ut
1251 1057 1358 1088 nullus
1381 1067 1434 1087 cas
1458 1068 1497 1087 ex
1518 1057 1666 1087 manibus
1688 1057 1788 1096 ipsius
1812 1057 1934 1096 eripere
1954 1057 2068 1096 possit:
2093 1057 2147 1088 sed

1192 1100 1341 1139 quamvis
1365 1099 1474 1130 hostes
1494 1100 1618 1139 magnis
1638 1100 1759 1129 viribus
1783 1100 1930 1130 instructi
1954 1100 2028 1137 sint,
2052 1100 2149 1139 longe

1193 1148 1300 1173 tamen
1337 1143 1413 1181 ipsis
1446 1142 1591 1182 superior
1625 1150 1672 1172 cst
1706 1143 1840 1177 futurus,
1875 1148 1907 1173 et
1941 1151 2150 1181 quaecunque

1166 1223 1167 1231 ἵ
1192 1185 1377 1221 moliantur,
1401 1196 1459 1216 sua
1482 1185 1602 1215 virtute
1615 1184 1836 1223 dissipaturus,
1860 1195 2014 1224 suamque
2036 1191 2148 1224 poten-

1193 1229 1268 1258 tiam
1293 1227 1449 1258 invictam
1473 1227 1628 1258 adversus
1651 1227 1736 1267 ipsos
1766 1227 1804 1257 ad
1837 1238 1894 1258 nos
1918 1226 2070 1258 tutandos
2093 1237 2148 1257 ex-

1193 1276 1346 1302 serturus.

1278 1313 1366 1351 Quin
1401 1312 1497 1343 etiam
1539 1323 1580 1343 ex
1621 1312 1691 1343 istis
1733 1312 1839 1342 verbis
1872 1312 2032 1351 Abigailis
2078 1322 2149 1343 eam

1193 1361 1326 1395 apparet
1350 1355 1447 1386 veluti
1472 1355 1570 1395 digito
1590 1354 1720 1386 Saulem
1745 1354 1886 1385 indicare
1905 1354 2057 1393 voluisse,
2080 1359 2150 1385 tum

1194 1399 1280 1429 vitae
1307 1397 1441 1429 Davidis
1469 1397 1685 1433 insidiantem,
1717 1404 1748 1428 et
1777 1398 1882 1436 ipsum
1913 1398 2015 1428 instar
2046 1396 2150 1428 rabidi

1193 1489 1390 1524 sequentem.
1443 1483 1617 1513 Hominem
1650 1488 1755 1513 autem
1787 1482 1876 1513 illum
1908 1488 2014 1518 vocat,
2047 1487 2082 1513 ut
2113 1492 2151 1513 ea

1194 1538 1270 1558 voce
1294 1527 1425 1557 denotet
1448 1526 1538 1556 illum
1562 1526 1694 1557 consilia
1717 1535 1774 1555 sua
1797 1531 1827 1555 et
1851 1530 1985 1555 conatus
2014 1525 2150 1556 minime

1193 1570 1422 1610 perfecturum,
1452 1568 1707 1608 quandoquidem
1738 1578 1787 1598 res
1819 1568 1877 1607 ipsi
1907 1568 1949 1598 sit
1972 1578 2046 1599 cum
2069 1567 2149 1604 Deo,

1193 1613 1246 1652 qui
1270 1612 1435 1643 conatibus
1464 1612 1563 1651 ipsius
1591 1611 1680 1641 facile
1712 1611 1848 1640 resistat.
1892 1610 1970 1641 Ideo
2002 1621 2063 1641 vox
2095 1610 2151 1641 illa

1193 1656 1340 1686 Hominis
1374 1660 1422 1686 est
1452 1654 1623 1694 diligenter
1653 1652 1862 1689 observanda,
1900 1659 1934 1683 ut
1965 1653 1991 1684 si
2022 1651 2151 1692 quando

1191 1709 1248 1729 nos
1272 1697 1441 1737 contigerit
1455 1696 1609 1737 gravibus
1633 1696 1738 1735 urgeri
1753 1695 1913 1735 periculis,
1937 1702 1972 1726 ut
1996 1695 2034 1726 de
2046 1695 2150 1726 salute

1192 1746 1301 1772 nostra
1324 1740 1471 1772 videatur
1494 1746 1609 1774 actum,
1635 1739 1665 1769 in
1679 1738 1749 1769 Deo
1763 1738 1899 1777 positam
1918 1748 1987 1769 esse
2006 1744 2149 1769 nostram

1191 1784 1326 1815 salutem
1352 1783 1507 1822 persuasi,
1531 1788 1559 1812 et
1584 1792 1642 1812 nos
1666 1781 1698 1811 in
1723 1781 1822 1819 ipsius
1845 1791 1915 1812 esse
1937 1780 2089 1816 custodia,
2114 1781 2147 1811 in

1191 1826 1380 1858 memoriam
1400 1835 1586 1856 revocemus
1601 1834 1683 1863 quae
1703 1823 1842 1854 hocloco
1855 1822 2015 1859 docemur,
2039 1823 2147 1854 hostes

1191 1870 1347 1900 nimirum
1372 1874 1505 1905 nostros,
1529 1873 1558 1898 et
1583 1866 1701 1905 eosqui
1725 1876 1782 1896 nos
1796 1871 2042 1905 persequuntur,
2066 1865 2148 1896 nihil

1191 1913 1254 1943 nisi
1284 1912 1431 1942 homines
1460 1921 1538 1941 esse.
1584 1909 1670 1948 Quid
1701 1914 1807 1939 autem
1843 1916 1889 1939 est
1922 1908 2039 1939 homo?
2078 1908 2148 1939 Nae

1190 1955 1298 1995 pulvis
1332 1960 1399 1993 est,
1440 1953 1564 1984 vanitas
1605 1958 1635 1982 et
1675 1951 1846 1990 corruptio.
1903 1951 2012 1982 Nosne
2049 1951 2148 1991 igitur

1191 1997 1439 2029 homuncionem
1464 2002 1567 2026 terrae
1591 1993 1781 2025 lumbricum
1807 1993 1962 2024 adversus
1984 1994 2090 2024 Deum
2112 1993 2146 2024 in

1191 2041 1310 2072 nostris
1333 2039 1487 2080 personis,
1511 2048 1588 2077 quas
1611 2037 1643 2067 in
1667 2047 1757 2067 suam
1790 2036 1924 2067 tutelam
1956 2041 1987 2066 et
2017 2036 2147 2067 cliente-

1190 2084 1254 2114 lam
1286 2082 1407 2123 recepit
1442 2082 1663 2120 insurgentem
1692 2078 1958 2109 formidaremus?
1997 2078 2147 2118 Denique

1191 2137 1230 2157 ex
1256 2126 1314 2157 hoe
1338 2125 1404 2156 loco
1428 2123 1564 2154 Davidis
1587 2122 1688 2153 altera
1711 2121 1766 2151 illa
1792 2121 1952 2152 sententia
1975 2122 2145 2152 confirma-

1190 2174 1259 2207 tur,
1293 2166 1550 2208 quandoquidem
1576 2176 1630 2205 pro
1654 2175 1704 2195 me
1735 2170 1798 2194 stat
1820 2163 1995 2200 Dominus,
2030 2164 2143 2204 ecquid

1190 2211 1270 2242 mihi
1292 2220 1366 2242 caro
1390 2208 1506 2241 faciet?
1531 2208 1620 2238 Deus
1643 2212 1691 2238 est
1709 2206 1789 2237 mihi
1812 2206 2090 2246 propugnaculum
2114 2213 2147 2237 et

1189 2265 1247 2285 arx
1285 2253 1453 2284 tutissima.
1504 2249 1722 2289 Quamobrem
1766 2249 1919 2288 improbis
1963 2249 2147 2280 hominibus

1189 2297 1359 2328 adversum
1384 2305 1442 2325 nos
1465 2292 1714 2333 insurgentibus,
1738 2296 1770 2322 et
1792 2291 1932 2322 invicem
1956 2292 2146 2331 conspiran-

1190 2339 1283 2379 tibus,
1305 2347 1468 2379 pravaque
1499 2336 1670 2367 adversum
1703 2339 1828 2365 nostras
1859 2334 1984 2365 animas
2014 2334 2147 2365 consilia

1189 2381 1384 2418 ineuntibus,
1408 2389 1581 2418 necemque
1601 2384 1744 2408 nostram
1764 2376 2000 2416 quaerentibus,
2023 2383 2058 2407 ut
2081 2376 2146 2407 iam

1189 2425 1306 2456 nostris
1328 2422 1487 2463 capitibus
1511 2421 1659 2451 ultimum
1683 2419 1816 2450 exitium
1840 2419 2008 2450 imminere
2039 2419 2146 2450 videa-

1189 2473 1252 2504 tur,
1287 2472 1319 2497 et
1351 2466 1442 2505 ignes
1476 2463 1616 2502 undique
1650 2462 1799 2498 ardeant,
1834 2467 1865 2492 et
1899 2462 1962 2492 iam
1995 2462 2029 2492 in
2062 2462 2147 2501 ipsas

1189 2510 1329 2541 hostium
1358 2508 1464 2539 fauces
1494 2506 1621 2537 venisse
1652 2505 1819 2535 videamur
1849 2504 2009 2535 laniandi:
2039 2509 2148 2535 tamen

1190 2563 1264 2584 vere
1295 2560 1462 2591 possumus
1493 2549 1656 2580 affirmare
1686 2546 1758 2577 illos
1793 2546 1876 2577 nihil
1907 2547 1970 2578 nisi
1999 2547 2148 2578 homines

1190 2605 1268 2631 esse,
1291 2599 1323 2624 et
1346 2598 1448 2623 terrae
1472 2595 1686 2628 excrementa,
1710 2589 1764 2629 qui
1787 2588 1958 2621 adversum
1989 2600 2047 2621 nos
2071 2589 2149 2621 effe-

1190 2642 1315 2669 runtur.
1350 2635 1432 2666 Nam
1457 2634 1516 2665 etsi
1540 2633 1661 2664 viribus
1683 2632 1748 2663 illis
1769 2633 1869 2663 simus
1893 2632 2045 2672 impares,
2068 2632 2149 2664 adeo
