2551 3044
401 213 465 243 503

628 305 771 344 Hom
781 304 870 343 LIA
900 303 1114 344 LXXXV]
1124 305 1153 342 1.

491 391 569 431 17³⁶)
593 390 692 429 Quum
715 392 814 420 autem
839 388 1016 427 complesset
1036 388 1143 419 David
1167 387 1291 427 loquens
1312 397 1378 419 ser·
1401 394 1404 432 ἓ,
1428 388 1512 428 quod
1537 388 1605 428 ipse
1629 387 1686 417 soli
1717 386 1775 418 sibi
1807 387 1920 417 tribuit
1951 395 2117 426 usurpare.

404 444 509 464 mones
531 432 741 463 huiuscemodi
769 431 811 462 ad
842 430 931 468 Saul,
969 429 1055 469 Saul,
1077 431 1175 462 dixit.-
1213 430 1376 470 Numquid

405 486 461 508 v01
481 479 533 506 tua
557 475 629 506 hacc
652 477 694 506 es!
717 474 762 504 mi
781 473 829 512 fili
842 473 979 504 David?
1001 473 1152 504 relevavit
1175 471 1255 504 Saul
1278 483 1376 504 vocem

404 529 493 550 suam
519 520 545 548 rt
565 517 656 555 flevit.
705 516 754 547 18.
779 515 822 546 Et
844 516 926 546 dixit
943 515 984 546 acl
1006 515 1131 547 Dat-id:
1155 515 1274 546 Iustior
1289 518 1322 546 tu
1345 526 1376 546 es

404 571 497 601 quam
516 570 576 600 eqo,
596 562 627 589 tu
646 560 727 590 enim
750 558 889 588 tribuisti
911 557 989 588 mihi
1007 558 1095 597 bona,
1117 568 1169 597 eqo
1187 560 1288 588 autem
1307 558 1375 589 red-

404 603 472 634 didi
496 603 551 633 tibi
574 602 668 633 mala.
708 601 756 631 19.
771 600 812 631 Et
834 603 867 631 tu
892 601 1037 631 iudicasti
1060 600 1148 631 hodie
1165 610 1244 640 quae
1264 601 1376 639 feceris

404 645 484 676 mihi
505 646 591 681 hona,
616 644 762 683 quomodo
774 643 937 673 tradiderit
960 653 1007 673 me
1021 643 1179 674 Dominus
1197 643 1229 673 iu
1248 653 1374 673 manum

405 692 500 725 lnam,
525 690 551 718 et
575 696 633 717 non
656 686 803 717 occideris
826 695 880 716 me.

406 731 519 762 venerit
544 730 706 760 inimicum
731 738 823 759 suum
845 728 975 758 ‹limittet
1007 728 1093 758 illum
1124 728 1158 759 in
1187 728 1239 759 via
1271 728 1373 759 bona?

408 773 467 804 Sed
492 773 649 804 Dominus
673 771 779 802 reddat
801 770 856 800 tibi
879 770 1123 802 vicissitudinem
1153 770 1232 801 Izcnw
1258 780 1314 809 pro
1343 779 1375 800 eo

405 816 485 856 quod
507 815 597 845 hodie
619 816 764 853 operatus
787 823 818 843 es
840 813 873 842 iu
896 822 951 844 me.

495 900 659 931 Hesterna
689 898 843 929 concione
874 897 1058 928 audivimus
1099 902 1133 928 ut
1163 896 1254 928 Deus
1283 896 1374 927 nobis

406 944 553 974 fraenum
590 941 711 972 iniiciat
745 951 785 971 ne
826 941 956 970 iniuriis
991 940 1127 971 lacessiti
1172 939 1374 979 passionibus

406 986 525 1017 nostris
562 983 858 1014 vehementioribus
899 982 1120 1022 abripiainur‚
1161 989 1192 1012 et
1234 982 1373 1012 diximus

407 1039 518 1060 verum
554 1026 593 1058 ad
634 1026 823 1066 patientiam
859 1024 1039 1057 remedium
1081 1035 1150 1055 esse
1190 1025 1230 1055 ad
1267 1024 1372 1054 Deum

405 1080 586 1109 assurgere,
611 1068 667 1108 qui
699 1068 760 1099 sibi
789 1067 849 1099 hoc
881 1072 1034 1107 tanquam
1065 1068 1229 1108 proprium
1261 1066 1375 1096 tribuit

404 1113 567 1153 improbos
593 1111 747 1146 homines,
772 1115 803 1140 et
824 1110 996 1141 iniuriosus
1015 1110 1048 1140 in
1063 1110 1227 1149 proximos
1247 1109 1373 1139 ulcisci:

405 1166 441 1187 ac
465 1153 602 1195 proinde
626 1152 808 1184 cavendum
832 1162 902 1183 esse
925 1152 1102 1188 docuimus,
1136 1162 1175 1182 ne
1199 1150 1283 1191 quod
1308 1161 1372 1180 non

406 1198 478 1230 lieet
506 1206 712 1236 usurpemus,
741 1194 1000 1234 quandoquidem
1026 1194 1083 1225 hoc
1108 1199 1192 1224 esset
1215 1195 1248 1224 in
1272 1194 1372 1233 ipsius

406 1241 467 1271 Dei
491 1240 633 1270 officium
660 1237 814 1272 involare,
849 1244 878 1267 ct
903 1244 1015 1267 contra
1046 1236 1305 1277 cognoscendum
1337 1246 1373 1266 eo

404 1283 509 1323 magis
539 1282 701 1321 patienter
739 1279 886 1310 ferendas
917 1279 1124 1313 afflictiones,
1159 1287 1189 1309 ot
1227 1278 1371 1314 iniurias,

404 1336 466 1365 quo
499 1325 587 1355 Deus
618 1323 746 1362 saepius
778 1328 914 1353 testatus
944 1329 992 1352 cst
1023 1322 1081 1353 hoc
1112 1322 1171 1353 sibi
1207 1322 1370 1361 proprium

405 1378 483 1402 esse,
508 1366 616 1398 ulcisci
642 1364 784 1399 iniurias,
817 1371 847 1395 et
871 1364 1008 1404 vigilare
1032 1365 1138 1404 ipsum
1170 1365 1201 1394 in
1228 1369 1370 1394 nostram

405 1410 540 1441 salutem
589 1409 772 1446 iustamque
813 1416 946 1437 suorum
996 1407 1134 1437 salutem
1177 1406 1268 1437 tueri.
1328 1406 1372 1436 Et

405 1452 524 1484 idcirco
549 1451 589 1482 D.
613 1449 747 1489 Paulus,
776 1448 888 1479 fideles
920 1449 958 1479 ad
991 1449 1176 1488 patientiam
1209 1448 1371 1481 cohortari

404 1494 532 1530 volens,
564 1503 625 1523 uon
659 1491 714 1523 abs
746 1502 780 1522 re
810 1492 879 1522 istis
911 1491 1018 1522 verbis
1050 1492 1168 1522 utitur:
1200 1491 1270 1522 Non
1303 1501 1371 1522 esse

405 1537 510 1568 locum
535 1535 677 1566 dandum
699 1535 775 1572 irae,
799 1534 890 1573 quasi
911 1534 1041 1570 diceret,
1067 1534 1280 1565 moderandos
1303 1543 1372 1564 esse

404 1580 539 1610 affectus
564 1585 699 1616 nostros,
724 1582 756 1607 ct
779 1577 927 1607 fraenum
946 1576 1129 1608 iracundiae
1150 1576 1371 1612 iniiciendum,

404 1628 435 1653 et
469 1622 508 1652 ab
542 1620 630 1651 omni
667 1618 809 1650 vindicta
843 1619 1069 1650 abstinendum
1106 1625 1138 1649 et
1170 1619 1238 1649 Deo
1270 1618 1371 1650 locum

404 1663 557 1700 dandum,
581 1662 633 1702 qui
658 1663 684 1692 si
709 1662 920 1701 obsequentes
947 1661 1047 1701 ipsius
1078 1661 1240 1692 mandatis
1273 1661 1370 1692 fueri-

404 1717 476 1738 mus
499 1711 603 1745 potest
627 1714 684 1735 nos
707 1703 747 1734 ab
769 1704 920 1734 omnibus
950 1703 1076 1734 iniuriis
1100 1705 1192 1734 tueri.
1238 1704 1320 1734 Nam
1346 1704 1371 1734 si

404 1749 526 1780 terreni
550 1747 672 1778 iudices
695 1752 816 1777 temere
839 1757 873 1777 se
898 1746 1007 1777 ulcisci
1020 1756 1126 1777 coram
1151 1747 1229 1786 ipsis
1254 1756 1372 1778 conan-

404 1798 461 1827 tes,
485 1796 541 1821 aut
564 1794 723 1826 coercent,
748 1788 832 1829 quod
857 1794 979 1820 temere
998 1789 1141 1819 alienum
1162 1789 1302 1819 officium
1327 1789 1373 1819 in-

404 1833 560 1870 vaserint,
584 1838 641 1862 aut
660 1832 793 1862 omnino
807 1831 972 1867 deserunt,
996 1831 1072 1871 quid
1085 1830 1191 1862 Deum
1211 1830 1372 1862 facturum

404 1875 631 1907 existimamus
654 1874 755 1914 ipsius
778 1874 918 1905 officium
943 1873 1178 1904 involantibus.
1225 1873 1273 1904 Ac
1297 1884 1374 1904 saue

403 1929 499 1958 saepe
541 1928 575 1948 re
612 1917 683 1957 ipsa
724 1916 910 1956 experimur
944 1915 983 1946 de
1022 1915 1172 1947 fidelibus
1213 1915 1375 1955 improbos

405 1959 627 2000 triumphare,
666 1959 736 1990 Deo
772 1959 997 1999 permittente,
1038 1959 1129 1990 euius
1164 1959 1209 1989 rei
1244 1968 1372 1989 causam

408 2003 643 2043 investigamus
667 2002 806 2041 quidem.
838 2007 870 2032 et
892 2001 1051 2031 miramur
1074 2011 1172 2040 quare
1196 2000 1286 2031 Deus
1318 2001 1374 2030 im-

408 2045 524 2086 probos
557 2050 623 2075 tam
666 2045 828 2084 patienter
863 2043 978 2075 toleret
1018 2049 1050 2074 et
1092 2043 1183 2074 nobis
1217 2043 1374 2073 auxilium

409 2089 494 2118 ferre
531 2087 753 2117 laborantibus
783 2086 922 2117 differat.
977 2085 1042 2117 Sed
1079 2096 1142 2116 non
1177 2085 1375 2116 attendimus

410 2141 468 2160 nos
492 2129 696 2169 impatientia
721 2134 829 2160 nostra
842 2138 964 2159 moram
989 2128 1050 2168 ipsi
1063 2128 1201 2163 iniicere,
1226 2133 1259 2158 et
1277 2128 1376 2158 nimio

409 2172 531 2207 ardore,
553 2171 711 2202 vindictae
724 2177 850 2210 tempus
869 2175 1086 2210 opportunum
1101 2181 1164 2201 non
1178 2175 1375 2210 exspectare.

410 2213 691 2254 Quemadmodum
706 2214 792 2245 enim
802 2213 908 2243 David
925 2224 982 2244 nos
996 2213 1089 2244 docet
1098 2212 1205 2244 Deum
1220 2213 1375 2243 iustitiam

410 2267 501 2288 suam
527 2256 682 2287 adversus
708 2256 815 2287 hostes
839 2256 894 2295 qui
919 2255 1024 2295 ipsum
1039 2256 1224 2295 persequuti
1248 2255 1377 2285 fuerant

409 2299 659 2339 patefacturum,
688 2297 773 2338 quod
803 2298 835 2328 in
867 2297 975 2338 quiete
1006 2304 1039 2328 ct
1069 2297 1197 2329 silentio
1228 2297 1375 2328 divinum

410 2341 567 2372 auxilium
605 2341 851 2380 expectavisset,

411 2395 468 2415 nos
491 2384 695 2423 impatientia
719 2388 830 2413 nostra
851 2387 981 2423 tempus
1011 2387 1227 2422 opportunum
1253 2381 1378 2412 vindic-

411 2433 462 2457 tae
475 2425 730 2465 praevenientes,
750 2435 913 2457 accersere
927 2425 959 2455 in
975 2426 1133 2464 nosipsos
1146 2424 1208 2455 Dei
1222 2424 1376 2455 iudicium

413 2469 481 2499 Deo
505 2479 564 2498 nos
577 2467 749 2505 deferente,
770 2474 800 2498 et
822 2467 968 2499 hostibus
983 2468 1192 2507 permittente
1205 2472 1239 2498 ut
1252 2466 1380 2497 miseris
1405 2489 1407 2498 i

1190 209 1391 241 HOMILIA
1417 209 1630 241 LXXXVII.

1401 332 1404 391 l

927 685 977 716 20.
1005 686 1084 724 Quis
1105 685 1184 716 enim
1207 695 1302 724 quum
1325 685 1374 715 in-
1400 721 1401 729 ἵ

904 2341 950 2371 sic
991 2341 1088 2371 etiam
1124 2345 1238 2372 contra
1269 2345 1379 2370 monet

1402 2303 1405 2361 l

1404 2407 1407 2486 l

2332 206 2395 237 504

1401 315 1403 322 <
1431 304 1521 335 nobis
1545 304 1626 343 gerit
1652 308 1801 333 testatam
1825 301 1929 338 faciat,
1961 300 2222 341 quandoquidem
2252 301 2394 332 iustitiae

1429 346 1531 386 ipsius
1554 351 1584 376 et
1611 345 1723 376 ultioni
1753 344 1858 376 locum
1883 354 1947 375 non
1986 342 2109 382 damus,
2153 344 2209 375 sed
2243 343 2395 375 volumus

2168 385 2277 417 Habet
2307 387 2394 417 enim

1429 431 1460 461 in
1486 441 1542 461 sua
1566 435 1723 469 potestate
1747 429 1930 460 occasiones
1961 434 1992 459 et
2023 435 2169 468 tempora
2199 438 2280 469 quae
2311 439 2394 459 nun-

1428 483 1523 512 quam
1549 472 1630 502 elabi
1655 472 1741 508 sinit,
1772 472 1850 502 adeo
1881 471 2020 511 quidem,
2055 478 2091 501 ut
2121 470 2394 511 quemadmodum

1429 527 1490 546 nou
1517 515 1647 545 festinat
1667 514 1706 544 ad
1730 514 1884 545 ultionem
1909 513 2141 553 improborum,
2165 514 2210 545 sic
2233 514 2330 544 etiam
2355 523 2396 544 ne

1428 558 1467 588 ad
1499 563 1699 588 momentum
1731 556 1860 596 quidem
1899 556 2061 587 auxilium
2099 556 2207 587 differt
2243 555 2396 586 fidelibus

1428 601 1496 630 suis
1520 599 1714 639 promissum
1739 604 1771 629 et
1795 599 2024 635 necessarium,
2048 598 2319 638 quemadmodum
2339 608 2396 638 per

1428 642 1618 682 prophetam
1632 642 1674 672 ait
1695 651 1728 671 se
1743 641 2008 680 promissionibus
2027 642 2094 672 suis
2113 641 2217 672 locum
2235 640 2395 678 daturum,

1428 696 1507 725 quas
1531 684 1612 714 nihil
1637 683 1740 724 possit
1763 683 1940 714 retardare.
1987 683 2118 722 Quanto
2150 684 2250 723 igitur
2279 690 2396 714 natura

1428 727 1638 767 procliviores
1661 737 1773 757 sumus
1797 725 1836 756 ad
1869 725 2085 765 appetendam
2117 725 2305 762 vindictam,
2333 736 2396 766 quo

1428 771 1461 800 tit
1495 775 1530 799 ut
1560 769 1649 799 Deus
1680 778 1697 799 a
1728 768 1821 799 nobis
1856 766 1994 806 recedat,
2029 768 2079 799 cui
2113 767 2247 805 aditum,
2281 774 2318 798 ut
2350 768 2397 799 ita

1428 812 1540 849 dicam,
1574 811 1816 850 praeclusimus,
1846 820 1884 841 oo
1915 810 2102 851 diligentius
2133 809 2318 841 meditanda
2348 816 2397 842 est

1428 854 1574 885 doctrina
1598 864 1680 893 quae
1706 854 1757 885 hie
1780 853 1872 884 nobis
1903 853 2105 893 proponitur,
2137 851 2396 893 quandoquidem

1427 897 1546 927 scimus
1570 895 1678 926 Deum
1702 895 1770 927 fore
1799 895 1948 930 iudicem,
1980 901 2013 926 et
2044 896 2083 926 de
2113 895 2219 926 causis
2247 895 2396 926 omnibus

1427 939 1644 979 cogniturum,
1670 938 1857 978 nullamque
1877 938 2081 977 iniquitatem
2101 937 2294 978 impunitam
2318 936 2396 975 fore,

1428 982 1683 1020 miserorumque
1713 981 1907 1012 afflictorum
1940 981 2045 1020 ipsum
2076 981 2288 1011 miserturum
2317 990 2397 1017 esse.

1427 1030 1512 1055 certo
1549 1029 1732 1054 statuamus
1769 1033 1834 1054 non
1870 1033 1939 1054 esse
1970 1022 2148 1054 movendas
2176 1032 2301 1061 manus,
2331 1032 2396 1054 non

1426 1065 1653 1107 stringendum
1677 1065 1832 1106 gladium,
1865 1075 1929 1096 non
1961 1065 2136 1105 petendum
2167 1064 2293 1096 hostem
2326 1065 2396 1096 sine

1427 1109 1517 1140 iussu
1542 1109 1661 1139 divino.

1514 1151 1686 1182 Caeterum
1707 1150 1767 1181 ista
1787 1149 1872 1181 dicta
1884 1155 1981 1181 sunto
2001 1150 2040 1181 do
2053 1150 2181 1190 privata
2202 1149 2395 1181 iniuriarum

1428 1193 1559 1231 ultione,
1583 1203 1658 1224 nam
1683 1193 1746 1224 alia
1762 1193 2014 1233 magistratuum
2036 1193 2118 1223 ratio
2133 1198 2189 1230 est,
2213 1202 2292 1232 quos
2306 1192 2396 1224 Deus

1426 1235 1532 1276 gladio
1557 1236 1707 1273 armavit,
1739 1245 1774 1266 ac
1799 1235 1933 1275 proinde
1956 1235 2074 1274 quibus
2104 1235 2178 1266 licet
2208 1235 2242 1265 in
2273 1234 2396 1266 scelera

1427 1284 1458 1309 et
1485 1278 1608 1318 flagitia
1639 1277 1746 1318 gladio
1776 1278 2047 1316 animadvertere,
2086 1278 2185 1308 immo
2217 1277 2271 1317 qui
2302 1277 2335 1308 ni
2363 1276 2396 1308 id

1426 1321 1562 1353 fecerint
1585 1321 1743 1351 rationem
1763 1331 1871 1351 coram
1894 1320 1961 1351 Deo
1985 1320 2143 1351 reddituri
2162 1326 2249 1350 sunt.
2287 1319 2396 1359 Atque

1426 1364 1487 1395 hoe
1510 1364 1617 1403 ipsum
1643 1363 1738 1394 docet.
1762 1362 1892 1394 Salomo
1915 1373 2012 1402 quum
2038 1363 2092 1399 ait,
2117 1372 2189 1393 eum
2214 1362 2268 1402 qui
2292 1362 2396 1402 parcit

1425 1406 1582 1438 scelerato
1606 1416 1668 1436 non
1693 1405 1802 1436 minus
1832 1415 1923 1436 reum
1954 1415 2024 1436 esse
2054 1414 2161 1436 coram
2186 1404 2266 1443 Deo,
2296 1414 2395 1444 quam

1425 1449 1480 1489 qui
1505 1448 1610 1480 scelus
1640 1447 1784 1486 admisit,
1802 1447 1897 1488 ‘quod
1930 1446 2178 1488 intelligendum
2207 1452 2257 1478 est
2286 1446 2325 1478 de
2355 1446 2396 1478 iis

1425 1490 1542 1531 quibus
1566 1491 1627 1522 hoc
1650 1500 1772 1521 munus
1801 1500 1819 1521 a
1842 1489 1913 1521 Deo
1945 1489 2178 1521 demandatum
2209 1494 2266 1521 est.
2312 1488 2396 1520 Nam

1425 1534 1453 1565 si
1488 1533 1559 1574 quis
1593 1533 1739 1574 privatus
1773 1533 1924 1564 iniuriam
1966 1537 2023 1564 aut
2057 1532 2212 1563 damnum
2254 1530 2294 1563 ab
2334 1531 2396 1563 alio

1426 1586 1540 1617 passus
1570 1580 1635 1612 est,
1674 1575 1836 1615 patienter
1867 1576 1950 1606 ferre
1981 1575 2126 1613 iubetur,
2163 1574 2331 1614 vitamque
2361 1574 2395 1604 in

1426 1619 1554 1649 silentio
1587 1618 1761 1658 possidere,
1791 1625 1823 1649 et
1854 1617 1972 1648 bonum
1997 1628 2055 1657 pro
2085 1617 2171 1648 malo
2201 1616 2396 1657 rependere:

1427 1661 1599 1701 Deumque
1619 1660 1756 1692 iudicem
1771 1666 1803 1691 et
1815 1665 2030 1700 protectorem
2043 1664 2242 1700 exspectare.
2271 1658 2396 1690 Ideirco

1426 1704 1523 1735 etiam
1556 1703 1663 1735 David
1700 1703 1907 1743 proverbium
1945 1703 2115 1742 antiquum
2153 1701 2323 1742 usurpavit
2361 1706 2398 1732 ut

1399 1764 1401 1777 i
1426 1745 1576 1782 vidimus,
1608 1745 1647 1777 ab
1678 1745 1786 1785 impiis
1816 1745 2016 1785 impietatem
2046 1743 2166 1785 egredi,
2195 1754 2231 1776 ao
2262 1743 2397 1784 proinde

1426 1799 1557 1820 manum
1582 1798 1673 1820 suam
1706 1797 1770 1819 non
1802 1788 1868 1819 fore
1899 1787 2055 1819 adversus
2079 1786 2222 1818 Saulem.
2268 1785 2395 1826 Quibus

1428 1831 1534 1863 verbis
1546 1830 1657 1861 David
1682 1831 1795 1862 testari
1810 1830 1912 1861 voluit
1935 1840 1969 1861 se
1992 1840 2057 1861 non
2071 1829 2168 1861 talem
2182 1839 2252 1861 esse
2265 1828 2393 1870 qualem

1427 1874 1523 1905 aulici
1547 1874 1653 1913 ipsum
1678 1873 1972 1904 calumniabantur.
2019 1872 2102 1904 Nam
2126 1871 2288 1911 quomodo
2316 1870 2394 1902 mali

1427 1928 1445 1947 a
1469 1916 1561 1948 bonis
1585 1916 1810 1947 discernentur
1833 1915 1896 1946 nisi
1918 1913 2092 1956 operibus?
2116 1914 2200 1946 Nam
2220 1925 2259 1945 ex
2283 1913 2394 1945 fructi-

1428 1960 1487 1990 bus
1521 1959 1616 1990 arbor
1658 1958 1874 1998 dignoscitur,
1916 1964 1952 1989 ut
1993 1957 2070 1989 dicit
2104 1957 2266 1988 Dominus
2300 1956 2394 1987 Iesus

1427 2001 1578 2033 Christus
1611 2001 1730 2032 Matth.
1766 2000 1793 2031 7.
1847 1999 1945 2032 Solus
1978 2001 2065 2032 enim
2102 1999 2190 2030 Deus
2225 1999 2394 2030 hominum

1427 2044 1524 2075 corda
1547 2048 1726 2075 serutatur:
1763 2052 1826 2083 quo
1857 2053 1921 2074 non
1953 2049 2088 2083 possunt
2114 2041 2283 2072 hominum
2312 2039 2395 2072 oculi

1428 2092 1616 2126 penetrare,
1651 2084 1706 2117 sed
1743 2096 1781 2116 ex
1818 2085 1886 2116 vita
1919 2090 1952 2116 et
1986 2084 2132 2116 moribus
2166 2083 2322 2115 iudicium
2356 2082 2396 2114 de

1429 2129 1565 2169 siugulis
1589 2129 1707 2159 fei-unt.
1755 2127 1887 2167 Si--quis
1910 2127 2012 2168 igitur
2034 2127 2097 2158 Dei
2126 2126 2274 2157 timorem
2299 2125 2397 2157 habet

1430 2182 1463 2201 re
1487 2173 1557 2211 ipsa
1580 2176 1611 2201 et
1634 2170 1786 2210 operibus
1809 2170 1879 2201 suis
1892 2169 2102 2206 demonstrat,
2124 2166 2395 2208 quemadmodum

1430 2214 1545 2244 bonam
1570 2213 1718 2244 arborem
1743 2212 1881 2244 dicimus
1905 2222 1986 2252 quae
2009 2212 2130 2243 bonum
2156 2209 2298 2242 fructum
2321 2219 2395 2250 pro-

1430 2257 1499 2287 fert.
1546 2255 1671 2287 Contra
1695 2265 1774 2285 vero
1798 2255 1825 2286 si
1849 2255 1921 2294 quis
1945 2253 1984 2285 ad
2008 2253 2131 2285 malum
2154 2252 2310 2293 proclivis
2338 2256 2396 2290 est,

1431 2308 1503 2329 cum
1528 2303 1639 2329 nostra
1665 2297 1829 2328 sententia
1852 2303 2003 2337 tanquam
2028 2296 2210 2336 improbum
2235 2299 2267 2326 et
2290 2293 2396 2326 inimi-

1430 2351 1502 2371 cum
1535 2340 1804 2372 condemnamus:
1843 2340 1928 2379 quod
1959 2349 1993 2370 se
2023 2338 2121 2370 talem
2153 2339 2220 2369 suis
2245 2336 2396 2378 operibus

1431 2382 1614 2413 declararit.
1651 2381 1707 2414 Sic
1731 2382 1765 2412 in
1789 2382 1971 2422 praesentia
1995 2380 2102 2412 David
2127 2390 2220 2412 suam
2243 2379 2396 2411 innocen-

1431 2425 1507 2455 tiam
1532 2435 1571 2455 ex
1596 2425 1679 2456 facto
1702 2434 1760 2455 suo
1783 2424 1979 2464 comprobat,
2012 2433 2116 2463 neque
2147 2423 2232 2454 enim
2262 2421 2396 2453 dubium

1432 2473 1478 2497 est
1510 2467 1586 2506 quin
1619 2467 1643 2498 si
1668 2466 1835 2507 improbus
1864 2466 1980 2497 fuisset
2004 2465 2105 2502 Sauli,
2135 2465 2190 2505 qui
2220 2464 2253 2495 in
2283 2473 2398 2495 manus

411 2510 576 2547 insultent,
601 2516 633 2540 ot
656 2510 723 2541 suis
741 2510 903 2550 unguibus
927 2510 1121 2549 discerpant.
1157 2509 1270 2549 Neque
1294 2509 1380 2539 enim
1405 2503 1407 2538 l
1432 2509 1532 2548 ipsius
1556 2509 1722 2546 inciderat,
1748 2509 1847 2540 vitam
1871 2509 1942 2540 sine
1962 2509 2029 2540 ulla
2052 2507 2252 2545 difficultate,
2276 2512 2309 2538 et
2329 2506 2399 2537 sine

411 2553 499 2593 ‹ligni
529 2562 643 2583 sumus
674 2553 790 2592 quibus
818 2552 908 2583 Deus
931 2563 965 2583 re
987 2552 1056 2592 ipsa
1080 2562 1191 2583 curam
1215 2561 1310 2591 quam
1342 2549 1380 2581 de
1405 2545 1408 2622 Ι

482 2646 509 2677 ⁸)
523 2646 619 2671 Ver-<us
631 2644 733 2670 14-16
747 2646 776 2670 in
788 2645 904 2670 editione
915 2647 1040 2678 principe
1054 2653 1107 2671 non
1120 2644 1296 2677 transscripti
1310 2647 1380 2670 sunt.

1433 2551 1497 2582 ullo
1522 2551 1663 2590 periculo
1682 2551 1875 2583 sustulisset.
1921 2550 2010 2582 Satis
2040 2551 2141 2591 igitur
2171 2554 2305 2590 apparet
2335 2557 2398 2588 quo

1433 2594 1539 2624 animo
1575 2593 1673 2624 fuerit
1703 2604 1780 2635 erga
1815 2593 1948 2625 Saulem
1983 2594 2128 2631 affectus,
2162 2602 2262 2632 quum
2296 2589 2399 2623 veluti

1407 2633 1409 2668 ἶ
1434 2635 1552 2666 vinctis
1577 2635 1725 2667 manibus
1748 2646 1868 2677 regem,
1893 2641 1924 2667 et
1947 2635 2114 2667 dominum
2126 2644 2222 2667 suum
2235 2633 2398 2666 offendere

2515 2350 2535 2484 Ξ

2515 2509 2536 2638 ἴηῖ,ἣὴ’

2513 2663 2532 2726 ,04⁸

2512 2934 2533 2977 s'jv
