2551 3044
308 211 362 241 731

308 311 338 336 et
371 303 535 343 insepulta
570 303 686 334 iacere:
723 302 806 342 quod
841 309 948 333 tamen
984 312 1049 332 non
1084 300 1170 333 cedit
1199 301 1305 341 ipsis·

309 345 539 378 maledictioni.
585 346 718 376 Terreni
742 346 828 375 enim
847 355 960 376 omnes
976 354 1071 375 casus
1089 353 1278 374 communes
1303 340 1306 383 Ι

309 395 386 419 sunt
403 395 468 419 tam
490 387 581 419 bonis
600 398 695 427 quam
717 387 885 427 improbis:
906 387 1008 418 veluti
1028 386 1158 423 famem,
1181 386 1279 424 sitim,
1304 403 1306 427 l

309 432 420 470 frigus,
464 436 588 461 aestum
625 430 773 470 tolerare,
814 436 910 470 atque
944 429 1042 460 etiam
1077 428 1214 460 dedecus
1247 433 1306 459 et*

309 473 532 513 ignominiam,
571 483 654 513 quae
687 473 796 503 omnia
826 472 865 503 ab
895 471 1014 503 Adami
1044 476 1176 511 peccato
1206 481 1280 510 pro-

309 521 464 547 manant:
488 522 521 546 et
541 525 559 546 a
583 523 720 546 naturae
744 515 957 555 corruptione,
982 519 1015 544 et
1033 514 1175 554 peccatis
1197 523 1280 553 quae

311 560 344 589 in
368 558 435 589 dies
466 557 683 589 admittimus:
717 563 753 588 ut
785 557 926 597 peccatis
945 566 1058 587 omnes
1077 556 1226 587 miseriae
1250 560 1281 586 et

309 601 510 632 calamitates
545 601 662 631 merito
696 600 890 631 tribuantur.
944 599 1067 630 Verum
1106 597 1280 638 aliquando

308 644 399 674 Deus
423 653 590 674 servorum
614 653 745 674 suorum
766 642 955 682 patientiam
976 641 1132 681 explorat,
1157 646 1190 672 et
1202 651 1279 671 non-

309 696 473 726 nunquam
498 696 572 717 cum
603 690 747 725 egestate
777 685 955 716 conflictari
979 684 1058 723 vult,
1089 693 1184 723 quam
1209 683 1281 714 aliis

309 729 458 764 miseriis,
477 738 614 764 earcere,
634 726 841 764 cruciatibus,
861 727 1018 758 bonorum
1031 726 1165 765 iactura,
1189 726 1280 766 igno-

309 773 419 808 minia,
450 778 482 802 et
513 770 584 801 aliis
614 770 797 802 istiusmodi
828 769 958 801 casibus
989 774 1135 800 exercet:
1166 768 1279 800 sedin

309 815 454 855 ipsorum
485 813 632 846 salutem.
665 819 701 843 ut
733 813 825 843 novit
855 813 923 852 ipse
951 811 1073 842 malum
1103 812 1135 842 in
1160 811 1280 842 bonum

309 863 508 888 convertere.
554 854 644 886 Idem
677 855 716 886 dc
746 855 885 895 sepulcri
915 854 1037 885 honore
1060 852 1280 885 sentiendum:
1306 854 1307 861 ¹

309 899 469 940 siquidem
494 898 667 938 aliquando
686 898 791 929 iacere
814 897 1013 937 insepultum
1033 896 1163 928 divinae
1181 896 1281 927 male·
1306 915 1307 918 =

310 942 459 974 dictionis
483 946 532 973 est
556 941 788 978 testimonium,
812 938 1085 980 aliquaud02vero
1101 938 1282 978 exploratio
1306 955 1308 957 ·

310 983 488 1024 quaedam:
514 991 550 1014 ut
572 994 635 1014 non
659 983 738 1023 ipsis
760 982 832 1014 ideo
856 982 948 1013 Deus
971 980 1151 1018 maledicat,
1179 991 1282 1020 neque

311 1028 498 1063 detestetur,
530 1026 585 1057 sed
611 1027 717 1066 potius
740 1029 777 1056 ut
799 1031 928 1057 nostras
952 1034 1066 1056 omnes
1090 1023 1283 1055 afflictiones

310 1070 505 1101 sanctificari
529 1079 585 1108 per
608 1069 713 1108 ipsum
737 1068 887 1105 sciamus,
909 1077 991 1107 quae
1010 1066 1104 1098 nobis
1126 1071 1283 1106 tanquam
1308 1074 1309 1088 ³

312 1115 531 1144 instrumenta
554 1110 593 1141 ad
618 1111 758 1142 salutem
778 1110 967 1141 inserviant.
993 1110 1041 1141 Ae
1057 1119 1135 1140 sane
1148 1108 1282 1139 divitem

313 1155 405 1186 illum
425 1154 596 1195 epulonem
610 1163 702 1185 sacra
713 1154 875 1192 scriptura
888 1153 966 1184 dicit
977 1152 1012 1182 in
1031 1151 1150 1182 delitiis
1165 1152 1284 1182 vixisse

313 1199 347 1229 in
371 1198 423 1229 his
447 1197 552 1234 terris,
576 1203 607 1227 et
631 1195 793 1228 crudelem
818 1196 916 1226 fuisse
935 1200 968 1225 et
986 1194 1283 1232 immisericordem,

313 1241 369 1280 qui
399 1251 472 1271 eum
501 1240 624 1270 honore
651 1238 797 1279 sepultus
827 1237 944 1269 dieitur
967 1237 1112 1276 quidem:
1143 1236 1198 1267 sed
1223 1246 1284 1276 quo
1310 1244 1311 1279 ]

314 1283 424 1314 anima
455 1283 557 1322 ipsius
588 1280 739 1312 devenit?
783 1281 832 1311 De
863 1280 979 1311 Lazari
1011 1289 1087 1310 vero
1117 1278 1284 1319 sepultura
1310 1303 1311 1319 ,

315 1325 405 1356 nulla
427 1326 464 1356 fit
487 1324 627 1355 mentio:
655 1324 747 1355 cuius
771 1323 880 1354 anima
902 1329 1010 1353 tamen
1034 1323 1066 1352 in
1096 1321 1283 1362 paradisum
1310 1330 1311 1334 ¹

315 1368 355 1399 al,
378 1368 502 1408 angelis
532 1366 638 1398 delata
662 1366 787 1403 dicitur,
819 1365 893 1396 licet
922 1365 992 1395 siue
1022 1364 1145 1395 honore
1168 1374 1284 1403 corpus
1310 1386 1313 1411 Ι

315 1411 417 1450 ipsius
447 1410 607 1441 abiectum
639 1408 813 1439 videretur.
857 1406 964 1438 Deum
996 1407 1095 1447 igitur
1122 1416 1217 1446 saepe
1240 1407 1284 1436 sic

315 1453 440 1491 operari
465 1452 623 1487 videmus,
648 1457 683 1481 ut
706 1461 770 1481 non
794 1460 922 1489 semper
942 1449 1135 1480 universalis
1158 1449 1214 1479 illa
1238 1459 1285 1479 re·
1311 1454 1313 1479 ὲ

316 1496 393 1535 gula
416 1495 522 1525 locum
545 1494 698 1531 obtineat,
723 1503 838 1532 nempe
862 1497 897 1523 ut
915 1492 1082 1531 sepultura
1101 1492 1143 1522 sit
1165 1491 1286 1522 favoris
1310 1484 1313 1520 l

316 1538 379 1569 Dei
403 1537 544 1577 signum,
575 1541 689 1568 contra
719 1546 795 1566 vero
825 1534 1025 1574 insepultum
1057 1535 1162 1566 iacere
1185 1533 1284 1564 male-

317 1580 467 1612 dictionis
492 1579 730 1610 testimonium:
753 1576 809 1608 sed
829 1577 1051 1616 exceptionem
1068 1577 1156 1608 Deus
1179 1576 1284 1607 faciat.

318 1622 436 1653 Verum
461 1621 653 1652 nominatim
686 1621 737 1651 hic
768 1620 883 1651 dicitar
907 1618 1017 1651 Saulis
1046 1629 1162 1659 corpus
1186 1619 1284 1650 humo

317 1664 500 1697 conditum:
532 1663 617 1704 quod
643 1664 733 1694 Deus
763 1662 941 1693 vindictam
974 1672 1065 1692 suam
1095 1661 1135 1692 ad
1159 1666 1285 1700 tempus

317 1714 521 1744 exserturus,
557 1716 591 1737 sc
621 1704 860 1737 misericordem
895 1705 993 1735 etiam
1023 1714 1101 1744 erga
1131 1704 1286 1744 populum

317 1760 412 1781 suum
437 1749 618 1789 patefacere
630 1748 779 1787 voluerit,
800 1753 831 1777 et
852 1758 915 1777 non
935 1747 1118 1786 permiserit
1139 1757 1212 1778 eum
1232 1747 1287 1786 qui
1312 1741 1315 1780 ξ

316 1803 440 1823 sacram
465 1792 650 1822 unctionem
671 1795 838 1830 acceperat
851 1796 885 1820 ut
904 1789 1061 1830 populum
1077 1789 1286 1820 israeliticum

316 1836 385 1866 Deo
410 1845 538 1866 sacrum
561 1834 765 1874 gubernaret,
791 1838 946 1872 perpetuo
967 1830 1122 1863 dedecore
1141 1837 1174 1862 et
1195 1832 1287 1872 igno·
1313 1837 1315 1862 ἔ

316 1878 415 1908 minia
445 1877 645 1908 obrueretur.
693 1875 885 1906 Viventium
918 1874 1020 1915 igitur
1053 1874 1158 1915 magis
1191 1883 1287 1914 quam

317 1920 437 1951 mortui
451 1918 561 1951 Saulis
584 1928 680 1949 causa
699 1918 787 1949 istud
806 1919 926 1948 factum
945 1922 1002 1955 est,
1027 1916 1068 1948 ad
1087 1927 1182 1957 quem
1206 1916 1287 1947 nihil

317 1962 392 1993 inde
415 1962 574 1993 commodi
598 1961 693 1992 rediit
716 1970 815 2000 quum
834 1970 966 1991 sensum
987 1969 1051 1990 non
1071 1959 1214 1990 haberet.
1240 1959 1288 1990 Ae
1314 1994 1315 2000 ἵ

317 2015 394 2036 sane
418 2005 552 2035 minime
577 2004 712 2035 dubium
743 2008 793 2033 est
821 2003 899 2042 quin
932 2002 1025 2032 multi
1055 2012 1096 2033 ex
1119 2001 1288 2040 Israelitis,
1314 2002 1315 2016 ¹

318 2047 428 2078 audito
442 2047 536 2077 Iabes
550 2046 677 2078 Galaad
701 2045 879 2076 incolarum
905 2050 970 2075 tam
994 2045 1115 2084 insigni
1136 2044 1287 2084 facinore,

318 2174 571 2206 sollicitandum.

404 2216 530 2247 Idcirco
553 2217 639 2247 enim
662 2216 807 2255 sequitur
830 2217 863 2246 in
887 2220 1041 2247 contextu
1055 2213 1287 2246 Iabes-Galaad

322 2259 453 2295 incolas,
479 2264 603 2298 septem
629 2257 696 2289 dies
727 2259 933 2294 ieiunavisse,
964 2263 1001 2288 ut
1029 2267 1137 2289 coram
1161 2256 1232 2288 Deo
1255 2267 1290 2287 se

321 2301 559 2337 submitterent,
585 2308 616 2332 et
640 2300 769 2331 tandein
782 2301 904 2332 cladem
929 2306 1060 2340 propter
1083 2299 1193 2340 populi
1216 2309 1288 2339 pec-

319 2351 389 2374 cata
402 2344 579 2383 contigisse
597 2349 820 2384 agnoscerent,
845 2349 875 2374 et
888 2354 926 2374 ea
938 2344 1141 2383 correptione
1153 2342 1286 2382 dignum

319 2386 422 2417 fuisse
457 2387 564 2426 palam
600 2386 791 2417 faterentur.
838 2386 949 2426 Neque
979 2386 1065 2416 enim
1097 2395 1155 2426 pro
1189 2384 1288 2415 Saule

319 2439 429 2468 preces
460 2429 582 2459 fudisse
607 2429 767 2465 dicuntur,
798 2439 902 2468 neque
932 2427 1087 2468 obsequia
1117 2427 1230 2459 fecisse
1253 2427 1287 2458 in

319 2471 446 2502 animae
478 2472 578 2511 ipsius
603 2471 857 2510 redemptionem
881 2476 936 2501 aut
966 2476 1171 2509 peccatorum
1194 2469 1287 2501 satis-

319 2514 504 2545 factionem:
537 2513 620 2554 quod
653 2514 679 2545 si
711 2515 835 2552 fuisset,
864 2513 1025 2553 scriptura
1048 2512 1108 2544 hoc
1132 2513 1199 2544 loco
1222 2522 1287 2542 non

319 2557 515 2587 omississet:
552 2556 607 2587 sed
632 2556 731 2588 solius
761 2556 948 2596 sepulturae
971 2555 1074 2594 ipsius
1097 2556 1135 2586 fit
1157 2554 1286 2586 mentio.

1124 207 1329 240 HOMILIA
1352 207 1460 239 CVII.

321 2597 484 2636 Quorsum
511 2599 611 2639 igitur
633 2598 721 2630 istud
751 2598 932 2629 ieiunium?
966 2598 1019 2628 An
1044 2602 1080 2628 ut
1103 2598 1208 2629 solent
1231 2606 1287 2636 pa-

318 2642 420 2679 pistae
452 2651 510 2682 pro
541 2642 676 2673 mortuis
705 2641 771 2672 suis
802 2648 834 2672 et
863 2640 968 2672 salute
998 2640 1140 2681 ipsorum
1171 2639 1286 2671 missas

2235 207 2296 238 732

1331 311 1405 332 suas
1429 298 1696 331 demurmurare?
1720 300 1834 340 Apage
1858 298 1962 331 istud:
1986 309 2062 331 nam
2074 305 2111 330 ut
2133 304 2209 331 ante
2221 299 2298 339 dixi,

1332 343 1384 374 isti
1410 342 1624 373 humanitatis
1647 342 1761 374 officiis
1779 341 1911 374 Saulem
1931 342 2120 382 prosequuti
2139 351 2299 374 memores

1331 386 1440 426 regiae
1464 385 1631 425 dignitatis
1653 389 1685 415 et
1708 384 1882 422 singularis
1905 383 1989 424 quod
2013 384 2052 416 ab
2075 384 2146 424 ipso
2169 394 2299 426 accepe-

1305 449 1307 459 .
1333 432 1406 459 rant
1429 427 1586 466 beneficii,
1613 435 1720 457 coram
1747 427 1816 458 Deo
1843 436 1913 458 sese
1936 427 2055 458 sistunt
2085 432 2218 467 peccata
2241 437 2301 458 sua

1334 471 1438 511 palam
1464 469 1618 510 agnituri,
1642 475 1675 500 et
1699 470 1826 500 veniam
1846 469 2007 510 supplices
2026 468 2240 509 deprecaturi,
2263 474 2300 501 ut

1333 513 1437 544 solent
1471 513 1515 543 rei
1547 521 1654 542 coram
1684 511 1788 543 iudice
1825 512 1946 544 crimen
1985 511 2079 542 fateri
2110 512 2301 552 veniamque

1334 555 1509 596 deprecari.
1535 554 1629 585 Hanc
1652 554 1751 593 igitur
1774 553 1814 585 ob
1837 564 1968 586 causam
1992 554 2105 586 ieiunii
2120 555 2158 585 fit
2169 555 2301 592 mentio,

1333 598 1417 638 quod
1440 607 1607 637 nunquam
1631 607 1650 627 a
1669 596 1819 637 precibus
1842 603 1874 627 et
1893 596 2186 637 supplicationibus
2209 607 2299 635 sepa-

1334 647 1440 672 ratum
1465 640 1562 670 fuisse
1585 638 1823 670 observandum
1848 646 1913 670 est:
1938 640 1965 670 si
1984 639 2114 679 quidem
2134 639 2303 670 individuo

1334 694 1417 714 nexa
1447 682 1567 713 ieiunia
1596 691 1670 713 cum
1701 682 1849 722 precibus
1879 682 2052 713 coniuncta
2080 687 2175 718 sunt,
2211 691 2305 713 sacra

1334 726 1495 766 scriptura
1520 723 1656 755 subinde
1679 724 1773 755 nobis
1796 723 1875 755 illud
1900 724 2079 755 indicante:
2104 724 2169 755 imo
2191 724 2304 764 etipse

1335 768 1475 799 Domino
1515 773 1627 797 nostro
1670 767 1742 797 Iesu
1778 766 1914 798 Christo
1954 776 2083 806 semper
2122 767 2305 798 orationem

1334 811 1452 842 ieiunio
1475 810 1711 849 coniungente:
1734 814 1766 840 et
1790 808 1892 840 Paulo
1913 809 1948 840 in
1971 808 2108 849 epistola
2131 809 2161 840 2.
2181 808 2222 840 ad
2245 808 2306 840 Co—

1334 853 1482 884 rinthios.
1525 851 1637 891 Neque
1661 852 1749 882 enim
1774 851 1873 882 alium
1898 861 1995 882 nsum
2016 851 2113 883 habet
2135 851 2305 889 ieiunium,

1333 905 1428 935 quam
1454 901 1488 925 ut
1518 894 1666 925 homines
1695 899 1867 934 praeparet
1890 899 1923 925 et-
1946 893 2097 933 disponat
2124 893 2163 924 ad
2187 893 2307 925 seriam

1334 948 1442 970 eoram
1473 938 1542 968 Deo
1572 937 1804 976 poenitentiam
1836 941 1866 967 et
1898 936 1937 967 ad
1961 936 2048 977 ipsos
2076 935 2305 974 humiliandos,

1335 987 1365 1012 et
1389 980 1427 1010 ad
1448 989 1558 1019 preces
1570 984 1603 1009 et
1623 979 1786 1010 orationes
1805 979 1910 1019 magis
1929 989 1965 1010 ae
1985 979 2089 1019 magis
2113 977 2306 1010 incitandos.

1335 1022 1554 1062 Quamobrem
1565 1031 1663 1061 quum
1680 1021 1733 1052 hic
1740 1022 1777 1052 fit
1786 1021 1907 1052 mentio
1923 1021 2033 1052 ieiunii
2044 1025 2168 1061 septem
2179 1020 2306 1052 dierum

1336 1076 1355 1096 a
1378 1065 1473 1096 labes
1496 1063 1623 1095 Galaad
1648 1064 1764 1095 incolis
1787 1064 1950 1100 instituti,
1985 1063 2192 1095 sentiendum
2216 1063 2306 1104 ipsos

1308 1127 1310 1153 ᾗ
1336 1114 1423 1139 metu
1449 1107 1548 1137 divini
1573 1107 1685 1138 iudicii
1710 1106 1874 1146 perculsos
1897 1112 1930 1137 et
1948 1106 2015 1137 irae
2033 1105 2192 1137 adversus
2210 1115 2305 1137 suum

1336 1150 1500 1190 populum,
1526 1149 1564 1180 de
1587 1149 1672 1180 seria
1695 1149 1893 1189 poenitentia
1916 1154 1949 1180 et
1971 1149 2138 1189 agnitione
2160 1154 2306 1188 peccabo—

1310 1218 1311 1221 ,
1337 1203 1409 1224 rum
1433 1193 1600 1232 cogitasse,
1624 1198 1654 1222 et
1675 1191 1793 1222 idcirco
1812 1191 1962 1231 precibus
1975 1190 2165 1222 ardentibus
2185 1190 2307 1222 ieiunio

1337 1236 1518 1266 coniunctis
1537 1235 1575 1265 ad
1591 1234 1697 1265 Deum
1710 1233 1907 1275 confugisse:
1927 1233 2092 1265 Ieiunium
2116 1234 2227 1273 itaque
2249 1243 2307 1273 per

1338 1289 1371 1309 se
1385 1278 1464 1308 nihil
1485 1283 1543 1312 est,
1562 1277 1698 1316 ideoque
1711 1277 1856 1317 graviter
1872 1277 2018 1317 papistae
2036 1276 2196 1307 falluntur
2207 1285 2307 1316 quum

1338 1320 1465 1360 aliquod
1496 1320 1648 1350 meritum
1672 1319 1706 1349 in
1729 1319 1849 1350 ieiunio
1872 1319 2086 1356 constituunt,
2116 1324 2307 1358 partemque

1339 1363 1440 1393 divini
1464 1363 1570 1393 cultus
1593 1361 1731 1393 faciunt:
1756 1371 1851 1401 quam
1875 1361 1915 1392 ob
1935 1370 2066 1392 causam
2090 1361 2189 1392 etiam
2212 1360 2304 1392 Deus

1339 1410 1449 1436 noster
1479 1404 1665 1446 hypocritas
1695 1404 1801 1445 arguit
1832 1404 1881 1435 sui
1913 1404 2077 1443 temporis,
2106 1403 2160 1443 qui
2191 1402 2303 1434 multis

1339 1448 1484 1478 externis
1507 1446 1690 1478 istiusmodi
1704 1446 1849 1487 gestibus
1872 1446 2026 1486 pietatem
2045 1444 2252 1484 simulabant,
2275 1451 2308 1476 et

1339 1490 1468 1521 interim
1499 1491 1546 1521 sui
1578 1499 1706 1529 semper
1737 1489 1867 1526 similes,
1899 1489 1990 1519 avari
2022 1494 2118 1529 puta,
2148 1486 2306 1525 crudeles,

1338 1533 1509 1564 facinorosi
1524 1532 1745 1563 remanebant.
1770 1531 1843 1563 Non
1863 1531 1974 1571 itaque
1986 1531 2142 1562 ieiunium
2158 1529 2306 1561 reiicien-

1340 1576 1427 1612 dum,
1458 1575 1552 1605 modo
1576 1579 1701 1606 rectum
1725 1584 1819 1606 usum
1845 1579 1876 1605 et
1899 1574 1996 1605 finem
2028 1573 2175 1604 retineat.
2222 1572 2306 1603 Tum

1312 1631 1313 1636 ¹
1338 1619 1438 1658 igitur
1461 1618 1579 1648 ieiunio
1610 1617 1815 1657 potissimum
1838 1616 1929 1648 locus
1952 1622 2009 1653 est,
2041 1625 2141 1655 quum
2161 1614 2308 1646 afflictio-

1340 1660 1434 1691 nibus
1458 1670 1627 1700 urgemur:
1651 1669 1731 1699 quas
1754 1659 1916 1699 patienter
1938 1659 2023 1690 ferre
2047 1657 2209 1694 debemus,
2233 1667 2308 1697 quo-

1340 1704 1427 1734 niam
1455 1703 1557 1733 Deum
1581 1702 1794 1733 offendimus:
1819 1706 1851 1733 et
1874 1701 1992 1732 idcirco
2011 1705 2141 1741 peccata
2167 1700 2308 1740 ingenue

1339 1745 1433 1776 fateri
1457 1755 1516 1776 nos
1536 1750 1670 1784 oportet,
1693 1751 1724 1776 et
1737 1745 1891 1784 quoniam
1906 1744 2012 1776 Deum
2032 1742 2172 1784 peccatis
2185 1743 2309 1773 nostris

1340 1788 1511 1819 adversum
1536 1797 1594 1818 nos
1617 1787 1874 1828 provocavimus,
1905 1786 2031 1818 confusi
2055 1792 2087 1816 et
2115 1785 2231 1816 abiecti
2255 1795 2308 1816 co·

1340 1840 1408 1861 ram
1439 1831 1508 1870 ipso
1538 1831 1666 1861 veniam
1699 1829 1925 1869 deprecemur,
1951 1833 1984 1860 et
2015 1827 2164 1869 precibus
2192 1827 2309 1858 arden-

1340 1873 1426 1903 tibus
1457 1883 1529 1903 eum
1559 1873 1776 1904 sollicitemus.
1822 1871 1918 1903 Multi
1957 1870 2089 1911 quidem
2118 1870 2310 1910 hypocritae

1340 1916 1484 1955 graviter
1506 1916 1692 1946 afficiuntur
1716 1920 1747 1946 et
1769 1915 2005 1946 contristantur
2021 1923 2122 1954 quum
2139 1912 2310 1944 adversam

1313 1984 1315 1991 4
1341 1958 1403 1988 Dei
1426 1968 1558 1988 manum
1584 1958 1738 1994 sentiunt,
1769 1957 1824 1989 sed
1847 1967 1906 1997 pro
1930 1966 1966 1988 eo
1995 1956 2079 1996 quod
2109 1965 2177 1986 sese
2200 1963 2310 1986 coram

1340 2001 1409 2040 ipso
1440 2000 1592 2037 deiicere,
1623 2000 1811 2040 crimenque
1841 2000 1933 2031 fateri
1965 1998 2134 2035 deberent,
2159 1997 2310 2028 dentibus

1314 2062 1316 2073 >
1341 2042 1538 2082 infrendent,
1573 2044 1785 2083 fraenumque
1818 2042 1992 2081 arrodunt,
2025 2045 2057 2072 et
2081 2050 2138 2079 pro
2161 2039 2310 2080 precibus

318 2089 506 2129 collegerint
537 2100 571 2119 sc
600 2090 685 2128 ipsos
717 2098 756 2118 ex
788 2089 1060 2124 consternatione,
1089 2087 1288 2127 sumpserint
1314 2090 1316 2102 '

318 2132 454 2169 animos,
479 2137 511 2162 et
534 2131 706 2162 alacriores
725 2130 800 2162 facti
819 2129 940 2161 fuerint
958 2131 998 2161 ad
1012 2130 1119 2162 Deum
1138 2129 1289 2170 precibus
1314 2144 1317 2164 ι

1342 2085 1546 2125 blasphemas
1569 2096 1664 2117 voees
1692 2090 1858 2122 evomunt,
1889 2089 1922 2115 et
1944 2094 2001 2124 pro
2026 2082 2253 2123 desperatione
2276 2082 2308 2112 in

1341 2128 1481 2159 furorem
1506 2133 1687 2159 vertuntur.
1734 2127 1821 2159 Hinc
1843 2128 1953 2166 itaque
1977 2125 2138 2156 diseamus
2167 2124 2310 2164 quoties-

1341 2181 1467 2209 cunque
1488 2169 1577 2202 Deus
1599 2180 1733 2201 manum
1756 2169 1929 2201 adversum
1953 2178 2011 2200 nos
2034 2171 2172 2206 exseret,
2203 2166 2308 2207 ipsius

1341 2212 1471 2244 iudiciis
1496 2213 1590 2244 rectis
1609 2213 1734 2248 subiici,
1759 2218 1890 2252 peccata
1908 2215 2019 2242 nostra
2038 2209 2142 2246 fateri,
2166 2214 2199 2240 et
2221 2209 2254 2239 in
2273 2218 2313 2240 ea

1341 2255 1699 2295 diligentcrinquirere,
1725 2265 1786 2295 quo
1806 2254 1930 2285 facilius
1944 2253 2074 2284 veniam
2088 2253 2310 2291 impetremus.

1342 2299 1450 2338 Atque
1473 2298 1618 2338 singulos
1648 2299 1710 2328 ista
1742 2307 1799 2337 pro
1827 2307 1861 2327 sc
1888 2296 1994 2327 faeere
2023 2299 2165 2335 oportet:
2197 2293 2253 2325 sed
2276 2293 2311 2324 in

1342 2340 1454 2380 primis
1472 2341 1565 2381 gravi
1583 2341 1691 2379 aliqua
1707 2339 1874 2371 ecclesiam
1887 2338 2061 2369 afflictione
2076 2340 2221 2378 urgente,
2234 2345 2310 2376 pro-

1340 2383 1478 2422 positum
1496 2383 1548 2414 hic
1571 2383 1663 2414 nobis
1677 2382 1770 2413 labes
1783 2380 1907 2416 Galaad
1922 2380 2100 2412 incolarum
2124 2378 2311 2418 exemplum

1339 2430 1466 2465 oportet
1489 2425 1620 2463 imitari,
1644 2430 1676 2455 et
1697 2434 1805 2455 coram
1830 2423 1890 2454 Dci
1914 2423 1998 2454 serio
2024 2421 2201 2453 humiliari.
2226 2420 2311 2452 Nam

1341 2468 1392 2499 hie
1416 2471 1466 2498 est
1488 2468 1600 2498 ieiunii
1620 2476 1700 2498 usus
1722 2472 1755 2497 et
1777 2466 1869 2496 finis:
1899 2465 1983 2505 quod
2008 2464 2153 2505 alioquin
2178 2473 2242 2495 non
2266 2463 2313 2494 ita

1339 2511 1449 2550 magni
1481 2521 1498 2540 a
1522 2510 1592 2541 Deo
1623 2509 1710 2547 fieri,
1747 2519 1805 2540 nec
1828 2508 1953 2548 reliqua
1983 2507 2128 2547 corporis
2158 2505 2313 2537 exercitia

1339 2557 1463 2584 certum
1488 2557 1553 2583 est:
1582 2552 1644 2582 nisi
1668 2550 1732 2582 illis
1755 2550 1916 2582 discamus
1939 2550 2056 2581 animis
2077 2548 2196 2580 nostris
2220 2548 2312 2588 inge-

1340 2595 1474 2626 miscere
1504 2593 1589 2634 quod
1622 2594 1726 2624 Deum
1759 2593 2001 2630 offenderimus,
2033 2597 2066 2624 et
2095 2600 2173 2623 vere
2203 2597 2312 2622 coram

1340 2638 1410 2677 ipso
1423 2636 1603 2668 humiliari:
1625 2646 1729 2676 neque
1742 2635 1871 2666 interim
1886 2636 2031 2667 animum
2046 2632 2312 2674 despondeamus,
