2551 3044
182 200 240 230 ‘297
818 199 863 229 IN
890 199 913 229 1.
943 198 1024 228 lilB.
1051 198 1248 230 SAMUEL.
1274 198 1371 229 CAP.
1397 199 1519 230 XVIII.

183 295 268 334 quod
299 299 405 326 tamen
436 294 576 325 maxime
605 292 687 333 apud
712 303 745 323 se
768 298 941 332 expetunt:
973 292 1028 323 sed
1052 298 1138 323 coer-

183 343 296 369 centur
324 343 476 377 tanquam
507 336 629 367 belluae
659 336 824 371 immanes,
856 336 995 365 furorem
1027 335 1140 374 despu-

186 385 318 417 mantes,
350 389 429 420 quae
458 384 564 410 tamen
594 377 707 409 vinclis
737 383 767 407 et
795 378 916 409 catenis
946 377 1141 415 vinciuntur,

186 434 225 454 ne
256 427 399 454 noceant.
445 420 499 452 Sio
527 420 604 452 Saul
629 419 890 459 indignabundus
915 420 1052 451 libenter
1075 420 1139 450 Da-

186 465 250 496 vidi
275 465 301 496 si
325 468 428 504 posset
448 465 511 495 vim
531 463 669 502 aliquam
690 462 831 498 inferret,
856 470 886 493 et
906 474 968 502 quo
988 462 1142 493 illustrior

185 509 216 539 in
242 507 367 538 Davide
385 510 518 546 apparet
538 504 599 535 Dei
617 505 730 544 gratia,
755 515 791 535 eo
812 506 914 545 magis
934 511 1142 545 exasperatur

185 556 217 581 et
249 549 363 585 fremit,
399 554 435 578 ut
466 558 530 578 uon
566 548 726 578 immerito
761 548 865 578 factus
899 549 958 587 ipsi
992 547 1141 578 inimicus

185 594 318 630 dicatur,
342 590 424 630 quod
443 590 648 621 exhorruerit
667 589 729 620 Dei
750 590 832 620 dona
851 591 883 621 in
906 590 1029 621 Davide
1048 601 1140 620 cens-

185 636 286 675 picua.

184 677 365 715 ubieunque
388 675 597 715 apparuerint
621 676 776 711 venerari,
801 685 862 714 quo
887 675 988 716 magis
1012 676 1044 705 in
1068 685 1142 705 con-

185 719 317 750 trarium
336 719 452 749 vitium
472 717 615 748 videmus
636 717 782 748 homines
797 718 961 757 proclives,
985 723 1016 749 et
1030 717 1142 748 demus
1167 738 1169 747 ⁴

184 772 313 802 operam
345 772 384 792 ne
414 761 446 791 in
471 771 540 791 eam
564 759 737 800 phrenesin
761 761 940 791 incidamus
963 771 1043 800 quae
1067 760 1142 790 ulti-

184 815 272 835 mum
298 804 386 835 nobis
409 803 544 834 exitium
567 802 701 839 adferat,
725 808 755 833 et
776 803 806 833 in
828 808 936 834 nostra
955 803 1061 843 capita
1082 802 1142 833 Dei

184 847 378 887 fulgurantis
408 856 539 877 manum
564 845 683 881 trahat,
715 851 746 875 et
770 846 844 876 hinc
867 845 942 877 inde
965 855 1141 881 versemur,

184 895 370 929 tantamque
399 889 432 919 in
457 888 546 919 nobis
569 889 778 918 mutationem
803 889 989 925 sentiamus,
1022 894 1057 918 ut
1081 898 1142 918 non

185 938 309 963 tantum
341 942 391 962 res
421 936 543 962 creatas
567 934 749 961 metuamus
772 937 801 961 et
825 931 1001 968 oderimus,
1033 930 1087 962 sed
1112 936 1142 960 et

184 977 289 1016 ipsum
323 975 427 1005 Deum
461 974 658 1004 horreamus.
706 972 769 1004 Sed
800 974 870 1013 quis
900 974 969 1013 erit,
1000 973 1141 1009 obsecre,

184 1018 302 1048 furoris
335 1017 426 1048 istius
457 1014 587 1046 exitus‘?
632 1016 756 1047 Contra
788 1026 862 1047 vero
885 1017 912 1047 si
936 1027 990 1047 eos
1013 1026 1140 1046 amave·

185 1061 284 1091 rimus
307 1060 339 1090 in
363 1058 480 1099 quibus
499 1058 633 1098 spiritus
654 1057 716 1089 Dei
735 1059 840 1098 gratia
860 1064 892 1089 et
907 1058 991 1090 dona
1002 1059 1141 1089 maxime

184 1102 355 1140 excellunt,
378 1108 410 1132 et
433 1102 512 1131 tanti
537 1111 574 1131 ea
596 1101 748 1132 faciemus
769 1101 880 1141 quanti
899 1111 956 1141 par
975 1105 1031 1138 est,
1056 1101 1140 1140 quod

184 1146 272 1176 Deus
305 1144 338 1175 in
373 1144 436 1175 illis
470 1144 677 1184 glorificetur,
711 1149 834 1175 eertum
870 1149 918 1175 est
952 1155 988 1175 ea
1018 1144 1141 1174 ratione

183 1189 253 1228 ipsa
286 1187 381 1218 etiam
413 1187 548 1217 aliorum
571 1186 655 1217 dona
678 1196 805 1217 cessura
830 1187 921 1217 nobis
944 1187 976 1217 in
1001 1196 1139 1217 commo-

184 1230 258 1262 dum
288 1236 319 1260 et
348 1229 538 1260 utilitatem:
568 1239 603 1260 ac
627 1229 700 1259 licet
722 1230 813 1269 parvi
839 1235 871 1260 et
895 1229 1007 1261 abiecti
1031 1230 1139 1265 simus,

183 1272 292 1304 multis
321 1272 415 1312 longe
446 1271 538 1302 nobis
567 1271 857 1309 excellentioribus,
886 1283 943 1303 nos
973 1272 1138 1303 tamenin

182 1320 305 1356 partem
336 1314 493 1345 donorum
525 1324 606 1353 quae
635 1314 668 1344 in
700 1315 772 1345 illos
797 1315 885 1346 Deus
908 1314 1042 1346 eontulit
1066 1325 1138 1345 ven-

182 1363 280 1389 turos.
325 1357 498 1388 Caeterum
524 1362 572 1388 est
595 1357 691 1388 etiam
717 1357 775 1388 hoc
799 1357 867 1388 loco
891 1357 1138 1397 expendendum

181 1401 259 1432 illud
283 1400 390 1431 odium
414 1409 476 1439 quo
501 1399 577 1430 Saul
597 1399 753 1430 adversus
776 1399 933 1431 Davidem
953 1400 1082 1436 exarsit,
1108 1404 1139 1430 et

182 1443 267 1484 quod
292 1452 458 1482 nunquam
489 1442 651 1482 exstingui
686 1442 805 1482 potuit:
846 1453 884 1473 ex
915 1453 976 1483 quo
1006 1447 1139 1482 apparet

181 1491 302 1526 quanta
331 1485 371 1516 sit
401 1485 535 1516 humani
565 1485 689 1525 ingenii
719 1496 737 1515 a
769 1486 837 1516 Deo
861 1485 1001 1516 derelicti
1026 1485 1138 1525 depra-

183 1529 267 1560 vatio
297 1532 328 1559 et
357 1528 534 1567 corruptio:
565 1533 597 1558 et
620 1538 715 1567 quam
740 1528 781 1559 sit
805 1527 944 1559 difficilis
968 1528 1006 1559 ad
1031 1528 1137 1559 Deum

182 1571 357 1608 conversio,
403 1580 503 1610 quum
544 1571 641 1602 semel
677 1571 791 1610 aliquis
825 1571 926 1602 factus
959 1571 1138 1610 iniquitatis

183 1614 376 1654 mancipium
406 1613 445 1644 ad
477 1613 612 1653 quodvis
637 1614 755 1644 malum
780 1613 922 1644 habenas
945 1614 1042 1652 laxat,
1076 1613 1138 1644 nisi

184 1657 273 1688 Deus
303 1655 492 1687 miraculose
523 1656 627 1696 ipsum
651 1661 828 1687 convertat.
874 1657 917 1686 Et
940 1662 1047 1687 tamen
1071 1666 1138 1686 om-

183 1699 276 1730 nibus
298 1698 482 1730 hominibus
505 1708 676 1730 commune
700 1704 747 1730 est
765 1699 852 1730 istud
872 1699 1003 1730 vitium:
1028 1709 1139 1739 quem·

183 1741 353 1773 admodum
387 1746 498 1773 contra
529 1751 604 1772 rara
637 1746 686 1772 est
716 1743 821 1772 virtus
849 1742 1076 1782 perseverandi
1105 1742 1138 1772 in

184 1785 265 1816 bono
283 1789 315 1815 et
334 1790 419 1815 recta
438 1784 498 1815 via.
540 1785 585 1815 Et
603 1785 638 1815 fit
658 1784 742 1815 istud
763 1786 970 1824 conspicuum
990 1784 1138 1824 exemplo

184 1827 301 1865 Saulus
324 1836 439 1867 nempe
462 1826 623 1858 difficilius
646 1827 684 1857 ad
710 1827 741 1858 id
765 1827 847 1866 quod
871 1828 921 1858 ius
944 1834 977 1858 et
999 1838 1136 1867 aequum

183 1869 324 1910 postulat
346 1869 491 1900 homines
511 1869 636 1907 adduci,
660 1880 756 1909 quam
775 1870 860 1910 ipsas
879 1870 997 1901 bestias
1013 1870 1139 1900 etseras

184 1915 372 1944 animantes.
417 1912 500 1943 Nam
524 1919 555 1943 et
578 1913 662 1944 ferae
685 1913 773 1953 ipsae
796 1913 982 1944 cicurantur
1000 1917 1031 1943 et
1047 1923 1139 1943 man-

183 1960 333 1987 suescunt
363 1955 515 1994 temporis
545 1955 651 1996 aliquo
680 1956 866 1986 intervallo:
898 1956 943 1986 sic
972 1956 1080 1986 leones
1108 1960 1139 1985 et

184 1999 264 2029 aliae
300 1998 385 2029 ferae
419 1998 572 2037 paulatim
603 1998 643 2029 ad
673 2009 804 2029 manum
836 1998 947 2030 venire
976 1998 1137 2029 docentur.

183 2040 268 2080 Quid
292 2040 344 2072 hic
367 2040 468 2080 igitur
490 2040 528 2071 de
548 2041 677 2071 homine
696 2041 811 2072 dicturi
831 2051 951 2077 sumus,
974 2041 1028 2081 qui
1047 2051 1138 2071 suam

183 2084 353 2124 imaginem
385 2083 418 2113 in
450 2083 511 2114 alio
542 2083 672 2114 deberet
703 2084 931 2124 contemplari:
966 2094 1024 2115 cur
1053 2084 1138 2114 enim

184 2126 306 2157 ratione
329 2133 360 2157 et
383 2126 597 2166 intelligentia
616 2127 752 2167 praediti
771 2137 892 2163 sumus,
918 2127 977 2157 nisi
997 2133 1033 2157 ut
1054 2128 1139 2157 inter

184 2179 243 2199 nos
275 2169 361 2208 ipsos
389 2174 476 2199 arcto
506 2168 643 2208 quodam
674 2169 802 2200 vinculo
833 2169 1020 2206 vinciamur,
1055 2169 1137 2208 quod

185 2221 294 2241 omnes
334 2211 373 2241 ad
412 2210 474 2241 Dei
511 2212 682 2252 imaginem
717 2211 837 2243 conditi
870 2211 1005 2243 sumus?
1051 2213 1138 2243 Sane

185 2253 305 2283 multae
334 2254 419 2284 ferae
443 2259 517 2284 sunt
540 2264 577 2284 ea
600 2259 716 2285 natura
739 2259 775 2285 ut
798 2265 963 2294 nunquam
988 2255 1137 2286 ferociam

187 2294 354 2335 deponant,
385 2302 415 2326 et
445 2307 548 2336 neque
571 2308 643 2328 cum
667 2297 743 2328 feris
766 2297 837 2328 aliis
860 2307 963 2337 neque
987 2307 1057 2328 cum
1083 2298 1138 2328 ho-

186 2337 325 2368 minibus
353 2339 475 2378 possint
497 2349 736 2371 mansuescere:
769 2340 824 2371 sed
848 2345 955 2371 tamen
979 2350 1042 2371 non
1068 2350 1139 2380 pos-

187 2384 262 2411 sunt
290 2390 358 2411 esse
380 2379 561 2413 hominibus
584 2383 618 2413 in
642 2382 813 2423 reprobum
837 2393 966 2414 sensum
990 2383 1139 2414 coniectis

188 2422 369 2454 deteriores.
393 2422 504 2462 Qualis
523 2425 608 2456 enim
627 2425 680 2457 hic
701 2425 780 2457 Saul
799 2426 955 2465 apparet?
980 2425 1139 2457 Davidem

188 2464 314 2496 fidelem
344 2475 470 2504 operam
499 2466 558 2498 sibi
588 2478 707 2499 navare
738 2473 769 2498 et
798 2468 937 2499 fideliter
967 2478 1140 2508 procurare

187 2518 246 2539 sua
282 2509 412 2548 negotia
443 2508 587 2540 videbat:
624 2521 722 2550 quum
755 2510 831 2542 Saul
862 2516 992 2542 centum
1021 2511 1140 2542 Philis-

189 2557 331 2581 taeorum
364 2551 530 2589 praeputia
562 2552 644 2584 dotis
676 2554 805 2584 nomine
839 2554 993 2593 petiisset,
1032 2553 1139 2585 David

189 2592 340 2624 ducentos
374 2591 567 2625 Philistaeos
600 2595 723 2634 cecidit,
756 2606 889 2636 quorum
926 2595 1042 2627 obtulit
1070 2596 1139 2636 regi

187 2635 370 2676 praeputia:
400 2635 485 2666 unde
512 2636 607 2668 fiebat
634 2638 711 2669 satis
739 2639 948 2679 conspicuum
979 2638 1139 2670 Davidem

331 633 397 664 Nos
434 632 543 672 itaque
580 632 739 663 discamus
770 643 806 662 eo
836 633 938 673 magis
967 633 1029 663 Dei
1059 632 1142 662 dona
1166 650 1169 658 ι

1167 608 1169 620 l

2092 201 2153 231 293

1192 292 1276 329 regis
1299 291 1476 323 studiosum
1501 299 1532 324 ct
1555 299 1715 324 amantem
1740 303 1818 324 esse.
1858 293 1920 323 Sed
1943 293 2154 324 nihilominus

1193 334 1271 366 Saul
1303 337 1404 371 magis
1434 337 1651 371 exacerbatur,
1686 343 1717 366 et
1748 336 1850 367 locum
1875 336 1940 365 irae
1970 346 2045 366 suae
2069 337 2152 369 facit.

1194 383 1224 407 et
1248 376 1320 407 inde
1339 378 1537 408 occasionem
1559 379 1692 409 Davidis
1712 379 1831 409 maiore
1850 378 1921 408 odis»
1942 380 2150 417 prosequendi

1193 421 1285 459 capit,
1311 419 1394 450 unde
1419 421 1553 451 habebat
1575 421 1667 451 tidem
1690 421 1788 460 ipsius
1808 420 1996 451 admirandi.
2042 421 2151 460 Nequi(-

1194 473 1269 493 vero
1290 469 1395 493 tamen
1417 462 1522 493 David
1543 463 1610 494 ideo
1633 465 1709 494 lusit
1727 474 1874 504 operam:
1895 463 2150 502 quandoquidem

1194 505 1282 535 Deus
1313 505 1500 535 fidelitatem
1525 507 1622 545 ipsius
1647 507 1786 543 agnovit,
1821 513 1849 536 et
1874 505 1949 536 licet
1972 505 2080 537 Saulis
2104 507 2151 536 in-

1195 547 1356 588 gratitudo
1393 549 1548 586 potuissct
1578 550 1677 588 ipsius
1707 550 1849 579 animum
1884 548 2028 587 deiicere,
2065 549 2151 579 Dens

1195 596 1302 620 tamen
1335 590 1472 620 ostendit
1497 602 1557 621 nou
1583 592 1722 621 inaniter
1746 601 1874 631 operam
1900 591 2024 621 fidelem
2050 591 2149 622 Davi-

1195 632 1265 663 dem
1299 632 1388 663 Sauli
1413 643 1556 667 navassc„
1589 645 1681 672 quam
1709 635 1795 664 Deus
1820 634 2026 673 approbabat.
2075 635 2150 664 Prn-

1193 674 1275 705 fecto
1307 686 1368 705 non
1395 675 1606 705 dubitandum
1632 677 1705 715 quin
1731 676 1841 706 eodem
1866 676 1960 706 modo
1986 676 2150 707 nobiscum

1195 717 1284 748 Deus
1309 722 1393 756 agat,
1417 718 1443 748 si
1465 718 1686 749 benefaciendo
1707 731 1767 749 non
1789 719 2014 759 defatigemur,
2038 726 2067 749 et
2088 730 2150 749 nen

1195 761 1233 791 ab
1264 761 1367 791 officio
1398 761 1576 791 resiliamus
1606 769 1735 801 propter
1765 772 1872 791 corum
1899 762 2065 800 malitiam,
2097 763 2149 801 qui

1195 808 1304 833 nostra
1345 803 1510 834 benefacta
1548 805 1674 843 ingrato
1712 805 1817 834 animo
1852 815 1915 834 uon
1951 805 2150 844 agnoverint,

1195 845 1449 885 quandoquidem
1497 846 1623 876 illorum
1669 847 1787 877 oblivio
1834 847 1938 877 Deum
1986 858 2149 886 uunquam

1194 889 1306 928 capiet.
1352 888 1474 919 Verum
1518 899 1580 918 non
1621 889 1734 919 leviter
1771 890 2005 928 praetereunda
2042 889 2150 921 Saulis

1194 930 1373 971 obstinatio,
1417 941 1513 970 quum
1556 930 1669 961 dicitur
1701 931 1803 970 factus
1846 932 1988 962 inimicus
2034 932 2150 963 Davidz·

1193 974 1307 1004 ermetis
1330 973 1452 1004 dicbus:
1477 984 1550 1004 nam
1575 984 1614 1003 ex
1638 984 1673 1004 eo
1697 980 1830 1014 apparet
1849 974 1933 1013 quod
1954 980 2027 1005 ante
2046 975 2148 1015 attigi,

1194 1026 1308 1056 nempe
1341 1026 1414 1046 eum
1446 1017 1500 1056 qui
1531 1016 1627 1047 semel
1660 1027 1792 1056 pravam
1825 1017 1908 1047 viam
1943 1017 2108 1056 ingressus
2131 1029 2150 1048 a

1193 1063 1279 1090 reeta
1317 1058 1457 1098 deflexit,
1492 1069 1657 1098 nunquam
1689 1070 1778 1098 posse
1816 1060 1931 1089 reverti
1961 1059 2000 1090 ad
2029 1060 2145 1090 bonam

1193 1102 1333 1141 frugem:
1365 1106 1396 1132 et
1426 1102 1552 1141 insigne
1583 1112 1651 1132 esse
1675 1101 1877 1142 miraculum,
1908 1113 2004 1141 quum
2035 1103 2150 1142 aliquis

1193 1150 1322 1184 peccata
1353 1154 1411 1175 sua
1442 1144 1617 1175 detestatus
1645 1144 1682 1174 ad
1715 1145 1819 1175 Deum
1848 1146 2054 1175 convertitur.
2106 1146 2148 1176 Et

1193 1197 1269 1217 sane
1293 1191 1383 1217 tanta
1406 1193 1453 1217 est
1477 1191 1658 1217 nostrorum
1679 1187 1851 1217 affectuum
1869 1188 1927 1225 vis,
1951 1192 1986 1217 ut
2005 1187 2096 1218 facile
2115 1188 2148 1218 in

1192 1230 1307 1260 vitium
1332 1230 1481 1267 feramur,
1510 1234 1541 1260 et
1564 1240 1627 1260 non
1658 1229 1726 1260 sine
1751 1230 1856 1260 labore
1881 1230 2032 1260 virtutem
2058 1241 2147 1261 exer-

1192 1282 1329 1309 ceamus,
1361 1272 1416 1303 sed
1446 1278 1558 1303 eontra
1588 1272 1638 1302 vel
1670 1272 1802 1302 minimo
1826 1272 1937 1311 quovis
1961 1273 2085 1303 obiecto
2109 1273 2148 1303 ad

1192 1315 1311 1345 malum
1335 1315 1537 1346 abducamur.
1584 1314 1691 1353 Quare
1716 1314 1821 1345 Deum
1846 1325 2012 1354 precemur
2035 1322 2068 1345 ut
2092 1327 2148 1347 nos

1192 1363 1303 1388 sancto
1327 1368 1384 1388 suo
1408 1358 1522 1396 spiritu
1546 1364 1645 1397 regat,
1669 1368 1686 1388 a
1710 1358 1799 1388 cuius
1823 1358 1925 1397 gratia
1949 1358 2047 1388 estin
2068 1358 2148 1389 bono

1192 1400 1441 1440 perseverantia.
1482 1400 1563 1430 Nam
1588 1401 1680 1431 sicuti
1705 1399 1833 1431 Saulem
1859 1401 1890 1430 in
1914 1400 1997 1430 malo
2021 1401 2150 1440 propria

1193 1443 1316 1473 malitia
1340 1443 1534 1482 perstitisse,
1559 1443 1604 1474 sic
1627 1450 1738 1474 contra
1763 1442 1922 1473 Davidem
1947 1442 2006 1473 Dei
2031 1443 2147 1483 spiritu

1192 1486 1226 1516 in
1267 1486 1350 1516 bono
1386 1496 1609 1525 perseverasse
1650 1485 1874 1524 conspicimus,
1918 1491 1949 1515 et
1983 1496 2147 1525 nunquam

1192 1528 1289 1559 fuisse
1312 1528 1540 1559 benefaciendo
1571 1529 1746 1569 fatigatum.
1792 1527 1915 1558 Idcirco
1939 1528 2061 1559 Paulus
2089 1540 2147 1560 nos

1192 1571 1351 1612 hortatur,
1371 1582 1411 1601 ne
1430 1576 1557 1611 propter
1579 1571 1744 1601 hominum
1760 1571 1913 1601 malitiam
1927 1570 2147 1610 indignemur:

1192 1619 1223 1644 et
1254 1614 1327 1645 licet
1355 1614 1376 1644 ii
1406 1624 1485 1654 quos
1507 1614 1595 1645 omni
1624 1613 1777 1644 beneficio
1801 1619 1831 1643 et.
1858 1613 1963 1644 studio
1986 1613 2147 1645 devincire

1194 1656 1282 1687 nobis
1305 1656 1531 1693 studuerimus,
1563 1656 1655 1696 parvi
1679 1656 1796 1686 faciant
1819 1661 1964 1686 nostrum
1994 1656 2146 1693 studium,

1191 1704 1222 1730 et
1251 1699 1418 1730 videamur
1446 1709 1574 1739 operam
1604 1699 1717 1729 lusisse
1740 1698 1815 1737 ipsis
1839 1698 2074 1736 benefaciendo,
2107 1710 2147 1730 ne

1190 1747 1360 1782 propterea
1383 1747 1490 1773 tamen
1516 1742 1554 1772 ab
1577 1742 1679 1773 officio
1702 1741 1896 1772 recedamus.
1934 1740 1981 1772 Ac
2004 1741 2030 1771 si
2054 1748 2147 1772 natu—

1190 1795 1245 1815 rae
1268 1784 1519 1816 imbecillitatem
1544 1785 1622 1815 vitio
1635 1788 1741 1814 nostro
1765 1783 1900 1823 tegendo
1919 1785 2146 1823 praeteximus,

1190 1827 1353 1859 Davidem
1383 1827 1577 1865 intueamur,
1606 1837 1698 1866 quem
1731 1826 1840 1857 eadem
1870 1837 1932 1865 qua
1963 1837 2020 1857 nos
2050 1837 2146 1858 carne

1191 1875 1222 1901 et
1251 1870 1376 1901 ossibus
1406 1871 1578 1902 conflatum
1609 1870 1696 1900 Deus
1725 1873 1831 1900 tamen
1862 1868 1987 1899 viribus
2016 1868 2147 1900 donavit

1191 1913 1307 1953 quibus
1327 1913 1382 1944 tali
1402 1913 1568 1943 tentationi
1588 1912 1761 1948 resisteret,
1785 1921 1904 1951 suoque
1923 1911 2012 1942 illum
2032 1912 2146 1952 spiritu

1190 1955 1340 1996 replevit.
1385 1955 1494 1994 Quare
1524 1965 1621 1995 quum
1653 1960 1743 1985 tanta
1769 1954 1810 1985 sit
1840 1960 1950 1984 nostra
1973 1954 2145 1985 infirmitas

1191 2004 1228 2029 ut
1252 1999 1301 2030 vel
1326 1998 1461 2029 minima
1492 2009 1525 2028 re
1556 1998 1594 2028 ab
1624 1998 1725 2028 officio
1752 2002 1943 2033 avertamur,
1975 1996 2014 2027 ad
2037 1997 2145 2028 Deum

1190 2041 1297 2081 ipsum
1332 2041 1564 2081 confugiamus,
1599 2040 1768 2079 ipsumque
1796 2049 1974 2078 precemur,
2008 2045 2043 2070 ut
2071 2040 2146 2071 licet

1190 2084 1357 2115 hominum
1376 2084 1498 2115 malitia
1516 2093 1574 2113 nos
1593 2083 1631 2112 ab
1650 2083 1753 2112 officio
1770 2081 1938 2118 deterreat,
1958 2082 2025 2121 ipse
2037 2087 2145 2113 tamen

1190 2138 1248 2158 sua
1271 2136 1369 2157 manu
1392 2131 1490 2166 regat,
1520 2130 1552 2156 et
1574 2126 1606 2155 in
1637 2125 1738 2156 officio
1761 2125 1907 2163 retineat,
1938 2134 1956 2154 a
1978 2135 2039 2164 quo
2062 2136 2144 2156 nun-

1191 2179 1287 2209 quam
1311 2169 1540 2200 dimoveamur.

1276 2211 1436 2251 Deinceps
1469 2211 1628 2250 sequitur:
1660 2209 1774 2240 Michol
1793 2209 1893 2248 filiam
1918 2208 2024 2240 Saulis
2047 2209 2145 2241 Daci-

1190 2255 1258 2286 dem
1284 2255 1476 2285 redamasse:
1506 2256 1531 2284 et
1556 2252 1795 2284 Plzilistaeorum
1810 2252 1973 2290 primipes
2001 2263 2146 2294 egressos,

1191 2308 1210 2328 α
1234 2297 1392 2337 principio
1420 2299 1519 2327 autem
1553 2295 1735 2335 eyressionis
1764 2304 1865 2325 eorum
1894 2295 2083 2334 prudentius
2115 2307 2147 2328 se

1188 2341 1319 2380 gessisse
1340 2340 1492 2371 Davidem
1521 2348 1612 2377 quam
1642 2347 1743 2368 omnes
1765 2347 1869 2368 servos
1892 2336 2010 2376 Saulis,
2040 2338 2072 2368 id
2098 2345 2147 2370 est

1190 2382 1385 2414 Philistaeos
1413 2381 1451 2412 ad
1476 2382 1590 2412 bellum
1620 2390 1763 2420 egressos
1786 2390 1880 2419 saepe
1903 2380 2146 2413 velitationibus

1190 2425 1300 2456 multis
1334 2425 1514 2455 exercuisse
1546 2423 1718 2459 Israelitas‚
1760 2421 1814 2453 sed
1851 2421 2010 2454 Davidem
2045 2424 2146 2456 fuisse

1191 2470 1292 2498 instar
1316 2466 1556 2507 propugnaculi,
1587 2471 1618 2496 et
1646 2475 1722 2505 prae
1745 2465 1893 2496 omnibus
1912 2466 2015 2497 servis
2038 2466 2147 2498 Saulis

1191 2522 1224 2542 se
1248 2511 1374 2541 fortiter
1396 2510 1540 2550 gessisse.
1565 2508 1614 2539 De
1633 2507 1792 2538 Micholae
1815 2518 1923 2539 amore
1942 2509 2146 2540 sentiendum

1192 2558 1249 2593 est,
1280 2553 1384 2584 Deum
1415 2553 1458 2582 ita
1488 2561 1578 2582 suam
1607 2560 1682 2590 erga
1704 2549 1864 2581 Davidem
1888 2550 2146 2583 benevolentiam

1191 2599 1345 2627 testatum
1369 2605 1437 2626 esse
1467 2593 1633 2624 conciliata
1663 2593 1707 2624 illi
1737 2602 1846 2630 uxore,
1877 2599 1912 2624 ut
1941 2595 2043 2634 magis
2067 2594 2145 2626 Saul

1192 2643 1339 2670 ureretur
1361 2641 1532 2677 conspecta
1554 2641 1668 2667 mutua
1691 2635 1862 2676 coniugum
1886 2636 2035 2668 amicitia.
2081 2638 2145 2668 Ve-
