2551 3044
389 226 450 259 547
1225 226 1428 259 HOMILIA
1451 226 1523 257 XC.
2316 227 2378 261 548

394 322 481 354 lieris
513 321 625 357 fuisse,
657 327 688 351 et
719 330 796 351 suos
826 320 945 352 limites
976 321 1105 361 Abigail
1137 330 1267 361 egressa
1298 320 1361 352 dici
1388 358 1389 362 Ἰ

394 373 488 404 posse
512 362 650 393 videtur.
675 362 741 393 Sed
762 363 936 394 necessitas
959 363 1140 399 Abigailem
1163 370 1306 400 excusat,
1330 369 1363 394 et

394 406 482 438 omni
506 405 600 445 culpa
625 405 739 436 liberat
768 405 1030 445 quandoquidem
1060 406 1212 437 maritum
1242 406 1362 445 alloqui

394 459 459 480 nou
490 448 604 489 potuit,
631 458 733 487 neque
757 448 796 479 de
819 449 949 488 negotio
970 450 1032 480 isto
1055 449 1222 480 certiorem
1247 450 1361 486 facere,

394 492 472 532 quin
505 491 668 522 hominem
695 491 800 530 magis
831 491 984 528 irritaret,
1017 498 1047 522 et
1071 502 1201 531 operam
1226 491 1361 531 luderet,

394 577 526 617 quidem
557 576 633 616 quid
663 587 681 606 a
712 586 745 606 se
771 585 899 616 gestum
928 584 1013 608 esset
1043 588 1204 616 exponere
1233 586 1362 616 propter

394 620 582 651 ebrietatem
607 629 642 649 ee
668 619 718 649 die
743 620 858 650 marito
882 621 1034 659 potuerit.
1067 619 1176 658 Quare
1199 630 1298 659 quum
1323 619 1361 649 ad

396 662 576 693 naturalem
613 662 833 700 stupiditatem
876 663 972 692 etiam
1013 663 1153 694 ebrietas
1187 661 1361 699 accederet,

394 715 525 746 operam
559 704 689 744 Abigail
725 704 854 735 lusisset
888 705 914 735 si
946 705 1109 736 hominem
1141 706 1389 744 compellasset¹

395 758 434 779 co
458 755 613 787 tempore,
637 757 734 786 quam
760 748 856 778 etiam
877 748 916 779 ob
939 758 1069 779 causam
1091 748 1245 779 abstinuit
1264 758 1300 777 co
1313 747 1363 778 dic

395 790 553 830 colloquio
573 790 682 830 ipsius.
706 790 758 820 Ex
776 790 893 829 quibus
909 790 1070 822 discamus
1082 790 1188 822 Deum
1210 790 1362 830 peculiari

395 833 533 874 quodam
565 841 653 863 motu
685 842 759 863 suos
789 843 911 873 regere,
942 833 1020 864 adeo
1051 841 1087 864 ut
1117 834 1219 864 multa
1243 833 1306 864 illis
1329 833 1362 863 iu

396 875 532 916 privatis
573 875 767 915 quibusdam
804 876 894 906 factis
928 885 1016 908 certo
1050 883 1196 916 respectu
1236 876 1362 911 liceant,

396 929 479 959 quae
503 918 644 956 alioquin
664 918 734 948 iure
754 929 818 949 nou
838 920 1113 958 permitterentur.
1138 919 1221 950 Nam
1242 919 1267 949 si
1282 918 1362 957 quis,

398 960 539 1001 exempli
575 961 694 1001 gratia,
738 960 884 992 traheret
917 962 949 992 in
985 961 1171 1001 exemplum
1205 960 1364 1001 Abigailis

397 1004 535 1044 speciale
554 1002 640 1035 istud
660 1004 791 1043 sactum,
815 1010 852 1034 ut
870 1004 1037 1044 quibusvis
1061 1004 1251 1035 mulieribus
1272 1003 1361 1043 quid-

397 1048 444 1078 vis
459 1046 497 1078 de
510 1048 700 1077 maritorum
717 1046 807 1077 bonis
820 1047 948 1078 auferre
968 1047 1085 1085 liceret,
1109 1053 1172 1078 toto
1185 1057 1262 1078 saue
1275 1046 1362 1077 coelo

397 1089 576 1126 aberraret,
608 1096 641 1120 et
670 1100 687 1119 a
719 1089 845 1120 ratione
875 1090 1048 1121 recederet.
1095 1089 1362 1128 Quandoquidem

398 1133 484 1164 enim
509 1133 645 1163 maritus
668 1138 716 1163 est
740 1133 850 1163 uxoris
873 1140 979 1172 caput,
998 1132 1126 1163 mulieri
1149 1143 1210 1163 non
1237 1131 1360 1163 licetad

398 1175 563 1206 libidinem
589 1185 678 1206 suam
706 1175 814 1205 mariti
839 1175 921 1206 bona
946 1182 1092 1208 tractare,
1123 1183 1154 1206 et
1177 1174 1362 1214 dilapidare,

398 1218 482 1259 quod
502 1229 585 1248 uxor
607 1217 661 1249 sit.
703 1217 787 1248 Nam
819 1218 957 1257 speciale
981 1225 1028 1249 est
1051 1218 1210 1257 Abigailis
1235 1220 1362 1255 factum,

397 1271 493 1300 quam
518 1260 694 1292 necessitas
716 1260 821 1300 coegit
845 1266 1009 1292 maturare
1028 1272 1100 1292 cum
1121 1260 1306 1291 muneribus
1330 1261 1361 1290 in

397 1303 537 1335 Davidis
560 1312 739 1339 occursum,
763 1310 795 1333 et·
818 1313 916 1343 quam
936 1303 999 1334 Dei
1018 1305 1150 1343 spiritus
1170 1304 1202 1333 in
1227 1314 1262 1333 eo
1281 1304 1362 1333 facto

397 1347 549 1386 privatim
579 1346 676 1377 etiam
709 1345 838 1376 direxit.
880 1345 1100 1385 Quamobrem
1129 1347 1159 1376 in
1185 1345 1362 1376 extraordi-

397 1389 499 1420 nariis
522 1389 594 1420 istis
617 1388 711 1420 factis
734 1387 898 1420 discamus
918 1400 936 1420 a
956 1389 1025 1420 Deo
1048 1390 1233 1429 impetrare,
1257 1395 1362 1419 lituos

397 1437 508 1463 sancto
532 1441 590 1462 suo
615 1430 732 1470 spiritu
757 1438 858 1471 regat,
889 1431 1015 1471 etquid
1039 1432 1121 1463 facto
1144 1432 1186 1463 sit
1207 1442 1285 1471 opus
1309 1430 1363 1461 do-

396 1482 476 1506 ceat.
501 1474 585 1505 Nam
609 1474 670 1504 etsi
684 1473 746 1504 Dei
767 1473 969 1505 voluntatem
988 1474 1021 1505 in
1045 1485 1163 1514 genere
1186 1485 1250 1505 non
1270 1475 1361 1514 igno-

396 1527 514 1555 remus,
546 1516 704 1556 quaedam
731 1521 841 1547 tamen
871 1517 904 1547 in
936 1517 1115 1548 istiusmodi
1140 1517 1231 1548 factis
1253 1523 1363 1548 extra-

396 1559 571 1591 ordinariis
595 1559 744 1590 incidunt
767 1558 989 1599 difficultates,
1020 1560 1051 1590 in
1077 1559 1194 1600 quibus
1216 1559 1364 1599 specialis

395 1603 499 1643 ipsius
522 1603 556 1633 in
588 1601 679 1633 nobis
703 1601 854 1641 regendis
876 1603 983 1643 gratia
1011 1603 1197 1642 requiritur,
1229 1608 1265 1633 ut
1287 1602 1362 1642 quid

396 1646 480 1677 facto
515 1645 558 1676 sit
587 1655 667 1684 opus
697 1644 764 1684 ipse
796 1644 889 1676 nobis
920 1654 1084 1686 suggerat,
1115 1655 1276 1685 manuque
1305 1656 1363 1676 sua

396 1693 498 1729 regat.
521 1688 565 1718 Et
588 1687 722 1718 minime
741 1685 875 1718 dubium
897 1695 945 1719 est
965 1688 1043 1728 quin
1056 1688 1148 1719 Deus
1166 1699 1225 1719 suo
1249 1689 1363 1727 spiritu

397 1731 550 1762 feminam
577 1729 661 1761 hanc
681 1729 856 1761 direxerit:
879 1740 976 1770 quam
1000 1731 1059 1762 etsi
1083 1741 1181 1770 supra
1204 1731 1327 1762 laudari
1347 1741 1365 1761 a

396 1772 555 1813 singulari
584 1771 760 1812 prudentia
789 1778 820 1803 et
848 1774 998 1804 comitate
1026 1773 1226 1811 audivimus,
1257 1780 1363 1805 tamen

396 1816 565 1847 mulierem
586 1815 685 1846 fuisse
703 1825 770 1846 non
790 1815 986 1855 ignoramus,
1006 1826 1043 1848 ac
1062 1817 1197 1856 proinde
1210 1817 1240 1847 in
1254 1817 1365 1847 multis

396 1860 540 1899 potuisse
573 1857 654 1895 labi,
694 1858 756 1889 nisi
788 1858 880 1889 Deus
914 1859 1003 1890 illam
1038 1859 1196 1900 singulari
1225 1859 1363 1899 quodam

397 1901 531 1941 spiritus
555 1901 604 1932 sui
629 1906 718 1931 motu
750 1901 974 1941 gubernasset,
1005 1907 1037 1933 et
1059 1901 1134 1942 quid
1159 1913 1196 1933 eo
1220 1908 1364 1942 tempore

396 1944 574 1984 expediret,
599 1942 676 1984 quid
690 1943 770 1974 utile
784 1950 877 1981 esset,
901 1944 1131 1976 admonuisset.
1156 1944 1363 1984 Quandoqui-

396 1987 470 2019 dem
494 1987 597 2027 igitur
621 1986 700 2017 haec
724 1986 769 2017 ita
799 1997 834 2017 se
864 1986 994 2028 habent,
1022 1986 1194 2027 Deumque
1217 1987 1365 2019 videmus

394 2029 551 2071 peculiari
576 2029 715 2069 quodam
740 2030 895 2061 instinctu
919 2031 968 2061 sui
992 2031 1124 2070 spiritus
1148 2030 1232 2061 hanc
1250 2030 1364 2061 mulie-

393 2084 462 2104 rem
487 2073 622 2111 rexisse,
646 2071 808 2104 discamus
831 2082 905 2103 eum
929 2072 1117 2104 ardentibus
1141 2073 1223 2104 votis
1241 2084 1364 2113 rogare,

394 2121 432 2148 ut
454 2116 481 2147 si
505 2125 586 2156 quae
619 2115 793 2146 inciderint
824 2115 1040 2153 difficultates,
1070 2127 1110 2147 ex
1133 2115 1197 2147 illis
1228 2127 1286 2147 nos
1309 2126 1364 2146 ex-

395 2157 549 2199 pediendi
573 2158 735 2189 rationem
759 2157 888 2189 doceat:
914 2169 1017 2198 neque
1040 2169 1099 2190 nos
1122 2159 1161 2190 ab
1184 2158 1286 2198 ipsius
1310 2169 1363 2190 vo-

395 2202 522 2233 luntate
545 2201 596 2232 vel
622 2201 725 2232 latum
751 2211 895 2242 unguem
920 2201 1069 2233 recodere
1091 2202 1187 2239 sinat,
1210 2201 1264 2233 sed
1278 2201 1365 2232 intra

396 2245 612 2285 praescriptos
636 2243 728 2275 nobis
753 2243 874 2275 limites
897 2245 1071 2282 contineat,
1092 2250 1124 2276 et
1141 2244 1175 2275 in
1194 2244 1295 2284 ipsius
1310 2243 1364 2275 ob-

395 2287 506 2328 sequio
529 2286 657 2328 dirigat.

483 2330 644 2370 Deinceps
664 2330 812 2369 sequitur
824 2329 1009 2371 Abigailem
1033 2330 1209 2362 occurrisse
1232 2330 1364 2367 Davidi,

395 2378 428 2405 et
451 2373 647 2404 festinanter
669 2372 873 2404 descendisse
897 2373 936 2404 dc
960 2374 1060 2412 asino,
1084 2378 1117 2404 et
1139 2373 1363 2413 procedentem

395 2422 471 2447 ante
495 2415 656 2446 Davidem
686 2415 719 2445 in
748 2416 862 2447 faciem
887 2427 977 2447 suam
1002 2415 1224 2448 incurvavisse
1243 2426 1277 2447 se
1301 2422 1363 2446 ter-

394 2469 464 2490 ram
489 2469 619 2495 versus,
652 2464 684 2489 et
715 2469 748 2489 se
778 2458 819 2488 ad
849 2459 951 2498 ipsius
982 2459 1078 2499 pedes
1108 2459 1297 2499 proiecisse,
1329 2468 1364 2489 ac

395 2502 534 2541 primum
568 2510 699 2541 rogasse
729 2507 766 2531 ut
795 2502 826 2532 in
851 2512 885 2533 se
917 2502 1017 2542 ipsam
1042 2503 1137 2533 istam
1162 2501 1364 2541 iniquitatem

394 2543 552 2579 reiiceret,
577 2543 694 2574 deinde
715 2545 869 2575 maritum
885 2545 969 2584 apud
983 2545 1123 2576 eundem
1147 2543 1364 2575 insimulasse.

395 2586 483 2619 Sane
513 2586 552 2617 ad
584 2586 723 2617 Davidis
761 2587 906 2618 animum
942 2587 1127 2618 leniendum
1162 2586 1365 2628 agnoscenda

394 2634 463 2661 erat
487 2629 590 2668 culpa,
621 2634 653 2659 et
677 2629 880 2668 deprecanda
904 2631 1010 2661 venia.
1035 2629 1145 2669 Quare
1167 2629 1307 2670 Abigail,
1331 2629 1364 2660 in

393 2683 428 2704 se
450 2672 589 2712 primam
613 2672 699 2703 istud
725 2678 893 2712 peccatum
917 2673 1077 2704 admittit:
1102 2672 1216 2705 deinde
1228 2682 1363 2703 munera

1416 332 1475 352 sua
1498 321 1544 351 illi
1569 320 1672 357 otlffert
1704 326 1739 350 ut
1761 330 1794 351 re
1818 321 1886 360 ipsa
1911 320 2019 351 David
2050 322 2262 361 experiretur.
2293 323 2379 355 nolle

1416 365 1517 404 ipsam
1543 362 1649 393 verbis
1680 362 1841 394 homiuem
1872 363 2024 394 inanibus
2056 363 2176 401 ludere,
2207 364 2262 396 sed
2285 366 2378 398 sactis

1415 407 1512 438 etiam
1544 413 1672 445 gratum
1704 415 1799 436 suum
1830 407 1973 436 animum
2001 407 2192 446 patefacere.
2233 408 2377 440 Tandem

1416 450 1588 489 profitetur
1605 458 1639 479 se
1658 457 1831 488 agnoscere
1844 448 2003 479 Davidem
2023 449 2056 479 in
2079 450 2183 489 gratia
2204 460 2274 481 esse
2292 451 2377 491 apud

1388 530 1389 534 Ἰ
1417 492 1533 527 Deum,
1558 497 1587 521 et
1612 491 1645 521 in
1669 491 1760 531 regni
1784 491 2019 531 possessionem
2044 492 2173 523 tandem
2193 498 2378 532 venturum,

395 533 587 575 praesertim
613 533 709 574 genio
732 533 966 574 indulgentem.
998 535 1076 565 adeo
1107 541 1145 565 ut
1169 545 1208 565 ne
1232 545 1362 565 reversa
1388 549 1389 557 ι

1416 532 1673 581 quandoquidem
1688 532 1777 565 Deus
1801 535 1844 564 ita
1865 534 2024 565 decrevit:
2049 534 2186 582 denique
2205 535 2244 566 ad
2268 546 2378 576 preces

1414 577 1626 607 convertitur.
1661 575 1756 614 Quod
1780 583 1887 607 autem
1906 576 2036 617 Abigail
2057 577 2103 608 ita
2126 589 2160 609 se
2182 589 2289 610 coram
2311 578 2378 610 Da-

1415 619 1488 650 vide
1513 619 1649 655 demisit,
1681 618 1805 649 duabus
1824 618 1863 649 de
1886 620 1990 650 causis
2015 620 2133 651 factum
2158 629 2214 657 est,
2240 631 2378 661 quarum

1415 663 1501 702 prior
1532 668 1581 692 est
1611 661 1696 700 quod
1727 662 1886 692 Davidem
1917 673 1974 702 pro
2007 672 2081 702 rege
2112 665 2272 703 agnoscit,
2304 664 2379 695 licet

1415 704 1558 735 noudum
1589 704 1710 743 regiam
1746 704 1940 744 dignitatem
1977 712 2061 735 esset
2090 705 2241 745 adeptus:
2277 718 2378 747 neque

1415 748 1500 777 enim
1526 756 1596 777 erat
1627 747 1739 787 ignara
1770 747 1931 778 unctionis
1956 747 2041 778 illius
2065 755 2093 778 et
2118 748 2378 788 inauguratiouis

1415 800 1471 830 per
1502 789 1662 821 Samuelis
1686 790 1902 820 ministerium
1932 791 2048 821 factae:
2078 791 2285 830 quamobrem
2313 803 2378 823 non

1415 833 1545 863 erubuit
1568 832 1684 863 mulier
1707 832 1859 872 opulenta
1871 839 1902 863 et
1920 832 2035 873 opibus
2057 834 2284 866 circumfluens
2303 841 2378 866 ante

1415 875 1580 906 Davidem
1603 885 1673 906 sese
1697 875 1875 910 demittere,
1908 882 1976 906 tum
2008 875 2135 915 quidem
2167 876 2322 908 miserum
2347 883 2380 909 et

1415 928 1553 957 egenum
1576 925 1608 948 ct
1632 917 1814 958 profugum,
1837 918 1894 949 sed
1917 919 1968 950 cui
1994 925 2102 949 tamen
2126 919 2214 960 regia
2237 919 2379 961 dignitas

1416 960 1476 991 Dei
1502 960 1655 991 mandato
1680 960 1865 997 debebatur,
1895 967 1932 991 ut
1960 961 2028 1001 regi
2053 961 2198 993 debitum
2224 962 2378 994 honorem

1414 1003 1593 1034 exhiberet.
1629 1003 1742 1034 Altera
1765 1003 1848 1042 quod
1872 1004 2068 1034 existimavit
2093 1005 2200 1035 mariti
2223 1005 2378 1037 offensam

1415 1047 1489 1077 licet
1520 1057 1663 1086 gravem,
1693 1045 1752 1077 sibi
1784 1046 1953 1077 remissum
1985 1053 2017 1077 et
2046 1047 2296 1079 condemnatum
2327 1049 2378 1085 iri,

1414 1100 1510 1127 quam
1544 1090 1575 1119 iu
1608 1099 1657 1125 se,
1689 1098 1871 1128 quanquam
1904 1089 2051 1129 ignaram
2083 1091 2172 1125 facti,
2204 1097 2378 1130 receperim·

1415 1132 1481 1162 Nos
1506 1132 1580 1162 hinc
1603 1132 1763 1162 discamus
1783 1142 1847 1162 non
1868 1131 2057 1163 erubescere
2081 1133 2106 1163 si
2132 1144 2190 1164 nos
2208 1132 2298 1165 Deus
2321 1133 2380 1165 ali-

1415 1175 1543 1214 quando
1575 1174 1718 1206 deiiciat:
1753 1181 1784 1205 et
1815 1175 1956 1205 maxime
1987 1175 2040 1214 qui
2072 1183 2149 1206 sunt
2177 1175 2209 1206 in
2239 1176 2378 1216 aliquem

1415 1217 1585 1257 dignitatis
1607 1217 1744 1257 gradum
1770 1217 1884 1255 evecti,
1907 1218 2030 1257 quotics
2043 1217 2113 1249 Deo
2133 1218 2289 1258 placuerit
2307 1219 2380 1250 illos

1416 1260 1586 1300 explorare
1606 1266 1637 1290 et
1660 1261 1692 1290 in
1717 1270 1787 1291 eam
1811 1259 2028 1291 conditionem
2048 1260 2194 1301 redigere
2213 1268 2248 1292 ut
2270 1271 2377 1294 coram

1416 1302 1643 1334 abiectioribus
1667 1313 1736 1333 sese
1757 1302 1926 1333 demittere
1949 1310 2114 1343 cogantur,
2138 1303 2286 1336 discunto
2309 1305 2379 1336 Deo

1417 1345 1541 1386 placide
1564 1345 1798 1385 obtemperare,
1821 1353 1853 1376 et
1875 1345 2030 1377 adversus
2049 1346 2217 1378 stimulum
2238 1357 2302 1378 non
2315 1347 2380 1378 cal-

1416 1390 1550 1420 citrare:
1575 1388 1631 1419 sed
1654 1388 1761 1428 quieto
1784 1394 1816 1419 et
1839 1388 2016 1428 tranquillo
2039 1389 2156 1424 anime,
2180 1389 2265 1429 quod
2289 1390 2380 1421 Deus

1417 1431 1624 1471 imposuerit,
1654 1432 1754 1469 ferre,
1784 1431 2042 1471 quandoquidem
2075 1431 2170 1462 talem
2206 1433 2274 1464 eius
2308 1442 2379 1464 esse

1419 1474 1618 1505 voluntatem
1652 1480 1788 1511 norunt,

1416 1524 1525 1558 ponan

1501 1560 1547 1591 Et
1565 1559 1603 1591 de
1616 1559 1775 1600 Abigailis
1796 1559 1917 1591 virtute
1936 1560 2111 1591 hactenus:
2136 1559 2282 1600 sequitur
2294 1560 2383 1593 illius

1417 1603 1558 1634 effectus.
1604 1603 1747 1634 Tantum
1778 1603 1864 1634 enim
1895 1602 1980 1643 apud
2010 1602 2171 1634 Davidem
2203 1604 2316 1644 potuit,
2344 1608 2382 1634 ut

1417 1646 1558 1676 animum
1580 1646 1682 1686 ipsius
1705 1645 1849 1685 placarit,
1878 1652 1909 1676 et
1931 1645 2064 1676 Nabalis
2087 1646 2245 1676 offensam
2267 1645 2382 1677 oblite-

1417 1689 1507 1725 rarit,
1530 1699 1593 1728 qua
1616 1694 1810 1728 provocatus
1828 1688 1868 1719 ad
1891 1689 1973 1719 iram
1997 1689 2112 1720 suerat.
2137 1689 2220 1720 Nam
2239 1689 2299 1720 etsi
2311 1688 2380 1720 Da-

1418 1731 1471 1762 vid
1502 1732 1570 1772 ipse
1598 1731 1755 1763 Nabalem
1787 1742 1850 1762 non
1882 1737 2077 1768 accesserat,
2112 1737 2242 1772 propter
2272 1730 2382 1764 Saulis

1416 1782 1550 1812 metum,
1579 1786 1619 1805 ne
1651 1774 1800 1805 videlicet
1830 1774 1957 1817 Davide
1984 1774 2069 1805 inter
2099 1773 2248 1806 homines
2271 1780 2382 1815 aperte

1415 1824 1629 1848 conversante
1652 1817 1839 1849 iracundiae
1853 1817 1962 1848 Saulis
1985 1823 2095 1848 aestus
2115 1823 2380 1855 commoveretur,

1416 1861 1552 1891 nuncios
1582 1866 1690 1891 tamen
1725 1860 1765 1891 ad
1794 1859 1901 1900 ipsum
1931 1859 2080 1895 miserat,
2117 1870 2197 1900 quos
2228 1866 2380 1900 tanquam

1416 1914 1507 1934 suam
1536 1903 1639 1943 ipsius
1669 1913 1839 1943 personam
1868 1913 1886 1933 a
1909 1902 2031 1933 Nabale
2061 1901 2269 1943 excipiendos
2296 1902 2381 1934 arbi-

1417 1946 1573 1984 trabatur,
1603 1956 1676 1976 cum
1701 1945 1862 1976 mandatis
1882 1945 1929 1976 uti
1955 1945 2132 1976 salutatum
2155 1946 2262 1986 ipsum
2285 1945 2381 1977 bene-

1417 1988 1570 2020 dicerent.
1614 1988 1717 2019 Porro
1748 1988 1935 2020 Bencdicere
1969 1987 2049 2018 illud
2080 1987 2165 2019 nihil
2194 1987 2280 2019 aliud
2309 1987 2381 2026 fuit,

1417 2042 1512 2071 quam
1526 2031 1633 2062 Deum
1651 2031 1776 2071 precari
1800 2042 1857 2071 pro
1868 2029 2004 2062 Nabalis
2026 2030 2190 2063 felicitate.
2215 2030 2280 2063 Sed
2292 2029 2381 2062 istud

1416 2084 1511 2105 omne
1539 2073 1644 2105 Nabal
1675 2074 1838 2112 reiiciens,
1876 2074 1973 2105 etiam
2002 2073 2243 2105 contumeliosis
2274 2073 2382 2106 verbis

1417 2117 1547 2148 nuntios
1570 2117 1642 2148 illos
1665 2127 1846 2157 aggressus,
1871 2122 1902 2148 et
1914 2116 2074 2147 Davidem
2098 2116 2209 2147 multis
2231 2115 2381 2148 convitiis

1416 2170 1556 2190 onerans
1578 2170 1597 2190 a
1619 2170 1654 2191 se
1677 2160 1804 2200 repulit.
1850 2159 2071 2198 Quamobrem
2097 2158 2277 2199 Abigailem
2297 2157 2382 2190 hane

1417 2203 1544 2242 culpam
1579 2203 1747 2243 oportebat
1785 2203 1946 2234 contrario
1987 2201 2128 2232 remedio
2163 2211 2382 2241 compensare,

1416 2245 1549 2284 ideoque
1573 2252 1639 2276 tam
1663 2246 1816 2276 modestis
1835 2251 1867 2276 et
1891 2243 2066 2276 humilibus
2085 2244 2192 2276 verbis
2211 2244 2300 2276 illam
2313 2244 2380 2276 Da-

1416 2287 1522 2319 videm
1546 2288 1699 2319 affantem
1722 2288 1915 2325 audivimus,
1948 2295 1981 2318 et
2003 2287 2112 2318 mariti
2142 2286 2270 2327 culpam
2292 2287 2326 2318 in
2343 2296 2379 2318 se

1417 2331 1519 2370 ipsam
1543 2330 1781 2362 admittentem.
1826 2330 1939 2370 Neque
1962 2340 2038 2361 vero
2061 2329 2215 2361 simulate
2237 2329 2270 2361 id
2293 2329 2380 2369 facit,

1417 2373 1476 2404 etsi
1501 2372 1598 2412 addit,
1622 2385 1655 2404 se
1678 2374 1845 2414 ignorasse
1867 2373 1982 2404 missos
1999 2383 2017 2404 a
2030 2372 2156 2404 Davidc
2169 2372 2209 2404 ad
2228 2373 2380 2404 maritum

1417 2416 1558 2455 nuntios,
1581 2426 1618 2447 ac
1641 2416 1775 2456 proinde
1788 2427 1822 2448 se
1841 2416 1915 2447 sacti
1934 2415 2027 2447 istius
2039 2415 2181 2446 accusari
2201 2426 2264 2446 non
2277 2424 2379 2456 posse,

1417 2464 1452 2489 ut
1476 2458 1618 2498 plerique
1641 2459 1772 2490 mentiri
1791 2459 1906 2497 solent,
1930 2463 1966 2489 ut
1983 2458 2061 2490 alios
2073 2457 2208 2489 crimine
2233 2458 2379 2489 liberent.

1416 2500 1488 2531 Non
1513 2502 1557 2532 sic
1580 2501 1725 2542 Abigail:
1757 2502 1812 2533 sed
1842 2512 1941 2541 quum
1964 2500 2124 2532 Davidem
2155 2506 2256 2542 rogat,
2285 2506 2321 2532 ut
2343 2500 2376 2531 in

1417 2554 1450 2574 se
1473 2544 1575 2583 ipsam
1600 2545 1802 2584 iniquitatem
1815 2544 1903 2575 illam
1918 2544 2075 2581 couiiciat,
2098 2553 2132 2574 se
2154 2543 2257 2583 ipsam
2280 2553 2377 2583 spon-

1416 2596 1521 2617 sorem
1546 2597 1601 2625 pro
1621 2589 1734 2618 marito
1753 2593 1785 2618 et
1798 2593 1864 2618 tota
1882 2587 2003 2618 familia
2017 2585 2135 2618 Davidi
2155 2586 2257 2617 offert.
2281 2585 2379 2626 Quod

1417 2635 1524 2660 autem
1548 2629 1775 2669 impunitatem
1799 2636 1917 2670 sperat,
1939 2628 2076 2660 Davidis
2100 2628 2294 2660 humanitati
2320 2628 2378 2659 tri-

1417 2672 1495 2709 buit,
1526 2671 1658 2712 ideoque
1682 2673 1855 2705 admissam
1878 2672 2083 2712 iniquitatem
2107 2681 2126 2702 a
2148 2672 2264 2703 marito
2286 2671 2320 2703 in
2343 2680 2379 2702 se

1823 1481 1858 1505 ut
1891 1474 1931 1505 ad
1963 1474 2180 1505 humilitatem
2210 1485 2263 1507 eos
2293 1485 2379 1507 com-

2523 659 2547 797 andzssffi
2533 573 2548 651 ’sax
