2551 3044
368 218 429 249 183

371 311 502 353 quidem
522 311 736 351 inauguratus
750 309 856 342 David
871 320 888 340 a
901 310 1063 347 Samuele,
1083 313 1216 340 venerat
1234 308 1331 340 etiam

373 357 407 386 iu
431 354 537 385 aulam
560 353 692 394 regiam,
721 353 775 384 sed
799 353 838 384 ad
869 353 955 394 quid,
983 351 1134 384 obsecro?
1166 356 1201 382 ut
1230 351 1331 382 citha-

371 398 483 428 ristam
515 402 597 435 wat.
645 394 727 434 Quis
759 406 836 436 ergo
858 407 920 426 non
945 395 1072 431 dixerit,
1101 394 1329 425 alienissimum

371 440 410 470 ab
435 440 489 470 illa
512 438 667 479 dignitate
681 437 851 474 Davidem,
877 445 907 469 et
928 438 1049 469 nullam
1069 447 1222 477 apparere
1241 446 1329 476 spem
1356 447 1357 452 ¹

371 488 427 513 aut
479 481 637 512 rationem
690 463 871 521 implendie
915 480 1043 512 divinae
1085 478 1329 520 promissionis?

372 525 496 556 Verum
529 524 617 555 Deus
644 523 689 553 ita
718 523 876 554 Davidem
903 533 959 564 per
994 523 1138 562 obliquas
1174 522 1242 553 vias
1277 521 1328 552 de-

372 567 475 601 duxit.
507 573 543 597 ut
573 572 680 596 tamen
711 576 804 596 suum
827 576 906 605 opus
930 566 1105 606 perfecerit.
1151 564 1329 596 Consilium

372 611 480 650 itaquo
505 609 636 640 Domini
668 608 728 639 fuit
751 619 806 648 por
829 609 899 640 illas
921 609 1070 648 ambages
1095 607 1251 638 Davidem
1276 607 1328 638 de-

374 652 505 689 ducere,
540 659 571 682 et
606 651 644 681 ad
680 652 868 690 promissam
900 652 1020 691 regiam
1052 650 1240 690 dignitatem
1271 659 1329 680 suo

374 700 517 734 temporo
547 704 742 733 promovere.
796 693 889 725 Hanc
919 695 958 724 ob
988 703 1115 724 causam
1149 693 1251 732 ipsius
1285 692 1327 722 ci-

375 737 487 768 tharae
520 737 582 766 vini
614 736 774 775 quandam
804 735 930 772 indidit,
959 743 993 767 ut
1024 747 1063 767 ex
1094 746 1128 766 ea
1153 734 1233 767 Saul
1256 735 1328 765 refi—
1354 738 1355 741 ’

373 787 507 813 cert-tur.
528 778 732 817 solamenque
751 778 826 809 mali
846 779 1008 818 reciperet,
1027 786 1059 809 et
1077 779 1206 818 spiritus
1225 777 1328 808 malus

374 833 447 853 eum
477 822 624 861 affligens
654 821 782 852 sedatus
810 821 859 852 sit.
905 823 1011 862 Atque
1042 822 1102 852 ista
1126 821 1216 851 nobis
1239 820 1326 851 suffi-

374 865 490 900 ciunto,
522 873 557 894 ut
585 864 727 894 curiosas
756 863 873 895 multas
902 865 1102 903 quaestiones
1131 863 1244 894 missas
1277 863 1327 893 hic

375 907 545 945 faciamus,
576 906 607 936 in
641 906 756 945 quibus
780 906 955 938 enodandis
984 917 1052 937 sese
1083 906 1173 936 multi
1203 905 1326 945 profani

375 950 522 980 homiues
546 948 753 980 veliementer
776 955 934 985 exercent,
959 950 1121 980 musicane
1144 955 1175 979 et
1199 949 1326 979 harmo-

375 993 437 1023 nici
467 1000 640 1022 concentus
674 992 737 1022 vim
769 991 907 1022 habeant
930 992 1055 1022 morbos
1078 990 1266 1031 depellendi,
1296 995 1327 1021 et

374 1034 518 1066 Satanae
541 1034 715 1064 insultibus
734 1033 919 1065 resistendi:
943 1034 1024 1074 quod
1045 1045 1106 1064 non
1128 1034 1327 1074 perpendant

375 1077 422 1108 illi
446 1087 527 1116 quae
548 1077 696 1116 superius
719 1087 737 1107 a
760 1087 811 1107 mc
834 1076 918 1107 dicta
941 1083 1024 1113 sunt,
1050 1076 1184 1108 Davidis
1203 1076 1327 1107 cithara

374 1119 502 1160 quidem
533 1120 628 1150 fuisse
652 1118 783 1150 Saulem
814 1124 1002 1155 recreatum,
1034 1119 1088 1150 sed
1112 1119 1252 1150 Domino
1281 1119 1327 1149 fa-

375 1163 487 1198 ciente,
511 1167 542 1193 et
567 1162 630 1192 vim
652 1162 739 1192 illam
763 1162 851 1193 intus
874 1162 1059 1202 inspirante.

462 1204 553 1244 Quae
582 1213 760 1243 sequuntur
790 1204 937 1244 deinceps
971 1205 1193 1235 observatione
1231 1203 1327 1243 digna

375 1252 465 1278 sunt:
491 1247 582 1278 Misit
602 1256 674 1286 erqo
689 1246 768 1278 Saul
789 1247 915 1278 nuncios
935 1247 977 1278 ad
1000 1247 1075 1283 Isa'i,
1099 1248 1215 1279 dicens:
1238 1246 1329 1277 Mitte

373 1290 417 1322 ad
439 1300 485 1320 me
498 1289 604 1320 David
623 1290 725 1328 silium
747 1292 841 1325 tuum,
866 1290 919 1328 qm·
942 1292 986 1320 est
1006 1291 1037 1320 in
1051 1291 1187 1329 pascuis.
1220 1288 1328 1328 Quare

376 1333 428 1364 hic
454 1342 641 1372 pascuorum
663 1333 858 1363 mentionem
883 1332 1071 1363 nominatim
1088 1331 1212 1363 iniicit?
1243 1332 1329 1363 Sane

376 1385 442 1406 nou
457 1381 505 1406 est
517 1374 647 1405 dubium
661 1375 736 1414 quin
750 1374 886 1405 aulicam
900 1375 1081 1406 iactantiam
1096 1375 1156 1406 ista
1169 1375 1266 1405 verba
1279 1385 1328 1405 sa-

374 1418 483 1458 piant:
518 1423 552 1448 ut
586 1417 690 1448 solent
720 1427 810 1458 reges
841 1423 873 1448 et
902 1418 1060 1458 principes
1090 1428 1148 1448 sua
1178 1418 1329 1449 beneficia

375 1460 584 1492 vehementer
614 1459 759 1491 laudare:
790 1465 821 1491 et
844 1460 871 1491 si
895 1470 988 1500 quem
1012 1461 1044 1491 in
1069 1460 1258 1491 famulitium
1283 1471 1330 1491 re-

375 1503 507 1543 cipiant,
536 1513 575 1533 ex
599 1513 660 1542 quo
685 1508 792 1533 tamen
813 1502 867 1533 ille
891 1502 972 1533 nihil
994 1503 1144 1534 utilitatis
1167 1503 1329 1543 percipiat,

375 1545 521 1577 beneficii
545 1551 649 1576 tamen
675 1545 742 1576 loco
767 1544 880 1576 volunt
903 1545 1023 1583 haberi,
1053 1551 1085 1576 et
1107 1545 1180 1576 inde
1203 1545 1329 1576 laudem

376 1589 471 1619 etiam
505 1594 674 1619 venantur.
728 1587 834 1627 Saepe
865 1587 1003 1627 quidem,
1033 1588 1144 1625 fateor,
1175 1598 1330 1628 pauperes

376 1636 409 1662 et
430 1641 548 1672 egenos
571 1631 610 1661 ad
634 1630 806 1670 dignitates
829 1629 980 1667 evehunt,
1011 1637 1048 1662 ut
1077 1641 1185 1662 eorum
1216 1631 1328 1662 libera-

376 1673 452 1705 litas
475 1680 506 1704 et
528 1674 749 1704 munificentia
771 1673 986 1713 praedicetur:
1011 1673 1065 1705 sed
1089 1684 1185 1713 quum
1209 1674 1331 1706 nobiles

378 1717 462 1747 viros
494 1716 660 1754 advocant,
690 1726 826 1756 quorum
850 1715 1064 1756 amplissimae
1088 1721 1163 1747 sunt
1185 1727 1269 1756 opes,
1299 1721 1331 1748 et

377 1759 489 1797 magni
519 1759 648 1796 reditus,
681 1763 718 1789 ut
745 1758 886 1798 quietam
910 1762 942 1789 et
964 1758 1083 1789 lautam
1107 1759 1205 1789 vitam
1229 1760 1262 1789 in
1286 1760 1330 1790 sa-

378 1801 476 1833 miliis
505 1811 600 1841 agere
630 1802 760 1841 possint,
791 1811 897 1832 nonne
927 1811 1001 1840 opes
1029 1807 1060 1832 et
1090 1802 1254 1833 facultates
1277 1813 1331 1833 ex-

379 1844 550 1880 hauriunt,
579 1850 611 1875 et
639 1843 748 1875 multis
779 1843 991 1875 incommodis
1020 1843 1194 1876 obiiciunt?
1248 1845 1328 1876 Nam

379 1887 501 1927 quoties
515 1888 568 1927 qui
588 1886 761 1918 mollibus
754 1897 786 1917 in
806 1886 915 1918 stratis
935 1890 1083 1926 poterant
1101 1887 1184 1917 domi
1206 1888 1330 1925 cubare,

379 1937 539 1971 coguntm
570 1929 618 1960 vel
649 1929 706 1960 sub
737 1929 806 1967 dio,
843 1928 893 1960 vel
923 1928 1012 1960 humi
1043 1928 1181 1969 duriter,
1216 1931 1265 1961 vol
1297 1932 1330 1961 in

381 1973 536 2003 stramine
549 1973 661 2011 iacere,
681 1972 804 2012 quoties
825 1970 951 2011 regibus
971 1978 1074 2003 terras
1093 1982 1166 2003 suas
1185 1972 1330 2010 lustrare,

381 2019 414 2046 et
443 2014 621 2063 triumpbos
651 2025 724 2046 suos
755 2015 856 2045 facere
887 2014 1035 2045 videtur?
1087 2014 1131 2045 Et
1161 2025 1241 2055 quae
1271 1998 1331 2046 ali-i

379 2059 597 2098 compensatio
616 2057 759 2088 laborum
779 2062 810 2087 et
828 2063 1024 2097 sumptuum,
1048 2057 1108 2088 nisi
1128 2058 1330 2097 exprobratio

378 2099 543 2132 socordiae
573 2106 605 2131 ct
633 2100 773 2131 desidiae
803 2099 835 2130 in
866 2110 929 2139 qua
951 2099 978 2131 si
1001 2100 1033 2130 in
1057 2099 1204 2131 domibus
1227 2107 1331 2131 essent

379 2144 481 2175 vitam
505 2142 658 2183 agerent?
697 2143 740 2174 Et
762 2148 870 2173 tamen
894 2142 1003 2173 miseri
1025 2142 1071 2173 illi
1094 2143 1239 2174 homines
1262 2144 1330 2175 istis

379 2186 486 2217 verbis
506 2185 713 2216 deliniuntur.
749 2184 870 2215 Eadem
891 2195 967 2225 crgo
987 2185 1038 2216 hie
1055 2185 1134 2216 ratio
1153 2190 1201 2216 est
1214 2185 1330 2225 Saulis,

377 2229 517 2270 potentis
540 2228 579 2259 ab
603 2229 666 2260 lsai·
689 2233 725 2258 ut
746 2227 805 2258 sibi
830 2228 931 2258 filium
963 2228 1112 2266 mitteret,
1141 2234 1172 2258 et
1203 2228 1329 2267 quidem

377 2282 451 2304 eum
483 2271 536 2311 qui
566 2276 634 2302 erat
657 2272 690 2302 iu
714 2270 848 2311 pascuis.
895 2271 1014 2301 Annon
1037 2270 1120 2302 enim
1143 2271 1331 2310 simpliciter

378 2314 485 2345 dicere
509 2318 641 2354 poterat,
671 2314 763 2344 mitte
787 2313 826 2344 ad
849 2323 900 2344 me
923 2313 1023 2344 filium
1048 2319 1137 2344 tuum
1162 2312 1329 2350 Davidem,

379 2367 478 2397 quare
506 2356 604 2393 addit,
635 2366 708 2386 euni
739 2356 793 2396 qui
824 2356 928 2387 estin
953 2355 1100 2395 pascuis?

378 2399 576 2436 iactantiam,
610 2399 701 2438 quasi
732 2399 825 2435 dicat,
855 2409 871 2429 e
895 2398 1020 2438 pascuis
1042 2398 1074 2429 in
1099 2397 1202 2429 aulam
1227 2409 1329 2429 meam

378 2443 506 2479 mittito,
536 2448 572 2472 ut
594 2452 716 2472 mecum
741 2441 791 2476 sit,
816 2446 848 2472 et
871 2441 1008 2472 honores
1031 2441 1232 2481 adipiscatur.
1278 2441 1329 2472 En

1205 214 1407 246 HOMILIA
1431 214 1505 246 LX.

2276 215 2336 247 184

1385 314 1416 339 et
1446 308 1617 349 praedicat.
1663 309 1784 340 Verum
1813 310 1976 341 enimvero
2000 319 2095 350 quam
2120 320 2183 340 nou
2207 320 2265 341 sua
2287 311 2336 342 in-

1385 351 1516 388 dustria,
1541 361 1603 382 non
1624 351 1765 392 consilio,
1789 362 1852 383 non
1873 352 1994 383 viribus
2017 359 2085 383 erat
2107 352 2258 392 adeptus:
2281 353 2335 384 sed

1356 419 1357 426 ,
1383 403 1478 433 quam
1510 394 1563 424 uni
1588 393 1658 425 Deo
1688 394 1832 432 debebat,
1861 403 1891 426 et
1924 405 1980 435 pro
2009 405 2072 435 qua
2103 395 2239 436 singulis
2268 405 2336 426 mo-

1384 436 1499 467 mentis
1513 446 1608 476 agere
1620 437 1740 476 gratias
1758 448 1830 468 eum
1851 438 2024 477 oportebat,
2044 445 2074 468 et
2093 438 2153 468 sibi
2174 438 2335 469 conscium

1383 478 1498 519 prioris
1529 479 1615 510 vitae
1645 485 1732 511 tanto
1763 480 1965 512 abiectiorem
1997 487 2028 511 et
2051 480 2231 511 dociliorem
2257 490 2335 520 esse,

1383 528 1414 552 et
1437 521 1576 552 latebras
1600 522 1706 562 potius
1729 532 1824 562 quam
1849 524 1951 554 lucem
1978 532 2138 563 quaerere.
2185 522 2336 562 Quantus

1382 565 1467 595 enim
1507 564 1611 604 pudor
1644 570 1693 596 est
1725 576 1796 597 eum
1831 566 1987 606 dignitate
2021 566 2108 606 regia
2142 565 2272 606 gloriari
2303 570 2337 596 et

1382 606 1506 646 efferri,
1540 613 1571 637 et
1605 617 1721 647 pascua
1753 609 1960 649 exprobrare,
1995 609 2085 640 cuius
2119 614 2215 639 antea
2249 608 2336 638 vitae

1354 654 1356 662 '
1381 649 1521 681 conditio
1544 649 1680 681 Davidis
1710 651 1770 682 fuit
1799 650 1986 683 simillima?
2031 650 2098 682 Nae
2130 651 2189 682 Dei
2220 651 2337 682 benefi-

1354 698 1355 706 ¹
1381 693 1502 724 ciorum
1522 692 1729 729 obliviscitur,
1749 704 1829 734 quae
1849 701 1954 725 tamen
1974 694 2033 733 ipsi
2053 693 2201 734 deinceps
2221 703 2336 734 magno

1381 734 1586 766 constabunt.
1639 736 1683 766 Et
1713 746 1790 767 sane
1819 747 1856 768 ea
1886 745 1934 768 est
1966 736 2132 767 hominum
2163 737 2336 776 corruptio,

1382 783 1418 808 ut
1451 777 1548 808 variis
1579 778 1705 809 dotibus
1735 779 1882 810 exornati
1911 779 1955 810 sic
1979 779 2164 815 efferantur,
2195 785 2231 810 ut
2254 789 2337 810 nun-

1383 830 1478 860 quam
1504 819 1595 852 deiici
1619 831 1726 852 coram
1749 821 1890 853 Domino
1914 822 2047 857 discant,
2073 822 2132 852 nisi
2157 822 2282 862 magnis
2305 825 2337 852 et

1383 862 1502 894 crebris
1533 863 1648 894 ictibus
1679 865 1936 903 contundantur,
1974 871 2004 895 et
2028 864 2215 896 confusione
2238 863 2339 896 invol-

1384 913 1511 936 vantur.

1465 948 1535 979 Iam
1561 958 1635 979 vero
1658 948 1752 989 agite,
1774 952 1824 981 etc.

1682 1094 1923 1134 HOMILIA
1949 1095 2032 1135 LX.

1746 1160 1844 1193 CAP.
1868 1161 1980 1193 xvii.

1468 1249 1496 1278 1.
1522 1246 1743 1287 Conyreyantes
1764 1248 1863 1277 autem
1876 1246 2051 1278 Philistiim
2074 1248 2200 1288 aymina
2223 1258 2281 1279 sua
2304 1248 2337 1279 in

1375 1291 1544 1331 praelium,
1574 1291 1773 1321 convenerunt
1800 1289 1833 1320 in
1858 1288 1952 1321 Socho
1975 1289 2089 1321 Iudae:
2118 1294 2145 1321 et
2173 1294 2338 1322 castrame-

1382 1335 1437 1366 tati
1466 1336 1537 1364 sunt
1561 1333 1642 1364 <inter
1667 1331 1760 1363 Socho
1789 1334 1815 1363 et
1836 1332 1956 1363 Aeeclza
1978 1333 2011 1364 in
2032 1333 2146 1372 finibus
2169 1333 2337 1365 Dontmim.

1382 1377 1411 1408 2.
1435 1376 1534 1408 Porro
1560 1374 1638 1406 Saul
1665 1377 1693 1405 et
1719 1374 1781 1413 filii
1804 1374 1908 1406 Israil
1933 1376 2104 1416 congregati
2133 1379 2276 1407 zemrunt
2304 1376 2338 1407 in

1382 1419 1490 1452 tallem
1506 1417 1686 1454 Terebinthi,
1710 1419 1736 1448 et
1757 1417 1936 1448 direxerunt
1957 1419 2049 1449 aciem
2073 1418 2115 1449 ad
2130 1419 2338 1459 puynandum

1383 1465 1487 1494 contra
1518 1460 1703 1492 Philistum.
1776 1457 1855 1490 ‚Et
1883 1459 2054 1492 Philistum
2087 1462 2208 1492 slahant
2238 1471 2337 1502 supra

1382 1507 1511 1536 montem
1530 1514 1567 1534 ex
1583 1506 1675 1543 parte
1696 1459 1772 1533 liae?
1798 1505 1823 1533 et
1847 1501 1949 1534 Israel
1969 1504 2068 1535 stabat
2088 1514 2187 1543 supra
2208 1507 2338 1535 nzooztem

1384 1558 1420 1579 es·
1452 1547 1550 1579 altera
1578 1548 1685 1586 parte:
1725 1544 1874 1593 vallisque
1906 1548 1971 1577 erat
2003 1546 2080 1577 inte-r
2119 1556 2178 1577 eos.
2232 1547 2260 1577 4.
2295 1546 2340 1577 Et

1385 1600 1522 1638 eyressus
1544 1592 1587 1620 est
1609 1589 1686 1619 inter
1703 1587 1782 1619 duas
1801 1589 1881 1619 acies
1898 1588 1935 1619 de
1951 1589 2061 1620 eastris
2076 1588 2337 1620 Pleilisthinorum

1383 1633 1503 1665 nomine
1528 1631 1663 1670 Goliatle,
1691 1631 1728 1662 de
1762 1630 1847 1670 Geth,
1878 1630 2054 1662 altitudinis
2082 1641 2137 1663 sex
2166 1632 2337 1663 cubitorum

1433 1674 1544 1716 palmi.
1590 1674 1619 1706 5.
1643 1673 1687 1704 Et
1716 1673 1816 1704 cassis
1843 1683 1933 1705 aerea
1959 1684 2051 1713 super
2078 1677 2170 1714 caput
2197 1675 2281 1707 eius:
2309 1676 2338 1705 et

1383 1719 1479 1751 lorica
1514 1718 1679 1757 squamata
1716 1715 1913 1747 induebatur.-
1943 1726 2038 1756 porro
2069 1717 2194 1756 pondus
2226 1717 2338 1749 loricae

1383 1762 1460 1798 eius,
1483 1761 1617 1800 euinque
1633 1758 1736 1790 millia
1753 1758 1896 1790 siclorum
1914 1759 1999 1790 aeris
2015 1762 2089 1790 erat
2123 1760 2152 1791 6
2173 1759 2214 1791 Et
2235 1769 2338 1791 ocreas

1384 1813 1491 1836 aereas
1520 1802 1646 1833 habebat
1668 1801 1702 1832 in
1724 1801 1882 1832 eruribus:
1903 1804 1930 1833 et
1950 1801 2071 1842 clypeus
2094 1812 2203 1834 aereus
2224 1802 2337 1843 teyebat

1382 1847 1524 1878 humeros
1554 1846 1630 1876 eius.
1684 1844 1711 1875 7.
1742 1844 1864 1875 Hostile
1896 1847 1994 1875 autem
2031 1844 2137 1876 hastae
2173 1845 2240 1876 eius
2272 1847 2338 1876 erat

1382 1890 1474 1929 quasi
1506 1887 1694 1920 liciatorium
1727 1887 1902 1918 texentium:
1946 1887 2048 1926 ipsum
2088 1890 2187 1919 autem
2218 1888 2339 1927 serrum

1382 1933 1489 1963 hastae
1511 1931 1578 1962 eius
1600 1931 1753 1961 sexcentos
1774 1929 1864 1960 siclos
1885 1929 2010 1961 habebat
2030 1931 2126 1969 ferri:
2155 1933 2181 1961 et
2202 1930 2339 1970 armiyer

1383 1975 1450 2006 eius
1465 1973 1654 2006 antecedebat
1667 1982 1742 2003 eum.
1773 1971 1802 2003 8.
1829 1971 1980 2012 Stansque
2002 1972 2151 2004 clamabat
2173 1973 2337 2004 adversum

1377 2017 1550 2057 phalanges
1570 2015 1681 2055 137·αὲᾏῖ
1706 2017 1732 2046 et
1755 2013 1871 2046 dicebat
1888 2015 1945 2046 eis:
1971 2015 2071 2055 Quare
2088 2016 2214 2047 vtnistis
2227 2015 2337 2055 parati

1382 2061 1423 2092 ad
1440 2058 1624 2100 praelium?
1654 2057 1805 2097 numquid
1833 2067 1883 2097 φο
1905 2068 1964 2088 non
1985 2068 2054 2089 sum
2078 2058 2278 2097 Plzilistaeus,
2308 2059 2337 2088 et

1356 2130 1357 2137 ,
1382 2113 1434 2134 vos
1455 2103 1538 2134 servi
1559 2100 1662 2132 Saul?
1694 2099 1811 2140 Eliyite
1832 2109 1870 2130 επ
1888 2101 1972 2131 tobis
1993 2101 2104 2138 virum,
2127 2103 2155 2131 et
2175 2100 2335 2132 descendat

1382 2146 1423 2176 acl
1452 2144 1610 2185 sinqulare
1639 2145 1799 2175 certamen.
1843 2142 1872 2173 9.
1898 2142 1934 2173 Si
1963 2143 2095 2181 quiz-erit
2111 2153 2254 2183 puymire
2274 2152 2336 2173 me-

1356 2198 1357 2206 *
1381 2198 1457 2225 cnm,
1478 2190 1506 2219 et
1522 2186 1714 2228 percusserit
1734 2195 1788 2224 me,
1818 2185 1933 2216 erimus
1954 2185 2038 2216 vobis
2059 2186 2156 2216 servi:
2184 2186 2213 2216 si
2235 2188 2336 2216 autem

1146 2355 1268 2396 Nempe
1292 2356 1330 2387 ad
1355 2367 1356 2372 ¹

378 2489 415 2515 ut
449 2485 555 2515 miseri
591 2483 736 2514 homines
770 2483 901 2514 audacia
941 2484 1069 2524 propria
1108 2483 1356 2523 excaecantur]

381 2526 534 2562 Miseros.
572 2527 710 2566 inquam,
750 2527 809 2557 etsi
846 2526 969 2558 divites.
1017 2524 1098 2565 Quis
1122 2536 1196 2557 vero
1226 2526 1331 2557 fuerat

379 2574 475 2600 antea
499 2552 600 2601 Saul?
635 2569 749 2600 Nonne
772 2569 920 2606 rusticus,
946 2568 1017 2600 vilis
1041 2575 1073 2600 et
1095 2569 1235 2601 abiectae
1258 2579 1331 2600 eon-

378 2610 507 2642 ditionis
526 2611 704 2643 bubulcus?
739 2611 807 2642 Iam
830 2621 904 2642 vero
927 2611 965 2642 ad
986 2611 1175 2651 dignitatem
1199 2616 1355 2644 evectus

378 2653 567 2686 insolentius
589 2665 622 2686 se
641 2654 734 2695 gerit,
757 2661 788 2684 et
808 2663 898 2685 suam
919 2654 1168 2686 munificentiam
1192 2658 1330 2686 ostentat
1354 2657 1356 2671 '
1380 2655 1457 2693 cuis,
1494 2662 1528 2687 ut
1556 2656 1589 2687 in
1619 2655 1726 2688 aulam
1756 2655 1959 2695 reciperetur.

1381 2241 1434 2271 090
1456 2230 1669 2270 praevaluero,
1698 2230 1724 2260 et
1747 2238 1926 2268 permissor-0
1953 2237 2031 2266 eunt,
2059 2238 2112 2258 zos
2140 2229 2221 2258 serzi
2239 2229 2335 2266 eritis,

1381 2277 1406 2304 et
1435 2274 1573 2304 servietis
1604 2270 1698 2303 nobis.
1750 2271 1798 2302 10.
1829 2270 1872 2301 Et
1900 2270 1997 2302 aiebat
2028 2269 2238 2302 Philistaeus:
2268 2270 2336 2311 Eyo

1381 2315 1563 2355 exprobravi
1585 2313 1760 2355 ayminibus
1772 2313 1872 2344 Israel
1894 2312 1994 2344 hodie·
2017 2312 2098 2343 Date
2120 2313 2199 2344 mihi
2221 2313 2334 2352 virum,

1381 2361 1408 2389 et
1440 2359 1523 2390 ineat
1555 2367 1670 2389 meeum
1702 2356 1859 2396 sin-quiere
1892 2358 2049 2387 certamen.
2110 2357 2156 2386 11.
2192 2356 2335 2387 Audiens

1381 2404 1480 2432 autem
1505 2400 1592 2438 Saul,
1624 2402 1651 2431 et
1679 2409 1780 2431 omnes
1795 2398 1968 2430 .Israc'⁵litae
1996 2408 2146 2430 sermones
2169 2398 2336 2430 Philistum:

1379 2443 1586 2476 huiuscemodi
1603 2441 1761 2482 stupebant
1783 2443 1810 2473 et
1831 2440 1998 2472 metuebant
2020 2441 2124 2471 nimis.

1464 2529 1628 2560 Hesterna
1651 2527 1800 2560 concione
1813 2525 1921 2558 Saulis
1944 2526 2149 2557 iactationem
2173 2529 2204 2557 et
2226 2531 2335 2557 osten-

1355 2578 1356 2581 ’
1381 2571 1532 2602 tationem
1562 2570 1710 2608 vidimus,
1741 2579 1839 2610 quum
1869 2568 2027 2600 Davidem
2057 2580 2074 2599 a
2105 2574 2196 2609 patre
2226 2574 2335 2608 postu·

1381 2612 1461 2651 lans,
1492 2614 1581 2652 dixit,
1612 2613 1693 2644 velle
1716 2612 1754 2644 ad
1779 2622 1812 2644 se
1834 2611 1918 2642 mitti
1941 2622 2013 2642 eum
2037 2612 2090 2652 qui
2114 2616 2183 2642 erat
2205 2610 2238 2642 iu
2260 2620 2335 2651 pas-

2011 2654 2081 2686 Etsi
2112 2663 2190 2685 vero
2226 2663 2332 2685 coram
