2551 3044
390 225 452 257 639

394 321 519 361 egisset,
544 327 579 348 ac
602 315 805 347 sacerdotum
831 315 1025 347 horrendam
1058 316 1146 346 illam
1170 321 1309 357 stragem
1335 326 1352 347 a

391 374 424 394 se
449 363 564 392 factam
589 358 765 389 horruisset
796 363 826 389 ct
850 359 993 398 graviter
1023 358 1106 399 apud
1131 358 1237 389 Deum
1262 359 1351 399 inge-

392 405 538 440 muisset,
563 402 654 433 cuius
674 401 814 439 veritati,
834 401 1037 440 promissioni
1059 401 1210 432 nimirum
1231 400 1351 432 Davidi
1378 414 1380 428 ι

390 448 492 479 factae
523 444 704 481 restiterat,
739 448 769 474 et
807 453 914 475 coram
947 443 1017 475 Deo
1051 444 1161 475 audita
1191 444 1353 475 sententia

390 490 546 522 adversus
576 498 609 518 se
638 497 695 527 per
725 486 912 517 Samuelem
944 493 1030 518 certa
1069 497 1102 517 se
1141 487 1352 525 humiliasset,
1378 503 1380 510 ·

391 531 475 573 quod
504 530 565 561 Dei
596 529 755 560 voluntati
788 539 909 559 morem
942 539 1005 559 non
1036 530 1198 570 gessisset,
1230 535 1351 561 certum

390 581 440 607 cst
452 575 558 605 Deum
583 573 641 613 ipsi
667 582 896 611 responsurum
923 572 1020 603 fuisse
1045 578 1075 603 et
1100 583 1163 603 non
1177 579 1352 604 venturum

390 619 494 659 ipsum
533 617 566 646 in
612 621 735 645 tantam
778 614 1042 654 desperationem.
1102 614 1352 647 Observandum

390 661 482 692 nobis
503 658 582 690 utile
602 657 796 697 exemplum,
821 663 851 688 et
873 668 911 688 ex
931 667 968 688 eo
987 657 1182 696 discendum,
1205 664 1353 698 oportere

391 703 429 734 ad
444 703 551 734 Deum
576 702 608 732 in
633 700 726 731 rebus
750 700 898 740 angustis
921 701 1146 741 confugientes
1165 701 1244 732 inse
1269 701 1353 740 ipsos

391 746 563 786 inquirere,
593 749 625 774 et
656 748 802 773 accurate
833 742 963 783 singula
1000 750 1130 784 peccata
1165 744 1351 775 examinare

391 790 448 821 etsi
475 798 567 819 nemo
598 786 653 817 illa
676 786 753 816 satis
776 791 882 825 potest
904 786 1186 826 comprehendere,
1216 795 1352 826 quorum

390 832 536 864 infinitus
560 835 607 860 cst
631 838 794 864 numerus,
819 827 874 858 sed
899 828 944 859 ita
963 833 1070 860 tamen
1096 829 1293 869 inspicienda
1317 833 1353 858 ut

391 885 468 906 vera
492 872 676 904 humilitate
700 870 899 909 deiiciamur,
929 877 960 901 et
990 881 1027 902 ea
1051 872 1180 904 tristitia
1205 872 1236 902 in
1263 871 1353 902 nobis

391 922 565 958 generetur
588 919 621 946 et
643 913 748 945 cordis
772 913 950 952 aegritudo,
980 925 1060 954 quae
1093 915 1131 946 ad
1157 913 1352 945 reddendam

390 961 460 992 Deo
491 959 625 1000 gloriam
658 956 818 997 impellat,
859 960 890 987 et
917 956 956 988 ad
987 958 1184 998 agnitionem
1216 956 1353 988 adducat

391 1004 479 1035 illius
511 1001 624 1032 mortis
655 1006 805 1031 aeternae
836 1009 931 1039 quam
963 1001 1079 1031 nostris
1109 1000 1247 1040 peccatis
1279 1009 1351 1039 pro-

388 1046 495 1078 meriti
520 1054 642 1082 sumus,
672 1043 716 1073 sie
741 1047 848 1072 tamen
872 1048 908 1072 ut
938 1042 977 1073 de
1001 1043 1102 1083 ipsius
1134 1041 1353 1074 misericordia

390 1100 454 1120 non
480 1088 695 1127 desperemus.
741 1083 837 1123 Quod
860 1085 886 1115 si
911 1096 929 1115 a
953 1086 1044 1116 nobis
1069 1088 1132 1122 fiat,
1157 1091 1280 1116 certum
1305 1088 1354 1114 est

391 1132 498 1163 Deum
523 1131 626 1170 ipsum
660 1127 751 1159 nobis
781 1126 908 1158 obviam
942 1136 1124 1165 venturum,
1157 1136 1188 1159 et
1220 1139 1253 1159 re
1284 1127 1354 1167 ipsa

391 1176 609 1216 perfecturum
644 1170 727 1211 quod
763 1180 819 1210 per
852 1169 979 1201 Esaiam
1019 1172 1210 1211 prophetam
1255 1169 1352 1200 dixit:

390 1227 506 1257 nempe
530 1226 587 1246 nos
611 1220 783 1254 antequam
815 1212 854 1243 ad
879 1214 983 1253 ipsum
1016 1213 1229 1245 invocandum
1261 1223 1352 1252 aper—

390 1268 459 1292 tum
490 1270 525 1289 os
555 1257 748 1293 habeamus,
779 1265 910 1285 manum
943 1256 981 1287 ad
1020 1263 1163 1288 nostrum
1195 1256 1352 1287 auxilium

390 1302 584 1335 extendisse.
631 1299 691 1331 Sin
723 1308 800 1328 vero
827 1305 938 1329 contra
970 1299 1103 1330 miseros
1135 1300 1208 1330 illos
1239 1304 1270 1329 et
1302 1298 1352 1328 dc-

391 1345 554 1378 testabiles
577 1343 723 1374 homines
747 1341 863 1371 imitati
888 1342 1042 1373 fuerimus
1072 1343 1123 1382 qui
1155 1348 1219 1373 tam
1245 1341 1348 1372 diabo-

391 1390 458 1421 lum
481 1397 579 1428 quam
612 1386 716 1416 Deum
751 1383 919 1420 advocant,
956 1392 987 1415 et
1020 1396 1053 1416 se
1087 1384 1207 1423 dicunt,
1242 1384 1301 1415 nisi
1336 1393 1354 1413 a

392 1433 462 1464 Deo
486 1431 675 1466 habeantur,
699 1438 717 1457 a
741 1426 868 1457 diabolo
894 1432 1059 1467 receptum
1083 1428 1132 1465 iri,
1156 1427 1272 1468 quibus
1291 1426 1353 1457 nisi

391 1476 481 1507 Deus
516 1473 618 1512 primo
651 1470 759 1503 statim
795 1474 936 1510 tempore
971 1482 1011 1501 ex
1053 1471 1153 1502 animi
1193 1469 1354 1502 sententia

392 1515 583 1557 respondeat
612 1514 719 1545 statim
753 1512 932 1552 desperant,
968 1518 998 1544 et
1029 1513 1185 1545 auxilium
1217 1513 1256 1544 ab
1284 1513 1353 1553 ipso

393 1572 455 1592 non
480 1558 617 1598 amplius
640 1560 838 1595 exspectant,
869 1556 1028 1595 siquidem
1060 1557 1127 1588 sola
1156 1555 1353 1597 exspectatio

391 1604 476 1644 ipsos
500 1601 538 1632 ad
565 1600 669 1630 Deum
694 1598 767 1630 fecit
792 1609 968 1638 assurgere,
997 1601 1119 1639 peiores
1149 1610 1226 1630 sane
1251 1599 1353 1629 detes-

394 1645 483 1677 tabili
508 1645 569 1674 isto
583 1642 682 1673 Saule
706 1641 914 1680 reperiemus.
950 1642 1064 1682 Itaque
1085 1642 1243 1673 discamus
1267 1641 1354 1672 illius

392 1687 539 1727 exemplo
563 1695 683 1725 sapere,
705 1690 740 1714 ut
764 1683 791 1714 si
806 1683 892 1715 Deus
916 1684 1006 1716 nobis
1031 1685 1201 1725 aliquando
1224 1690 1354 1725 propter

394 1736 523 1772 peccata
548 1727 776 1762 succensuerit,
802 1736 838 1756 eo
863 1728 965 1767 magis
989 1727 1027 1758 ad
1054 1738 1109 1759 nos
1133 1728 1218 1767 ipsos
1242 1727 1354 1767 explo—
1380 1751 1381 1755 ,

393 1772 510 1805 randos
534 1777 563 1802 et
577 1769 808 1802 examinandos
832 1770 1013 1807 incitemur,
1039 1777 1073 1801 ut
1095 1771 1231 1811 cognitis
1245 1780 1353 1810 pecca-

392 1817 433 1848 tis
467 1824 574 1847 eoram
610 1813 679 1844 Deo
713 1814 758 1844 sic
792 1812 1042 1852 ingemiscamus
1077 1820 1111 1844 ut
1150 1813 1287 1853 gratiam
1323 1816 1355 1844 et

392 1856 645 1890 misericordiam
676 1856 714 1886 ab
751 1855 820 1894 ipso
849 1865 1098 1895 consequamur:
1131 1867 1204 1886 nam
1236 1856 1354 1887 scimus

394 1901 468 1943 quid
493 1901 604 1931 doceat
626 1909 681 1929 nos
702 1897 868 1939 propheta,
893 1909 993 1938 quum
1012 1899 1074 1931 ait:
1100 1899 1275 1929 Dominum
1299 1909 1353 1929 ex-

395 1944 562 1985 spectabo,
593 1942 652 1973 etsi
684 1941 796 1972 faeiem
829 1950 918 1971 suam
955 1951 972 1971 a
1002 1952 1054 1972 mc
1084 1941 1293 1972 occultaverit
1324 1946 1356 1972 et

395 1987 457 2018 mei
489 1985 606 2017 oblitus
637 1994 705 2015 esse
737 1983 892 2014 videatur.
946 1983 1016 2015 Deo
1055 1984 1153 2025 igitur
1182 1985 1247 2014 irae
1279 1994 1356 2015 suae

394 2031 487 2069 signa
509 2029 605 2059 dante
629 2033 661 2058 et
691 2037 708 2057 a
734 2026 823 2057 nobis
852 2035 966 2057 averso
997 2029 1159 2067 nostrique
1190 2027 1356 2057 hominum

394 2073 543 2114 opinione
566 2070 673 2107 oblito,
699 2071 838 2109 ingenue
862 2078 1073 2109 agnoscamus
1097 2081 1153 2101 nos
1177 2069 1206 2099 id
1228 2069 1355 2109 quidem

395 2117 593 2156 promeritos,
628 2112 681 2143 sed
715 2111 927 2143 nihilominus
957 2117 1065 2143 tamen
1097 2113 1256 2152 patienter
1288 2112 1356 2143 eius

397 2159 532 2199 gratiam
559 2155 792 2196 praestolemur
815 2161 847 2184 et
872 2154 1128 2186 indesinentibus
1152 2156 1235 2186 votis
1258 2155 1356 2195 ipsius

397 2201 535 2241 gratiam
560 2199 768 2238 imploremus
791 2203 824 2229 et
849 2197 972 2230 fortiter
995 2198 1144 2229 omnibus
1169 2198 1355 2228 tentationi-

396 2245 457 2275 bus
480 2243 676 2273 resistamus.

483 2286 655 2316 Praeterea
677 2283 844 2315 docuimus
867 2283 971 2324 legem
1000 2283 1038 2315 de
1062 2282 1212 2314 tollendis
1245 2284 1356 2323 magis,

398 2329 549 2359 veneficis
590 2333 620 2357 et
661 2325 898 2357 divinatoribus
939 2336 1003 2357 non
1045 2326 1143 2357 fuisse
1190 2336 1208 2356 a
1250 2326 1355 2357 Saulis

399 2371 556 2402 ministris
586 2370 803 2406 observatam,
834 2368 990 2409 siquidem
1024 2369 1211 2410 pythonissa
1241 2369 1356 2399 mulier

398 2414 430 2445 in
467 2413 522 2444 illa
557 2413 686 2452 regione
717 2412 851 2443 inventa
889 2416 937 2442 cst
973 2411 1011 2442 ad
1048 2422 1142 2452 quam
1180 2412 1246 2451 ipse
1277 2411 1355 2442 Saul

398 2457 620 2488 ministrorum
645 2465 774 2485 suorum
799 2454 931 2485 consilio
955 2455 1104 2490 mittitur,
1137 2455 1188 2494 qui
1215 2455 1356 2486 sciebant

399 2510 468 2530 eam
492 2510 528 2529 eo
553 2499 619 2528 loco
643 2508 710 2529 osse
735 2502 765 2528 et
786 2507 841 2537 per
860 2497 992 2537 spiritus
1012 2497 1185 2528 familiares
1205 2496 1354 2529 acceden-

399 2543 484 2573 tibus
509 2551 661 2580 responsa
690 2540 781 2571 dare:
811 2546 842 2572 et
871 2550 907 2571 co
939 2540 1005 2571 loco
1038 2540 1180 2571 diximus
1210 2545 1357 2581 oportere

399 2585 505 2625 legum
537 2584 721 2614 divinarum
752 2593 821 2613 eam
852 2593 921 2614 esse
951 2583 1025 2618 vim,
1056 2590 1089 2614 ut
1117 2582 1195 2613 nulli
1227 2584 1357 2622 impune

401 2627 496 2658 liceat
519 2637 656 2666 peccare,
681 2637 721 2656 ne
746 2626 797 2657 hie
821 2626 989 2665 puniatur,
1013 2625 1095 2656 alter
1119 2636 1194 2656 vero
1217 2625 1355 2665 impuni-

400 2676 452 2700 tus
482 2674 628 2706 maneat,
660 2679 741 2709 quae
769 2679 894 2700 summa
924 2678 1031 2699 coram
1063 2668 1132 2699 Deo
1161 2668 1355 2699 abominatio

1200 220 1400 253 HOMILIA
1424 220 1550 254 XCIX.

2305 220 2369 254 640

1405 322 1469 346 est:
1502 315 1710 355 conspicuum
1743 315 1803 346 hoe
1834 315 1864 345 in
1889 314 1988 347 Saule
2020 316 2073 346 fiet
2104 316 2132 348 si
2163 316 2368 349 accedentem

1406 359 1510 398 ipsum
1541 357 1579 388 ad
1611 358 1784 389 veneficam
1817 358 1911 388 istam
1936 359 2130 390 intueamur.
2176 358 2289 399 Itaque
2317 371 2366 392 se-

1405 401 1514 440 quitur
1548 401 1651 440 ipsum
1693 405 1816 431 mutato
1858 400 1968 432 habitu
2009 406 2041 432 et
2081 402 2256 442 assumptis
2295 402 2366 435 aliis

1379 474 1381 478 ,
1407 444 1609 474 vestimentis
1632 442 1746 474 abiisse
1770 448 1862 474 nocte
1891 443 1929 474 ad
1961 443 2130 475 mulierem
2164 443 2264 481 illam,
2295 450 2366 476 tan-

1406 497 1502 526 quam
1534 486 1673 525 aliquem
1705 496 1746 516 ex
1777 486 1884 525 vulgo,
1915 493 1948 517 et
1978 496 2109 527 rogasse
2140 492 2175 517 ut
2205 486 2368 519 divinaret

1406 529 1464 560 sibi
1496 529 1530 559 in
1560 529 1701 569 pythone
1731 535 1761 559 et
1795 530 1965 560 suscitaret
1995 540 2088 569 quem
2118 529 2245 561 diceret.
2299 530 2368 562 Nae

1407 571 1468 601 duo
1504 571 1555 601 hic
1591 570 1683 601 valde
1717 571 1802 602 inter
1835 582 1868 603 se
1899 573 2061 603 contraria
2091 572 2257 604 videmus:
2291 583 2367 604 nam

1407 620 1500 644 antea
1524 613 1602 644 Saul
1629 614 1832 645 interfecerat
1863 624 1975 645 omnes
2004 616 2164 646 veneficas
2195 621 2226 646 et
2257 626 2368 656 repur-

1406 663 1481 696 gata
1505 657 1608 687 fuerat
1631 656 1720 696 regio
1745 657 1815 688 istis
1839 656 2030 697 corruptelis
2053 664 2086 688 et
2109 658 2213 689 officio
2236 658 2368 691 functus

1406 699 1511 730 fuerat
1536 700 1567 730 in
1592 699 1661 740 lege
1693 698 1803 730 diviua.
1833 700 2054 739 exsequenda:
2085 701 2146 731 iam
2179 711 2253 732 vero
2284 702 2367 742 ipse-

1407 749 1473 773 met
1496 747 1607 772 contra
1631 742 1711 783 legis
1734 742 1863 773 divinae
1876 741 2064 773 mandatum
2079 743 2167 774 venit
2189 743 2229 774 ad
2253 743 2368 775 mulie-

1407 795 1482 821 rem,
1515 786 1674 825 petiturus
1697 785 1736 816 ab
1759 786 1827 825 ipsa
1857 786 1927 826 quis
1958 785 2087 817 futurus
2118 791 2200 817 essct
2231 793 2368 819 eventus

1408 838 1517 858 carum
1544 827 1767 859 difficultatum
1791 828 1825 858 in
1856 839 1934 868 quas
1963 828 2137 859 inciderat:
2169 828 2368 861 horrendum

1405 871 1549 910 profecto
1573 871 1730 911 flagitium
1743 871 1932 911 praesertim
1957 882 2056 910 quum
2072 872 2160 902 Deus
2176 871 2369 903 nominatim

1408 913 1554 951 vetuerit,
1580 924 1619 943 ne
1643 914 1713 953 quis
1737 924 1777 944 ex
1801 913 1919 954 populo
1943 924 1999 944 suo
2023 924 2096 945 cum
2121 913 2266 954 diabolis,
2297 925 2370 946 cum

1407 954 1535 996 divinis,
1565 961 1596 986 et
1628 957 1779 987 veneficis
1807 962 2064 993 conversaretur,
2095 964 2127 988 et
2157 957 2196 988 ab
2226 957 2290 988 illis
2320 957 2369 988 in-

1407 999 1547 1038 quireret
1571 1008 1651 1039 quae
1676 1000 1756 1030 seire
1775 999 1848 1030 illos
1872 998 1963 1031 Deus
1986 999 2094 1030 nollet.
2140 999 2255 1040 Itaque
2277 1000 2370 1031 Deus

1407 1041 1477 1082 lege
1519 1052 1577 1072 sua
1612 1052 1676 1072 non
1711 1042 1901 1082 simpliciter
1935 1042 2030 1072 morti
2066 1041 2264 1074 adiudicavit
2297 1042 2370 1074 illos

1408 1084 1563 1121 homines,
1588 1084 1643 1115 sed
1667 1095 1740 1116 cum
1764 1085 1843 1124 ipsis
1874 1085 2125 1116 familiaritatem
2157 1084 2268 1116 haberi
2297 1095 2371 1125 pro—

1407 1126 1522 1164 hibuit,
1546 1133 1578 1158 ct
1601 1127 1730 1158 illorum
1756 1128 1987 1168 pollutionibus
2011 1134 2041 1158 et
2072 1127 2263 1159 idololatriis
2285 1138 2370 1159 com·

1408 1170 1583 1201 niunivare.
1628 1170 1699 1201 Iam
1731 1181 1806 1201 vero
1837 1170 1927 1207 Saul,
1959 1171 2050 1201 euius
2080 1176 2176 1201 antea
2206 1171 2371 1211 singulare

1407 1212 1551 1243 studium
1587 1214 1683 1244 fuisse
1718 1213 1888 1244 videbatur
1926 1213 1958 1244 in
1994 1213 2064 1254 lege
2098 1213 2162 1244 Dei
2196 1212 2369 1253 implenda,

1407 1254 1532 1286 diabolo
1562 1265 1595 1285 se
1625 1255 1752 1287 subiicit
1785 1260 1818 1287 et
1851 1255 2006 1287 honorem
2040 1255 2175 1286 exbibet
2209 1257 2241 1286 in
2275 1256 2371 1288 istius

1407 1298 1615 1337 pythonissae
1639 1309 1785 1339 persona.
1832 1298 1977 1339 Dignum
2006 1308 2083 1329 sane
2113 1299 2371 1331 consideratione

1407 1340 1604 1381 exemplum,
1632 1351 1673 1372 ex
1704 1352 1765 1381 quo
1790 1341 1949 1372 discamus
1980 1346 2098 1372 rectam
2126 1351 2253 1382 semper
2283 1342 2370 1373 viam

1406 1383 1564 1420 insistere,
1585 1394 1666 1423 quae
1687 1383 1777 1415 nobis
1791 1384 1887 1415 verbo
1900 1383 1961 1415 Dei
1981 1384 2220 1424 praescribitur,
2240 1389 2273 1415 et
2289 1395 2370 1415 nun-

1407 1436 1501 1465 quam
1526 1426 1565 1457 ab
1588 1427 1657 1467 ipsa
1682 1427 1731 1458 vel
1754 1427 1793 1458 ad
1818 1427 1977 1464 dextram,
2009 1427 2059 1458 vel
2089 1427 2127 1458 ad
2159 1427 2285 1458 laevam
2315 1426 2369 1458 de-

1406 1470 1544 1501 flectere.
1591 1469 1674 1500 Nam
1699 1470 1725 1501 si
1749 1470 1846 1501 semel
1872 1475 1969 1510 atque
1992 1470 2111 1500 iterum
2135 1470 2290 1500 eximium
2315 1469 2370 1501 ali-

1406 1513 1490 1552 quod
1513 1523 1593 1553 opus
1606 1513 1784 1549 fecerimus,
1809 1512 1923 1543 deinde
1947 1513 1979 1543 in
2000 1512 2195 1543 contrarium
2217 1513 2368 1551 feramur,

1407 1561 1535 1586 tantum
1567 1557 1656 1587 abest
1688 1561 1722 1586 ut
1745 1556 1851 1596 priora
1864 1555 2029 1587 benefacta
2054 1565 2110 1586 nos
2133 1555 2171 1586 ad
2187 1555 2292 1586 Deum
2315 1554 2369 1586 de-

1408 1598 1536 1634 ducant,
1560 1606 1734 1639 gratosque
1758 1604 1789 1629 et
1801 1605 1948 1638 acceptos
1973 1598 2033 1638 ipsi
2047 1598 2175 1634 faciant,
2200 1604 2236 1628 ut
2258 1605 2370 1629 contra

1408 1642 1562 1672 maiorem
1575 1642 1608 1672 in
1623 1652 1679 1672 uos
1692 1641 1988 1672 condemnationem
2003 1647 2178 1672 accersant.
2209 1640 2369 1681 Exemplo

1408 1691 1475 1715 esto
1509 1684 1590 1715 Iehu
1628 1684 1700 1724 ille,
1734 1684 1788 1724 qui
1821 1684 1888 1715 zelo
1923 1684 2060 1724 quodam
2096 1693 2208 1714 omnes
2242 1684 2295 1722 qui
2329 1694 2370 1714 ex

1408 1727 1529 1758 familia
1563 1726 1685 1759 Achabi
1715 1733 1904 1767 supererant
1942 1727 2037 1757 morti
2075 1725 2207 1757 dederat
2234 1726 2370 1758 Domini

1408 1771 1513 1807 iussu,
1548 1769 1806 1810 quandoquidem
1843 1780 1899 1809 per
1935 1769 2124 1809 prophetam
2161 1769 2267 1800 iussus
2300 1773 2370 1800 erat

1409 1813 1550 1843 divinam
1574 1813 1667 1844 istam
1694 1812 1868 1843 vindictam
1895 1812 1933 1843 de
1957 1812 2051 1843 domo
2074 1811 2199 1842 Achabi
2223 1821 2368 1842 sumere:

1409 1856 1558 1896 quoniam
1583 1856 1668 1886 enim
1693 1856 1807 1886 domus
1832 1855 1955 1886 Achabi
1985 1865 2054 1886 sese
2083 1853 2241 1885 horrenda
2270 1853 2370 1885 idolo·

1409 1899 1504 1929 latria
1535 1904 1739 1939 corruperat,
1770 1904 1802 1929 et
1834 1898 1893 1929 Dei
1925 1897 2047 1929 cultum
2079 1897 2248 1935 abiecerat,
2279 1896 2370 1928 Deus

1410 1942 1494 1972 iusto
1518 1951 1575 1972 suo
1599 1941 1716 1972 iudicio
1743 1941 1845 1971 voluit
1868 1951 1937 1971 eam
1962 1941 2055 1971 morti
2081 1939 2207 1978 adduci,
2235 1945 2265 1970 et
2289 1939 2372 1970 Iehu

1410 1984 1505 2015 istam
1542 1983 1717 2015 vindictam
1755 1983 1922 2014 commisit.
1979 1983 2095 2023 Itaque
2131 1982 2212 2013 Iehu
2247 1982 2372 2013 fervore

1410 2027 1547 2066 quodam
1577 2027 1691 2062 animi,
1722 2026 1853 2057 Domini
1891 2026 2019 2066 quidem
2056 2025 2177 2056 iussum
2212 2024 2369 2064 implevit,

1410 2069 1464 2100 sed
1496 2070 1564 2110 ipse
1592 2075 1700 2110 postea
1737 2069 1776 2099 ad
1807 2069 1935 2099 easdem
1972 2067 2214 2108 superstitiones
2244 2066 2369 2106 defecit,

1410 2123 1490 2153 quae
1514 2117 1609 2143 antea
1634 2119 1699 2143 tam
1723 2122 1833 2142 severe
1858 2111 2047 2146 vindicarat,
2080 2114 2110 2140 et
2134 2109 2368 2141 idololatricam

1410 2156 1533 2186 cultum
1572 2165 1645 2187 cum
1682 2154 1741 2185 Dei
1784 2154 1922 2185 viventis
1963 2153 2050 2184 cultu
2092 2153 2296 2193 permiscuit,
2339 2157 2371 2183 et

1411 2198 1597 2239 religionem
1628 2197 1789 2237 corrumpi
1819 2201 1851 2227 et
1881 2195 2057 2227 adulterari
2096 2195 2250 2235 permisit.
2305 2193 2371 2227 Sed

1410 2241 1480 2281 quis
1519 2240 1647 2271 tandem
1681 2240 1777 2271 huius
1811 2239 1928 2270 furoris
1961 2237 2088 2269 exitus?
2130 2248 2245 2277 nempe
2280 2237 2370 2269 Deus

1409 2283 1536 2314 easdem
1561 2283 1606 2314 illi
1631 2293 1709 2323 quas
1732 2282 1803 2313 aliis
1834 2291 1952 2321 poenas
1983 2281 2124 2312 minatus
2154 2286 2211 2311 est.
2257 2279 2369 2319 Quan-

1410 2330 1478 2357 tum
1503 2326 1602 2366 igitur
1626 2329 1757 2365 apparet
1780 2334 1848 2355 esse
1867 2324 2033 2363 flagitium,
2058 2328 2179 2363 quanta
2201 2323 2370 2362 iniustitia,

1411 2369 1436 2399 si
1477 2369 1547 2408 quis
1589 2367 1686 2399 iudex
1727 2366 1900 2398 eorundem
1942 2366 2112 2397 criminum
2148 2365 2369 2397 convictorum

1411 2411 1507 2441 alium
1534 2411 1628 2442 hodie
1652 2410 1773 2450 puniat,
1797 2419 1866 2440 cras
1891 2409 2028 2439 alterum
2049 2409 2181 2449 impune
2205 2407 2369 2439 dimittat?

1410 2454 1525 2484 Nonne
1549 2459 1596 2485 est
1625 2454 1740 2493 ingens
1763 2451 1824 2482 Dei
1854 2452 1955 2491 ipsius
1983 2451 2155 2491 legumque
2185 2450 2369 2482 divinarum

1410 2502 1626 2536 contemptus:
1660 2505 1733 2526 nam
1765 2505 1842 2525 sane
1866 2495 1890 2524 si
1915 2494 1968 2525 isti
1992 2494 2138 2525 homines
2161 2494 2243 2525 serio
2267 2493 2369 2525 divini

1411 2539 1542 2570 honoris
1572 2538 1677 2569 studio
1715 2542 1745 2568 et
1774 2537 1898 2567 fervore
1928 2536 2122 2568 ducerentur
2159 2536 2241 2577 quod
2270 2535 2370 2567 semel

1411 2582 1489 2612 bene
1513 2582 1690 2621 coepissent
1715 2580 1830 2610 melius
1853 2580 1886 2610 in
1907 2580 1974 2611 dies
1986 2581 2186 2620 perficerent.
2221 2579 2370 2610 caveant

1410 2624 1507 2664 igitur
1538 2625 1609 2655 istis
1642 2623 1798 2663 exemplis
1827 2622 1947 2654 iudices
1979 2634 2017 2653 ne
2045 2622 2150 2654 simile
2182 2622 2302 2653 crimen
2334 2621 2367 2652 in

1410 2667 1469 2698 hoc
1492 2666 1620 2707 quidem
1646 2666 1791 2706 puniant,
1823 2665 1855 2696 in
1878 2666 1931 2697 illo
1956 2676 2030 2697 vero
2053 2665 2247 2706 impunitum
2270 2664 2369 2696 relin-
