2551 3044
196 181 238 213 93
856 181 903 213 IN
927 182 951 214 Î™.
974 183 1062 214 LIB.
1088 181 1284 214 SAMUEL.
1308 183 1405 215 CAP.
1430 183 1504 214 XV.
2127 186 2168 217 94

197 275 250 306 sed
275 278 381 307 tamen
405 276 505 307 otium
529 282 560 308 et
583 276 721 317 quietem
752 276 847 307 nimis
870 276 962 308 avide
985 277 1151 317 quaesive-
1175 290 1179 318 J

1178 318 1291 349 *illam
1323 318 1489 351 audaciam
1525 319 1682 360 deprimit,
1717 332 1779 362 qua
1813 333 1911 362 super
1944 322 2029 363 ipsas
2065 323 2167 355 nubes

196 323 281 350 runt.
328 319 375 350 Ac
403 319 536 359 proinde
564 329 628 350 non
660 319 814 350 habemus
843 319 912 350 illos
942 319 973 350 in
1009 318 1151 350 fidelium

197 371 341 399 numero,
365 362 456 401 quusi
481 373 498 392 a
522 362 591 393 Deo
615 362 647 392 in
670 361 752 393 filios
776 361 918 401 adoptati
941 366 1058 393 essent.
1092 361 1151 392 Ni-

198 404 372 435 hilominus
395 409 502 435 tamen
527 404 679 444 quoniam
702 403 862 435 humanos
886 415 919 435 se
941 414 1017 445 erga
1049 414 1151 444 popu-

196 447 262 478 lum
288 446 416 477 Israelis
439 446 662 487 praebuerant,
687 457 780 487 quem
796 446 886 478 Deus
910 457 965 487 per
989 447 1150 478 desertum

197 494 228 521 et
251 489 320 520 loca
343 489 416 520 avia
438 489 629 520 deduxerat:
653 496 684 520 et
707 490 859 529 quoniam
883 489 977 520 etiam
1002 489 1152 521 barbaras

197 532 350 571 nationes,
382 541 463 571 quae
493 532 524 562 in
557 532 617 562 Dei
648 532 773 563 foedere
804 542 866 562 non
898 531 1151 568 continebantur,

196 574 255 614 ipsi
280 573 395 614 populo
418 574 636 613 conciliarant,
660 574 826 606 Israelitae
849 575 911 605 iam
935 576 1028 606 etiam
1042 574 1081 605 ad
1095 574 1152 604 mi-

195 616 398 648 sericordiam
424 617 500 656 ipsis
524 617 748 657 praestandam
773 617 901 648 adducti
925 622 1008 649 sunt.
1042 616 1151 656 Quare

194 659 219 690 si
244 658 333 690 Deus
356 659 452 690 etiam
477 669 554 700 erga
576 660 648 691 illos
671 670 704 691 se
728 660 964 691 misericordem
996 659 1150 700 praebuit,

193 702 244 742 qui
270 706 395 732 tantum
420 712 460 732 ex
484 707 574 742 parte
597 703 644 733 sui
669 707 770 739 erant,
795 708 826 733 et
845 702 898 742 qui
919 703 1009 733 aDei
1032 701 1150 742 populo

193 750 392 776 recesserant
424 750 455 775 et
490 745 634 775 extranei
669 745 742 776 facti
778 750 879 782 erant,
910 755 1012 785 neque
1043 744 1148 775 Deum

193 797 296 827 neque
328 786 424 818 fidem
454 793 573 818 certam
605 786 769 825 habentes,
799 788 924 828 qualem
954 787 1044 818 illum
1074 797 1150 827 erga

193 840 249 860 nos
273 829 418 860 futurum
441 830 636 861 arbitramur
658 829 683 860 si
708 830 739 860 in
765 831 864 870 ipsius
888 830 1002 861 timore
1025 830 1148 861 sincere

193 872 481 903 ambulaverimus:
518 872 677 912 fidemque
705 873 765 912 ipsi
803 883 897 913 quam
929 873 960 904 in
991 872 1149 913 baptismo

191 914 407 955 promisimus,
443 915 599 955 integram
634 916 881 956 servaverimus,
915 920 947 946 et
980 915 1012 946 in
1047 915 1148 955 ipsius

192 957 280 989 cultu
320 957 556 997 simplicitatem
577 957 835 989 retinuerimus.
892 957 977 989 Sane
1017 958 1148 989 minime

192 999 401 1031 dubitandum
425 1003 472 1031 est
495 1000 582 1040 quin,
608 999 680 1031 licet
704 1004 790 1031 totus
809 1000 978 1032 adversum
1003 1011 1060 1031 nos
1084 1005 1147 1031 ter-

190 1052 298 1073 rarum
329 1042 415 1073 orbis
443 1042 645 1082 conspirarit,
679 1043 779 1082 ipsius
810 1054 907 1074 mauu
937 1047 1082 1084 tegamur
1116 1047 1147 1074 et

190 1084 409 1116 defendamur.
455 1084 569 1125 Itaque
600 1095 638 1115 ex
670 1096 706 1115 eo
737 1086 819 1125 quod
845 1086 983 1117 Kinaeos
1007 1085 1085 1118 Saul
1108 1086 1146 1117 ab

189 1127 377 1158 imminente
402 1127 588 1158 Amalecitis
611 1128 829 1159 internecione
852 1128 955 1160 voluit
977 1128 1145 1167 immunes,

190 1170 342 1201 discimus
373 1179 431 1200 nos
461 1170 562 1201 multo
595 1171 697 1211 magis
720 1181 738 1201 a
762 1171 831 1202 Deo
861 1171 1085 1212 protegendos,
1115 1177 1147 1202 et

187 1213 276 1244 velut
311 1213 410 1253 ipsius
445 1223 541 1243 manu
577 1213 609 1243 in
648 1218 752 1243 tutum
790 1214 893 1245 locum
935 1214 1146 1252 deducendos,

186 1266 285 1296 quum
309 1255 342 1285 in
368 1255 479 1285 mundi
504 1254 657 1286 iudicium
681 1261 825 1287 armatus
850 1256 1018 1293 videbitur,
1043 1261 1074 1288 et
1097 1258 1145 1288 in-

187 1297 333 1329 credulos
367 1307 503 1338 quorum
538 1297 571 1328 in
607 1298 711 1329 medio
746 1310 914 1330 versamur
948 1299 1147 1331 iudicaturus

187 1344 348 1380 exsurget,
372 1351 412 1371 ne
436 1340 535 1371 ullam
560 1350 679 1371 noxam
703 1342 889 1381 sentiamus,
908 1346 940 1373 et
958 1343 990 1373 in
1013 1342 1146 1374 eandem

187 1394 257 1415 cum
282 1383 362 1423 ipsis
383 1383 600 1414 confusionem
625 1384 849 1415 deveniamus:
875 1385 928 1415 sed
953 1391 1079 1416 mature
1101 1386 1148 1426 ip-

186 1426 250 1457 sius
273 1436 367 1466 opem
393 1430 424 1456 et
448 1426 607 1456 auxilium
632 1437 690 1457 nos
715 1437 784 1458 esse
807 1438 967 1458 sensuros.

270 1468 431 1508 Deinceps
444 1468 596 1509 sequitur,
615 1479 635 1500 a
649 1468 742 1501 Saule
748 1480 930 1508 percussum
940 1470 1147 1508 Amalechum,

186 1511 257 1542 inde
279 1521 299 1541 a
325 1510 454 1542 Clzavila
475 1521 570 1551 usque
593 1522 654 1551 qua
676 1513 797 1543 venitur
820 1512 939 1553 sarem,
969 1523 1046 1553 quae
1067 1516 1111 1545 est
1133 1524 1148 1544 e

185 1554 307 1594 reyione
329 1553 471 1594 Aegypti.
496 1554 575 1585 Erat
600 1555 684 1585 enim
709 1556 795 1595 regio
820 1555 1003 1595 Raphidim,
1027 1556 1059 1587 in
1084 1567 1147 1597 qua

186 1596 383 1630 Amalecitae
395 1596 554 1627 Israelitis
573 1602 790 1637 occurrerunt,
814 1598 928 1629 itinere
946 1598 1017 1630 illos
1038 1599 1147 1639 prohi-

185 1638 293 1670 bituri.
338 1638 414 1669 Istis
445 1649 519 1670 vero
549 1640 655 1671 verbis
686 1641 722 1670 fit
744 1641 952 1672 manifestum
979 1642 1082 1672 Deum
1110 1652 1145 1673 re

184 1681 253 1722 ipsa.
276 1680 400 1713 dedisse
422 1681 573 1713 mandata
597 1682 739 1714 Samueli
762 1683 801 1714 de
820 1682 991 1723 perdendis
1014 1684 1145 1716 Amale-

185 1725 272 1755 cit-is:
301 1723 559 1764 quandoquidem
592 1725 670 1757 haec
699 1726 827 1756 laniena
858 1727 964 1767 potius
988 1727 1145 1767 pecudum

184 1767 314 1798 videtur
346 1777 441 1807 quam
477 1767 629 1798 victoria:
665 1768 821 1808 siquidem
855 1769 937 1800 caesi
972 1769 1010 1801 ad
1044 1781 1144 1801 unum

185 1814 261 1841 sunt
283 1809 480 1841 Amalecitae
503 1810 573 1841 sine
596 1811 754 1842 conflictu.
790 1811 872 1842 Nam
897 1812 957 1843 etsi
980 1812 1070 1843 ferox
1092 1813 1146 1844 ille

181 1852 437 1884 Amalecitarum
461 1853 599 1893 populus
623 1864 692 1885 sese
715 1853 754 1884 ad
778 1853 993 1886 resistendum
1011 1865 1145 1895 appara-

182 1895 238 1933 vit,
261 1895 307 1926 ita
331 1899 438 1926 tamen
452 1895 542 1926 Deus
565 1906 620 1927 eos
644 1896 767 1933 terruit,
792 1901 827 1926 ut
849 1896 942 1928 facile
964 1898 1048 1929 caesi
1071 1899 1144 1930 sint.

182 1937 234 1969 Ex
259 1938 374 1978 quibus
406 1938 558 1970 discimus
583 1939 642 1969 Dei
668 1939 766 1970 verbo
789 1939 880 1970 nobis
903 1945 1077 1980 praeeunte
1100 1942 1146 1972 ni-

183 1979 229 2011 hil
252 1981 390 2020 amplius
413 1981 505 2012 nobis
528 1981 748 2020 metuendum,
782 1982 1037 2022 quandoquidem
1061 1994 1147 2024 gres-

185 2033 239 2054 sus
264 2027 390 2054 nostros
413 2034 522 2055 omnes
554 2024 621 2064 regi
652 2034 669 2054 a
692 2024 832 2055 Domino
855 2029 975 2056 certum
1000 2030 1057 2058 est.
1102 2027 1146 2058 Et

184 2065 230 2096 ita
253 2065 343 2097 Deus
367 2077 399 2097 se
424 2077 554 2097 manum
585 2077 675 2097 suam
708 2071 930 2107 perrecturum
963 2068 1145 2100 brachium-

184 2118 246 2148 que
270 2114 477 2140 extensurum
504 2109 673 2149 pollicetur
697 2108 735 2140 ad
759 2120 818 2140 nos
842 2110 992 2143 tutandos
1017 2116 1047 2142 et
1070 2113 1145 2143 sub-

184 2150 348 2189 levandos,
372 2162 469 2192 quum
494 2152 526 2182 in
552 2152 612 2182 viis
635 2152 735 2192 ipsius
758 2152 1036 2186 ambulaverimus.
1065 2155 1146 2186 Vias

186 2197 292 2224 autem
327 2193 458 2225 Domini
493 2194 672 2235 intelligitey
705 2205 802 2234 quum
833 2206 897 2226 non
920 2196 1065 2229 laxamus
1089 2198 1145 2228 ha-

184 2235 284 2267 benas
308 2236 346 2267 ad
370 2237 581 2277 petulantiam
607 2241 637 2268 et
660 2238 950 2277 intemperantiam,
975 2239 1029 2271 sed
1053 2241 1144 2272 aDei

186 2278 373 2318 obsequium
409 2289 468 2310 nos
502 2280 734 2320 componimus,
768 2280 913 2321 nihilque
946 2282 1008 2314 nisi
1042 2283 1144 2323 ipsius

185 2320 345 2352 voluntati
379 2332 554 2353 consonum
590 2323 790 2362 suscipimus.
841 2322 932 2362 Quae
965 2335 1065 2365 quum
1099 2327 1144 2357 ita

186 2374 219 2394 se
242 2363 394 2403 habeant,
430 2375 492 2405 quo
516 2365 622 2396 animo
645 2375 702 2396 nos
725 2375 794 2396 esse
817 2365 920 2405 decet,
952 2378 1045 2408 quam
1070 2369 1144 2400 forti

186 2410 217 2436 et
240 2407 408 2446 praesenti,
435 2417 643 2448 quaecunque
677 2406 806 2438 tandem
830 2415 1006 2450 exsurgant
1036 2421 1143 2442 rerum

186 2448 397 2481 discrimina?
441 2450 528 2482 Sane
562 2451 678 2488 fateor,
714 2451 874 2490 improbos
903 2456 934 2483 et
962 2453 1144 2486 incredulos

184 2490 331 2522 homines
353 2492 433 2523 nihil
460 2493 519 2524 nisi
543 2503 701 2524 summam
732 2494 946 2534 arrogantiam
979 2500 1009 2526 et
1031 2497 1143 2537 ingen-

184 2536 232 2565 tes
256 2534 379 2565 animos
410 2535 548 2575 spirare,
581 2535 655 2566 dum
687 2536 892 2576 tyrannidem
915 2544 1082 2570 exercent.
1113 2544 1145 2571 et
1170 2570 1171 2573 ,

186 2577 252 2607 suis
276 2576 416 2608 consiliis
445 2583 475 2608 et
505 2577 673 2609 conatibus
702 2577 784 2609 velle
814 2579 898 2619 ipsas
928 2581 1028 2612 nubes
1052 2593 1144 2622 supe-

185 2629 274 2650 rare:
299 2619 353 2651 sed
374 2620 523 2659 quoniam
546 2631 608 2651 non
623 2621 728 2651 sobria
741 2626 850 2652 mente
871 2622 930 2654 ista
953 2624 1142 2664 suscipiunt,
1169 2649 1171 2654 .

1204 276 1293 307 Deus
1326 276 1421 308 etiam
1457 281 1609 317 tanquam
1644 278 1784 310 ebriosos
1818 279 1937 317 deiicit,
1972 285 2003 311 et
2036 280 2167 312 stultam

1204 361 1427 392 efferebantur.
1474 362 1585 402 Itaque
1615 364 1705 394 nulla
1736 369 1827 395 tanta
1857 369 1904 396 est
1928 365 2060 397 audacia
2084 376 2166 406 quae

1203 404 1296 434 firmo
1329 404 1453 435 nitatur
1483 404 1700 444 fundamento
1730 408 1790 438 nisi
1824 418 1903 447 quae
1934 418 1974 438 cx
2004 408 2065 439 fide
2096 419 2166 449 pro-

1203 450 1326 478 manat:
1357 457 1454 487 quum
1488 447 1639 478 nimirum
1670 448 1708 479 de
1732 450 1791 480 Dei
1823 450 1989 481 voluntate
2020 451 2164 491 persuasi

1203 499 1323 526 sumus,
1364 489 1455 529 eique
1490 500 1607 521 morem
1643 492 1793 531 gerimus,
1834 493 1965 533 eiusque
2000 493 2166 533 promissis

1203 535 1336 571 stamus,
1369 532 1483 572 quibus
1517 542 1550 563 se
1584 533 1704 564 cultum
1740 539 1901 575 nostrum,
1935 546 1997 575 quo
2031 547 2089 567 nos
2124 536 2164 567 ad

1202 573 1301 613 ipsius
1324 575 1524 606 voluntatem
1548 576 1744 607 conformare
1768 577 1901 608 nitimur
1924 582 2050 618 gratum
2074 578 2165 610 habi-

1203 622 1323 656 turum,
1346 622 1378 648 et
1401 617 1525 649 felicem
1557 618 1602 648 illi
1628 629 1806 650 successum
1832 620 2035 661 largiturum,
2070 621 2163 661 polli-

1202 664 1302 690 eetur.
1348 660 1429 690 Tum
1461 670 1538 691 sane
1567 671 1643 691 vere
1666 661 1765 692 fortes
1790 668 1819 693 et
1845 664 2042 703 magnanimi
2066 664 2165 694 futuri

1202 712 1331 743 sumus,
1365 707 1396 733 et
1429 703 1581 734 invictam
1616 706 1828 735 constantiam
1864 707 2030 743 retenturi,
2065 717 2164 746 quum

1201 745 1281 775 fides
1304 749 1413 776 nostra
1444 756 1524 785 puro
1549 751 1626 785 puto
1647 746 1708 777 Dei
1739 747 1834 778 verbo
1864 748 1996 780 uitetur.
2040 748 2165 780 Contra

1201 797 1279 818 vero
1303 794 1411 819 nostra
1440 788 1649 819 incredulitas
1683 791 1829 829 patefiet,
1860 801 1956 830 quum
1991 791 2162 832 trepidabi-

1201 841 1280 864 mus,
1311 835 1343 861 et
1375 831 1488 862 incerti
1519 841 1554 861 ac
1589 830 1674 862 dubii
1699 842 1805 863 rerum
1830 838 1979 864 eventum
2005 834 2165 866 incertum

1200 878 1389 904 metuemus.
1425 873 1616 913 Ubicunque
1640 874 1723 904 enim
1750 885 1826 906 vera
1850 875 1926 906 fides
1950 875 2056 908 sedem
2081 878 2164 917 fixit,

1199 915 1289 946 nulla
1322 920 1470 956 superest
1501 915 1666 953 dubitatio,
1708 917 1795 948 nulla
1828 919 1946 949 mentis
1981 919 2161 959 trepidatio.

1199 958 1295 989 Hanc
1325 958 1363 989 ob
1398 969 1526 990 causam
1559 959 1643 999 apud
1682 960 1867 1000 prophetam
1901 961 2036 1002 legimus
2070 973 2165 994 veros

1199 999 1344 1032 doctores
1373 1002 1465 1040 mitti,
1500 1001 1555 1041 qui
1586 1002 1727 1032 labantia
1757 1013 1860 1042 genua
1890 1004 2098 1043 confirmentâ·
2134 1009 2166 1036 et

1200 1043 1320 1075 debiles
1350 1044 1578 1075 corroborent:
1610 1049 1644 1075 ut
1675 1044 1845 1076 doceamur
1877 1046 1936 1077 Dei
1969 1047 2065 1078 verbo
2097 1048 2163 1078 vim

1198 1085 1281 1118 hanc
1304 1087 1418 1125 inesse,
1450 1092 1486 1117 ut
1510 1097 1568 1118 nos
1592 1086 1630 1118 ad
1651 1087 1834 1118 faciendum
1859 1089 1996 1120 officium
2022 1090 2161 1128 idoneos,

1198 1134 1230 1160 et
1263 1129 1303 1159 ad
1339 1129 1556 1161 obedientiam
1598 1130 1821 1169 praestandam
1867 1131 1989 1163 habiles
2034 1133 2162 1164 efficiat.

1199 1171 1417 1210 Quamobrem
1442 1173 1541 1204 donec
1566 1172 1655 1203 Deus
1678 1184 1734 1203 nos
1758 1173 1876 1204 invicta
1898 1175 1999 1205 sancti
2023 1176 2072 1205 sui
2098 1177 2162 1216 spi-

1199 1215 1282 1245 ritus
1305 1215 1426 1246 virtute
1457 1215 1603 1252 cinxerit,
1638 1215 1759 1246 viribus
1789 1217 1935 1247 omnibus
1967 1217 2163 1258 defieiemur,

1199 1257 1426 1289 enervabimur
1458 1269 1494 1289 ac
1524 1258 1769 1295 debilitabimur,
1803 1263 1838 1289 ut
1872 1259 1972 1290 simus
2007 1259 2046 1290 ad
2080 1271 2162 1300 opus

1201 1300 1364 1340 quodlibet
1396 1300 1649 1342 aggrediendum
1673 1301 1810 1331 inutiles.
1854 1301 1947 1333 Hanc
1971 1303 2068 1342 igitur
2089 1303 2162 1335 doc-

1200 1343 1318 1374 trinam
1350 1354 1500 1375 eruamus
1530 1355 1568 1374 ex
1601 1344 1660 1374 hoc
1690 1344 1767 1381 loeo,
1799 1350 1829 1374 ct
1860 1345 2019 1376 mentibus
2044 1346 2162 1377 nostris

1201 1385 1298 1417 altius
1320 1386 1503 1427 infigamus,
1528 1396 1627 1426 quum
1651 1386 1766 1417 dicitur
1786 1386 1863 1417 Saul
1889 1387 1920 1417 in
1944 1387 2063 1419 bellum
2087 1399 2161 1420 eum

1202 1428 1321 1469 populo
1340 1440 1540 1470 progressus,
1563 1433 1627 1459 tam
1651 1429 1774 1460 facilem
1796 1429 1961 1460 victoriam
1974 1430 2160 1469 obtinuisse,

1204 1471 1272 1502 Deo
1296 1472 1341 1502 sic
1363 1472 1559 1503 secundante
1582 1472 1682 1512 ipsius
1705 1476 1844 1509 conatus,
1866 1478 1900 1502 ut
1924 1473 2039 1514 reipsa
2062 1484 2160 1514 appa-

1201 1515 1302 1545 ruerit
1342 1514 1449 1546 Deum
1490 1515 1584 1545 huius
1624 1514 1696 1545 belli
1737 1525 1895 1545 summum
1931 1516 2159 1556 imperatorem

1201 1556 1306 1593 fuisse,
1331 1562 1362 1588 et
1385 1557 1541 1589 adversus
1562 1557 1648 1597 ipsos
1672 1557 1778 1588 hostes
1802 1556 1978 1595 dimicasse,
2003 1565 2038 1589 ut
2062 1564 2158 1591 antea

1200 1599 1384 1631 audivimus
1408 1611 1447 1631 ex
1471 1601 1570 1637 Mose,
1596 1600 1698 1630 Deum
1723 1610 1755 1630 se
1778 1599 1915 1631 ultorem
1940 1600 2005 1631 fore
2033 1606 2062 1632 et
2086 1612 2160 1641 poe-

1199 1653 1259 1673 nas
1282 1642 1320 1673 de
1344 1648 1408 1674 tam
1433 1644 1562 1684 ingrata
1596 1648 1625 1673 et
1650 1642 1816 1673 maledicta
1839 1647 1932 1683 geute
1956 1649 2159 1684 sumpturum

1198 1685 1262 1716 iam
1297 1685 1372 1716 olim
1408 1685 1508 1717 fuisse
1542 1685 1780 1717 comminatum.
1833 1686 2047 1724 Quamobrem
2082 1687 2159 1718 hinc

1198 1727 1358 1760 discamus
1382 1729 1441 1760 sub
1466 1729 1615 1769 auspiciis
1639 1728 1770 1759 Domini
1800 1728 1977 1765 ambulare,
2013 1730 2159 1769 persuasi

1198 1781 1272 1809 nos,
1311 1771 1393 1802 nihil
1435 1772 1496 1802 nisi
1531 1771 1614 1812 quod
1649 1770 1737 1801 Deus
1771 1771 1899 1801 iusserit
1936 1772 2159 1813 suscipientes,

1197 1824 1324 1854 semper
1335 1814 1459 1845 felicem
1472 1814 1595 1845 exitum
1609 1814 1776 1844 sortituros
1788 1813 2002 1851 consiliorum,
2016 1815 2159 1854 quando-

1196 1856 1325 1897 quidem
1359 1857 1508 1897 promisit
1543 1867 1576 1887 se
1610 1861 1752 1887 nostram
1787 1855 2000 1887 obedientiam
2031 1862 2157 1898 gratam

1197 1899 1393 1932 habiturum,
1417 1900 1509 1940 eique
1533 1909 1699 1940 prosperos
1722 1909 1885 1930 successus
1909 1898 2071 1930 daturum.

1284 1942 1444 1983 Deinceps
1478 1953 1553 1973 vero
1588 1941 1696 1973 Saulis
1728 1946 1757 1972 et
1796 1941 1902 1980 populi
1944 1943 2158 1983 transgressio

1198 1989 1404 2016 memoratur.
1440 1985 1608 2016 Laudatus
1631 1984 1758 2024 quidem
1782 1984 1936 2015 hactenus
1962 1984 2048 2023 Saul,
2072 1986 2157 2025 quod

1198 2032 1363 2059 strenuam
1385 2033 1533 2059 navasset
1557 2037 1684 2067 operam
1708 2027 1739 2056 in
1765 2027 1976 2065 exsequendis
1988 2027 2049 2058 Dei
2069 2039 2160 2059 man-

1199 2070 1297 2101 datis:
1323 2070 1377 2102 sed
1403 2071 1463 2101 iam
1490 2075 1552 2101 tam
1579 2069 1681 2109 turpis
1704 2069 1811 2108 lapsus
1835 2069 1933 2108 ipsius
1958 2069 2160 2109 describitur,

1198 2117 1236 2144 ut
1266 2118 1436 2154 propterea
1469 2113 1629 2144 Dominus
1663 2112 1753 2142 illum
1787 2112 2018 2150 exauctorauit,
2060 2113 2159 2144 immo

1197 2155 1294 2196 plane
1318 2156 1470 2193 rciecerit,
1495 2160 1528 2186 ut
1552 2156 1583 2186 in
1604 2154 1807 2194 sequentibus
1827 2154 1925 2184 visuri
1949 2165 2068 2186 sumus.
2093 2156 2159 2186 Ve-

1199 2209 1269 2229 rum
1293 2200 1458 2230 enimvero
1481 2198 1585 2239 prima
1616 2198 1718 2228 fronte
1748 2207 1810 2227 non
1835 2207 1934 2236 usque
1958 2197 2036 2228 adeo
2060 2209 2159 2238 grave

1198 2245 1362 2281 peccatum
1386 2241 1470 2272 istud
1496 2241 1672 2277 videbitur,
1707 2239 1789 2279 quod
1814 2245 1878 2269 tam
1903 2250 2012 2271 severe
2033 2242 2159 2280 punire-

1198 2289 1260 2315 tur.
1295 2285 1377 2315 Nam
1401 2288 1431 2315 et
1454 2284 1521 2324 ipse
1545 2294 1577 2314 sc
1602 2282 1678 2314 Saul
1704 2292 1870 2313 occurrens
1895 2281 2056 2321 80010011,
2086 2288 2158 2314 tan-Î‡

1198 2338 1293 2367 quam
1319 2338 1352 2357 re
1375 2326 1455 2358 bene
1478 2330 1566 2367 gesta
1589 2326 1701 2362 iactat,
1735 2330 1764 2354 01
1788 2335 1821 2355 sc
1845 2324 1930 2355 velut
1954 2325 2158 2366 irreprehen-

1198 2369 1322 2400 sibilem
1349 2370 1513 2411 gloriatur,
1537 2379 1632 2408 quum
1658 2368 1710 2404 ait,
1734 2367 1878 2406 praestiti
1903 2367 2038 2398 verbum
2062 2368 2157 2399 IehoÎ‡

1198 2423 1267 2443 vae.
1292 2412 1420 2452 Quibus
1444 2411 1549 2442 verbis
1569 2410 1731 2441 victoriani
1756 2419 1844 2440 suam
1861 2409 2001 2441 Samueli
2021 2411 2158 2451 probare

1198 2460 1352 2495 tanquam
1373 2454 1562 2485 laudabilem
1580 2453 1703 2490 nititur,
1727 2457 1758 2482 et
1771 2457 1920 2491 tanquam
1935 2463 1992 2484 rex
2006 2458 2158 2486 strenuus

1197 2503 1228 2529 et
1252 2498 1343 2528 fortis
1367 2497 1489 2528 laudari
1513 2496 1551 2526 ab
1574 2495 1627 2525 illo
1652 2494 1753 2534 cupit,
1784 2495 2041 2535 quandoquidem
2067 2506 2157 2528 man-

1197 2541 1272 2572 data
1295 2540 1354 2571 sibi
1386 2544 1466 2570 osset
1489 2542 1692 2577 exsequutus.
1737 2537 1860 2568 Verum
1891 2542 1922 2568 et
1946 2537 2024 2569 Saul
2048 2545 2079 2570 et
2102 2550 2157 2580 po-

1198 2584 1295 2623 pulus
1329 2583 1468 2624 graviter
1497 2585 1588 2611 erant
1618 2580 1716 2620 lapsi,
1751 2587 1915 2619 peccatum
1951 2585 2058 2612 tamen
2094 2592 2157 2613 non

1199 2630 1425 2667 agnoscentes,
1456 2623 1509 2655 sed
1534 2622 1639 2663 potius
1664 2623 1826 2662 praeclare
1849 2634 1882 2654 so
1905 2623 2009 2655 officio
2032 2625 2158 2657 functos
