2551 3044
403 230 460 261 271
1209 228 1410 263 Hostum-t
1436 229 1577 261 vau.
2310 233 2372 269 272

406 323 475 354 Deo
507 328 683 362 protectore
707 333 766 353 000
788 323 892 354 salvos
916 324 990 359 fore,
1025 321 1117 354 modo
1147 323 1179 354 in
1203 323 1361 363 angustiis
1386 339 1389 358 ,s

406 366 475 397 istis
499 365 538 396 ad
561 365 667 404 ipsum
690 366 920 405 confugiamus,
945 373 975 395 ct
998 376 1053 396 nos
1076 365 1104 396 ei
1128 370 1211 396 totos
1231 366 1361 405 permita-

405 415 520 442 tamus.
554 407 688 438 Davidis
718 408 899 448 exemplum
924 408 1049 445 imitati,
1083 408 1136 447 qui
1161 408 1288 439 Psalmo
1312 407 1363 439 31.

405 451 437 481 in
467 461 592 481 summo
615 451 808 481 constitutus
831 451 1024 488 discrimine,
1050 451 1110 481 ait:
1146 450 1278 482 Domine
1299 451 1361 490 spi-

406 494 501 524 ritum
532 503 632 523 meum
656 493 687 524 in
711 503 820 524 »nanus
841 497 911 524 tuas
933 493 1111 524 commendo.
1156 493 1233 531 Nae,
1264 503 1360 533 quum

406 547 446 566 ex
471 536 534 565 imo
558 543 684 575 pectore
709 536 788 566 tales
812 546 920 575 preces
945 536 1036 574 fudit,
1061 535 1229 566 videbatur
1253 536 1361 566 iamin

405 621 591 652 ardentibus
627 621 708 651 votis
741 622 823 652 mori
858 630 987 661 paratus
1016 621 1169 661 confugit.
1204 621 1362 660 Equidem

406 674 544 703 agnosco
569 674 625 694 nos
648 663 716 694 sive
740 673 899 704 prospera.
923 666 990 694 sive
1009 663 1143 694 adversa
1163 671 1293 694 utamur
1312 674 1362 694 va·
1388 674 1389 696 ῐ

406 706 559 744 1011111100,
582 707 650 737 sive
672 706 828 742 secundis,
852 707 921 737 sive
933 706 1077 737 adversis
1091 706 1194 744 rebus,
1217 713 1362 746 oportere

406 748 446 780 ad
477 748 581 779 Deum
614 748 758 787 precibus
788 749 971 789 confugere.
1008 748 1274 788 quemadmodum
1307 760 1363 780 nos

405 792 553 831 exemplo
583 802 640 822 000
672 791 830 822 Dominus
861 793 926 831 ipse
957 800 1063 822 noster
1093 792 1182 822 lesus
1213 793 1362 823 Christus

405 834 520 865 docuit.
567 834 632 865 Sed
656 840 762 865 tamen
787 845 885 874 quum
910 834 1048 865 hostium
1070 845 1202 865 suorum
1221 834 1360 865 furorem

406 876 512 908 David
533 877 738 916 conspiceret.
762 885 793 907 et
813 877 974 907 videretur
994 877 1025 907 10
1045 877 1188 917 ipsorum
1207 882 1362 917 potestate

405 920 469 951 iam
494 920 631 955 futurus,
664 926 731 950 tum
757 920 896 950 maximo
919 920 1019 950 vitam
1043 931 1131 950 suam
1155 920 1186 950 111
1213 920 1272 951 Dei
1296 930 1360 950 ma-

406 973 482 993 uum
506 962 648 997 00010011,
674 973 845 1002 persuasus
869 962 974 993 Deum
999 973 1090 1002 posse
1113 963 1218 1003 ipsum
1242 963 1281 993 ab
1299 973 1363 993 om-

406 1004 499 1036 nibus
522 1005 585 1036 illis
601 1005 752 1044 periculis
769 1011 800 1035 et
815 1005 892 1036 diris
909 1005 1046 1036 hostium
1062 1006 1362 1036 comminationibus

403 1058 544 1085 servare,
572 1053 604 1078 et
634 1048 667 1078 in
698 1047 878 1078 libertatem
912 1058 1062 1079 asserere.
1111 1047 1204 1087 N,am
1241 1048 1360 1088 inquit:

404 1094 437 1120 tu
469 1090 601 1122 Domine
628 1100 674 1121 me
708 1090 876 1122 redemisti.
923 1091 1079 1122 Memoria
1106 1091 1270 1130 repetebat
1303 1091 1362 1121 Dei

405 1144 558 1173 praeseus
582 1133 749 1169 auxilium,
772 1144 834 1172 quo
858 1134 956 1164 ictum
978 1132 1089 1164 hastae
1109 1132 1217 1165 Saulis
1236 1134 1301 1164 31)
1295 1144 1362 1173 ipso

405 1183 583 1206 averterat:
607 1182 640 1206 et
663 1177 854 1216 agnoscebat
878 1176 999 1206 nullam
1022 1186 1090 1208 esse
1114 1183 1235 1207 tantam
1260 1176 1362 1207 homi—

406 1229 484 1249 num
515 1219 581 1249 vim
611 1229 674 1258 qua
702 1218 803 1258 possit
834 1229 873 1249 ex
904 1219 1054 1258 periculis
1077 1219 1262 1260 ingentibus
1285 1219 1363 1253 erui,

406 1262 466 1292 uisi
498 1261 598 1292 solam
628 1260 689 1292 Dei
713 1272 845 1292 manum
869 1268 899 1292 01
923 1262 1110 1301 potentiam.
1154 1261 1267 1302 Itaque
1291 1272 1363 1301 pro-

405 1303 612 1335 missionibus
635 1304 703 1335 eius
729 1305 856 1334 nititur:
880 1311 911 1335 et
936 1304 1009 1335 licet
1028 1316 1061 1335 sc
1082 1305 1233 1336 miserum
1253 1314 1362 1345 pecca-

405 1354 505 1378 torem
530 1347 647 1377 scntiat
679 1347 788 1377 multis
820 1352 1021 1385 peccatorum
1046 1346 1191 1378 sordibus
1214 1347 1361 1387 inquina-

406 1397 483 1426 tum,
513 1389 722 1420 nihilominus
753 1390 784 1420 in
816 1389 879 1420 Dei
909 1389 1051 1420 bonitate
1074 1395 1191 1430 sperat,
1225 1396 1256 1420 et
1279 1390 1363 1420 fruc-

404 1440 472 1463 tum
503 1431 739 1463 misericordiae
770 1439 801 1463 et
823 1433 946 1472 gratiae
970 1433 1069 1472 ipsius
1092 1438 1263 1472 exspectat.
1310 1432 1362 1463 Id-

403 1477 485 1506 circo
510 1475 606 1506 etiam
631 1475 720 1506 illum
745 1475 851 1506 Deum
876 1486 1021 1506 veracem
1046 1481 1149 1512 vocat,
1180 1486 1208 1515 q.
1233 1476 1281 1506 d.:
1312 1475 1361 1506 Tu

406 1518 544 1549 Domine
563 1528 641 1557 opus
662 1525 750 1548 tuum
770 1518 912 1558 coepisti,
932 1518 1139 1558 quamobrem
1159 1525 1191 1549 et
1209 1517 1249 1548 ad
1264 1519 1361 1549 finem

405 1570 505 1599 usque
525 1559 693 1600 perduces:
718 1561 976 1601 quandoquidem
997 1561 1099 1592 fidelis
1118 1570 1167 1592 es:
1192 1571 1295 1601 neque
1312 1571 1362 1591 me

403 1613 514 1642 pasces
538 1603 623 1633 inani
648 1614 712 1642 spe,
741 1603 795 1633 sed
820 1603 1047 1634 benefaciendo
1071 1603 1151 1634 mihi
1174 1613 1297 1644 perges,
1331 1609 1362 1634 et
1387 1600 1389 1631 ἶ

402 1651 458 1676 1113
487 1645 595 1685 potius
624 1645 657 1675 in
690 1656 740 1676 me
764 1646 845 1676 dona
868 1646 1104 1686 multiplicabis,
1134 1657 1232 1686 quam
1254 1656 1360 1677 meum

403 1688 539 1719 exitium
564 1698 706 1728 quaeras.
732 1687 807 1719 Ideo
826 1688 949 1720 confido
969 1690 1068 1720 vitam
1088 1699 1192 1720 meam
1211 1689 1243 1719 10
1264 1699 1360 1720 mauu

405 1737 460 1762 tua
492 1731 629 1770 positam
663 1737 765 1761 tutam
801 1732 876 1761 fore.
923 1731 964 1762 Et
997 1731 1058 1763 huc
1092 1733 1232 1772 pertinet
1265 1732 1360 1762 ctiam

404 1773 483 1804 illud
514 1773 596 1813 quod
627 1773 689 1804 alio
712 1773 849 1813 quodam
876 1774 1003 1805 Psalmo
1026 1774 1111 1811 dicit,
1148 1775 1209 1806 Dei
1240 1774 1360 1805 miseri-

403 1815 527 1847 cordias
555 1826 624 1847 esse
653 1817 800 1848 meliores
831 1827 926 1856 super
956 1818 1041 1848 omni
1066 1817 1140 1849 vita.
1187 1817 1253 1848 Vix
1276 1817 1362 1848 enim

403 1858 464 1890 sibi
495 1858 640 1890 homines
670 1865 807 1899 possunt
830 1860 1006 1897 consulere,
1038 1860 1186 1900 vitaeque
1209 1859 1362 1890 tutandae

403 1901 544 1932 rationes
575 1902 738 1932 invenire:
766 1912 846 1941 quas
869 1902 896 1933 si
919 1902 999 1933 forte
1023 1903 1184 1934 invenisse
1207 1902 1267 1934 sibi
1290 1913 1362 1942 per—

402 1943 571 1981 suadeant,
602 1945 780 1976 securiores
809 1945 883 1976 facti
907 1945 1108 1982 indurantur,
1140 1951 1171 1976 et
1193 1955 1249 1985 spe
1273 1945 1360 1976 inani

403 1994 587 2026 pascuntur.
635 1987 738 2018 David
770 1993 874 2018 autem
906 1989 1048 2028 agnoscit
1078 1989 1218 2019 rationes
1240 1998 1360 2024 omncs,

403 2038 435 2060 01
467 2030 576 2061 omnia
609 2029 744 2060 consilia
777 2036 809 2060 et
838 2030 944 2061 media
979 2030 1120 2061 humana
1153 2031 1268 2070 quibus
1292 2041 1360 2061 sese

403 2073 483 2103 tueri
509 2072 654 2103 homines
677 2072 817 2109 student,
843 2073 934 2104 nihili
959 2084 1028 2104 esse
1051 2073 1198 2104 facienda
1212 2083 1286 2112 prae
1300 2073 1360 2104 Dei

402 2125 500 2146 manu
525 2125 623 2155 quum
647 2125 704 2154 pro
728 2116 794 2147 suis
819 2115 927 2147 liberis
950 2126 1007 2146 nos
1027 2116 1144 2147 habere
1164 2116 1358 2156 dignabitur.

401 2157 571 2188 Caeterum
596 2165 627 2188 et
650 2158 735 2189 istud
756 2158 991 2190 observandum
1008 2166 1058 2189 est
1071 2165 1191 2194 contra,
1217 2169 1278 2189 non
1292 2169 1360 2189 esse

403 2200 493 2231 nobis
517 2200 780 2248 despondcndum
803 2202 947 2232 animum
970 2212 1068 2240 quum
1092 2211 1110 2232 a
1129 2201 1198 2232 Deo
1217 2200 1360 2232 derelicti

405 2243 594 2278 videbimur,
620 2243 725 2283 ipsum
749 2243 848 2274 etiam
872 2243 1009 2275 Davidis
1028 2244 1212 2283 exemplum
1232 2244 1360 2274 intuen-
1386 2267 1387 2270 η

401 2293 464 2316 11οε
489 2296 588 2334 quare
607 2286 631 2317 si
653 2287 794 2326 undique
815 2297 870 2318 nos
890 2286 1026 2318 obsideri
1047 2287 1086 2318 ab
1105 2286 1252 2318 hostibus
1271 2286 1360 2318 Deus

401 2372 538 2411 aliquam
578 2379 765 2411 potestatem
799 2372 917 2407 fecerit,
962 2383 1001 2403 ne
1032 2378 1198 2412 propterca
1227 2373 1358 2413 inquam

403 2422 590 2451 terreamur,
620 2422 651 2445 01
680 2415 823 2445 animum
854 2415 892 2446 ad
923 2415 1026 2454 ipsum
1050 2415 1082 2446 in
1107 2415 1264 2455 angustiis
1287 2425 1359 2446 con·
1386 2415 1387 2422 ¹

401 2456 543 2496 fugiendi
568 2457 762 2495 abiiciamus,
791 2458 844 2488 sed
866 2459 969 2497 potius
982 2468 1018 2488 00
1031 2457 1265 2489 ardentioribus
1278 2457 1359 2489 votis

400 2500 499 2538 ipsius
524 2500 773 2531 misericordiam
797 2500 1017 2531 sollicitemus.
1062 2500 1173 2540 Neque
1193 2511 1268 2532 vero
1287 2505 1358 2531 1311-

401 2549 467 2572 tum
500 2542 619 2583 singuli
648 2542 708 2573 sibi
741 2542 823 2574 11300
846 2543 1024 2575 doctrinam
1049 2543 1167 2574 debent
1189 2543 1358 2583 applicare,

399 2584 454 2615 sed
477 2586 573 2616 etiam
597 2585 636 2616 ad
660 2586 845 2625 generalem
869 2586 1020 2617 eeclesiae
1043 2592 1163 2617 statum
1187 2590 1236 2617 est
1255 2592 1359 2617 trans·

399 2627 540 2658 ferenda.
585 2627 803 2666 Quamobrem
838 2628 863 2660 si
888 2629 915 2660 is
938 2629 1090 2660 ecclesiae
1113 2633 1218 2660 status
1241 2627 1358 2661 videbi-

400 2677 461 2707 tur,
493 2677 529 2701 ut
552 2671 651 2711 ipsius
675 2672 842 2702 immineat
865 2671 1035 2710 desolatio,
1066 2676 1098 2703 et
1119 2681 1200 2712 quae
1224 2671 1358 2712 pulchre

1388 556 1389 569 ÷
1416 537 1478 567 nisi
1511 537 1600 568 Deus
1629 520 1818 569 miraculose
1841 537 2042 577 0101111100οι

406 578 551 618 sepulcro
589 578 702 618 pedem
732 578 869 609 alterum
900 579 1025 614 babere,
1063 589 1160 618 quare
1191 578 1231 609 ad
1256 578 1361 609 Deum
1388 575 1389 615 ζ

1414 323 1563 354 instituta
1586 323 1712 354 fuerant
1734 325 1859 356 ruinam
1884 324 2059 361 minentur,
2092 329 2129 354 ut
2153 324 2222 360 sola
2245 330 2371 361 tantum

1415 372 1569 405 appareat
1599 365 1751 404 confusio,
1780 378 1819 398 ne
1849 373 2019 407 propterea
2049 367 2223 405 turbemur,
2253 367 2310 400 sed
2331 369 2371 400 ad

1416 407 1478 438 Dei
1502 409 1658 440 auxilium
1681 410 1913 450 confugiamus
1958 408 2119 440 Davidem
2142 411 2229 442 enim
2254 410 2305 442 hic
2327 411 2373 442 vi·

1387 490 1389 495 .
1416 450 1528 482 demus
1558 451 1597 482 ad
1628 458 1751 491 tempus
1780 452 1876 483 veluti
1901 453 1933 482 in
1957 452 2026 491 ipso
2049 453 2161 483 mortis
2183 452 2318 485 articulo
2341 461 2372 485 et

1416 493 1509 533 longe
1530 504 1547 525 a
1566 504 1622 534 spe
1642 500 1806 532 remotum,
1828 501 1862 526 ut
1881 495 2024 525 animum
2044 494 2243 534 despondere
2255 503 2371 536 posset,

2091 536 2200 576 Quare
2222 538 2250 569 si
2273 548 2371 569 evan-

1415 578 1490 618 gelii
1512 589 1640 610 cursum
1660 579 1816 620 impediri,
1836 581 1861 611 si
1881 579 2048 611 ecelesiam
2067 580 2372 613 comminationibus

1417 622 1539 657 terreri¹
1570 622 1596 652 01
1620 621 1756 662 denique
1779 622 1934 654 muudum
1958 632 2076 661 susque
2099 622 2199 662 deque
2223 623 2300 655 ferri
2323 624 2371 655 vi-

1415 664 1566 702 derimus,
1590 664 1798 697 nibilominus
1816 675 1980 705 speremus
2000 664 2106 696 Deum
2125 666 2233 697 omnia
2255 667 2371 706 impro-

1416 707 1527 738 borum
1547 707 1680 738 consilia
1699 707 1852 740 adversus
1863 708 2027 739 ecclesiam
2041 718 2133 738 suam
2146 709 2372 749 infracturum,

1415 756 1447 779 et
1471 749 1608 781 nubibus
1632 750 1720 780 irrita
1743 750 1949 782 donaturum:
1974 750 2071 780 immo
2090 760 2297 791 quaecunque
2316 751 2371 783 ad-

1416 802 1528 822 versus
1558 791 1666 823 fideles
1697 793 1867 825 machinati
1898 794 2016 824 fuerint
2041 793 2073 823 in
2098 794 2240 832 ipsorum
2265 795 2372 834 capita

1415 835 1648 871 derivatorum,
1681 842 1713 866 et
1734 845 1859 867 summa
1881 835 2069 867 confusione
2092 843 2125 866 01
2152 835 2306 868 dedecore
2326 837 2372 868 af-

1415 877 1585 909 sectorum.

1500 921 1716 951 Transeamus
1745 921 1784 952 ad
1807 922 1973 961 sequentia
1996 920 2067 951 illa:
2102 920 2146 952 Et
2168 921 2271 953 timuit
2294 921 2374 954 Saul

1414 974 1434 994 a
1455 963 1534 1000 facie
1546 963 1663 999 David,
1687 973 1720 994 eo
1736 964 1814 1003 quod
1827 963 1982 995 Dominus
2005 966 2079 994 esset
2101 974 2169 995 cum
2191 974 2234 1004 eo,
2257 967 2284 995 et
2305 975 2326 996 a
2341 975 2374 996 sc

1414 1006 1594 1037 recessisset.
1630 1006 1737 1036 Metus
1755 1006 1881 1046 quidem
1901 1007 1961 1037 istc
1980 1007 2084 1046 prima
2103 1007 2182 1038 facie
2201 1006 2373 1038 laudabilis

1417 1049 1516 1079 videri
1550 1055 1665 1088 posset.
1711 1048 1819 1080 Timor
1852 1049 1938 1079 enim
1971 1049 2110 1085 Domini,
2147 1056 2182 1080 ut
2211 1049 2372 1090 scriptura

1416 1092 1564 1131 loquitur,
1593 1091 1721 1122 initium
1752 1099 1799 1123 est
1821 1092 1926 1123 omnis
1949 1092 2102 1123 scientiae
2126 1099 2157 1122 et
2180 1092 2373 1132 sapientiae:

1415 1140 1445 1165 et
1475 1134 1656 1174 ubicunque
1690 1134 1777 1165 Deus
1805 1144 1896 1166 suam
1928 1135 2081 1166 virtutem
2113 1135 2264 1173 declarat,
2299 1145 2372 1167 cum

1415 1178 1529 1207 timore
1570 1184 1601 1207 01
1642 1177 1822 1208 reverentia
1861 1188 1917 1208 nos
1959 1177 2052 1208 illum
2096 1177 2186 1208 decet
2223 1178 2372 1209 revereri.

1415 1219 1632 1258 Quamobrem
1665 1219 1764 1250 videri
1793 1227 1902 1260 posset.
1926 1220 1977 1251 hic
2000 1219 2109 1251 Saulis
2133 1221 2238 1257 timor,
2269 1231 2331 1261 quo
2355 1231 2374 1252 3

1415 1262 1495 1294 facie
1525 1262 1662 1293 Davidis
1692 1262 1834 1294 timuisse
1865 1262 1992 1302 dicitur,
2023 1274 2085 1293 non
2117 1274 2186 1294 csse
2216 1263 2263 1294 illi
2294 1263 2374 1295 vitio

1416 1304 1598 1336 vertendus.
1644 1305 1712 1336 Cur
1744 1315 1810 1336 non
1843 1306 1928 1336 enim
1963 1305 2101 1345 gratiam
2139 1305 2199 1336 Dei
2233 1306 2372 1346 quaein

1417 1347 1541 1378 Davide
1578 1354 1731 1387 tanquam
1767 1347 1847 1379 radii
1879 1348 1998 1388 gloriae
2028 1348 2130 1388 ipsius
2160 1348 2373 1388 splendebant

1417 1390 1610 1421 honoraret?
1645 1390 1733 1421 Deus
1755 1391 1840 1421 enim
1864 1391 1943 1421 satis
1965 1391 2151 1422 ostendebat
2175 1403 2209 1422 se
2233 1391 2317 1423 velle
2339 1392 2373 1422 in

1415 1433 1540 1464 Davide
1569 1432 1736 1464 honorari:
1771 1444 1869 1473 quare
1900 1433 1979 1464 Saul
2010 1433 2106 1464 etiam
2138 1433 2228 1464 illum
2259 1435 2374 1466 timere

1416 1475 1516 1506 debet.
1564 1474 1718 1516 Singulos
1739 1476 1823 1507 enim
1847 1482 1973 1516 oportet
1995 1486 2102 1507 coram
2127 1476 2183 1507 illa
2206 1477 2373 1508 maiestate

1415 1529 1566 1559 suprema
1595 1525 1742 1555 tremere,
1770 1524 1802 1550 et
1830 1525 1904 1549 ante
1935 1519 2036 1559 ipsius
2060 1519 2174 1549 faciem
2198 1519 2304 1560 silere,
2337 1526 2373 1551 ut

1415 1562 1459 1592 ait
1492 1561 1657 1601 propbeta.
1707 1561 1831 1592 Verum
1867 1562 1926 1592 iste
1961 1561 2070 1593 Saulis
2106 1562 2201 1592 timor
2236 1562 2374 1594 Davidis

1414 1604 1525 1635 faciem
1569 1604 1721 1643 fugientis
1760 1615 1823 1635 non
1864 1604 1897 1635 in
1933 1604 2030 1635 alium
2065 1604 2163 1635 finem
2199 1605 2374 1645 spectavit:

1414 1657 1509 1686 quam
1533 1652 1568 1677 111
1588 1646 1649 1678 Dei
1668 1647 1881 1686 praesentiam
1902 1647 2044 1687 fugeret:
2067 1648 2122 1686 qui
2142 1657 2219 1679 sane
2239 1647 2374 1680 vitiosus

1414 1696 1462 1720 001
1491 1690 1596 1720 timor.
1643 1690 1735 1726 Nam,
1767 1695 1802 1720 ut
1830 1690 1907 1726 dixi,
1943 1690 2056 1720 timere
2079 1689 2186 1720 Deum
2211 1689 2374 1728 debemus,

1413 1740 1444 1763 et
1474 1743 1684 1772 quaecunque
1714 1743 1790 1763 suae
1818 1732 1939 1772 gloriae
1970 1733 2063 1773 signa
2086 1732 2151 1772 dat,
2182 1733 2300 1772 quibus
2322 1733 2374 1765 vel

1387 1776 1640 1806 Ἰ00111111110111111·
1678 1775 1727 1807 νο1
1761 1775 1957 1812 deiiciamur,
1995 1783 2027 1806 et¹
2061 1775 2100 1805 ad
2136 1775 2250 1806 vivum
2273 1786 2375 1817 usque

1413 1818 1620 1853 laucincmur,
1644 1828 1682 1849 ea
1700 1818 1845 1849 demissis
1868 1818 2055 1853 cervicibus,
2079 1824 2111 1848 et
2134 1818 2274 1850 velutin
2293 1818 2376 1850 nihi-

1414 1861 1478 1891 lum
1503 1860 1623 1892 redacti
1646 1871 1750 1893 coram
1775 1861 1944 1892 maiestate
1968 1861 2069 1901 ipsius
2088 1861 2247 1899 venerari,
2271 1862 2317 1893 sic
2337 1868 2374 1892 ut

1414 1914 1470 1934 nos
1500 1904 1531 1934 iu
1556 1904 1657 1943 ipsius
1678 1904 1865 1944 obsequium
1889 1903 1975 1934 ultro
1998 1913 2179 1943 conponere
2203 1903 2373 1941 discamus,

1386 1969 1388 1980 .=
1413 1947 1588 1986 iugumque
1617 1947 1718 1986 ipsius
1747 1946 1870 1986 placide
1893 1945 2073 1983 admittere,
2105 1952 2135 1977 et
2159 1957 2216 1978 nos
2239 1946 2303 1987 ipsi
2324 1957 2375 1978 re—

1413 1989 1532 2029 gendos
1555 1990 1623 2020 sine
1646 1990 1862 2030 repugnantia
1895 1995 1927 2019 et
1956 1988 2210 2020 contradictione
2239 1989 2372 2029 permit.—

1414 2040 1488 2063 tcrc.
1535 2032 1604 2063 Nae
1634 2033 1661 2063 si
1695 2033 1797 2063 Deum
1829 2032 1888 2064 hac
1912 2033 2035 2062 ratione
2059 2031 2272 2070 timuerimus,
2303 2042 2373 2064 cer-

1414 2080 1480 2105 tum
1512 2081 1559 2106 est
1590 2085 1646 2106 nos
1677 2075 1715 2106 ad
1744 2075 1848 2115 ipsum
1873 2085 1965 2115 posse
1988 2073 2189 2105 confidenter
2211 2074 2374 2107 accedere.

1413 2116 1618 2157 Quapropter
1641 2118 1824 2149 confirmari
1849 2128 1907 2148 000
1930 2117 1962 2148 10
1984 2117 2086 2157 ipsius
2105 2127 2222 2154 amore,
2245 2122 2277 2149 et
2294 2117 2374 2150 fidu-

1412 2160 1493 2190 ciam
1516 2160 1668 2192 bonitatis
1691 2161 1792 2200 ipsius
1815 2161 1846 2191 in
1868 2160 1960 2191 nobis
1979 2159 2088 2200 augeri
2108 2165 2243 2199 oportet,
2266 2159 2374 2191 admo-

1415 2203 1495 2233 nitos
1519 2203 1603 2234 dicto
1627 2203 1681 2234 illo
1702 2203 1876 2243 prophetae
1895 2204 1928 2234 in
1949 2203 2097 2238 Psalmis,
2120 2201 2232 2239 Deum,
2256 2203 2372 2243 inquit,

1412 2246 1558 2284 timemus,
1599 2249 1626 2277 et
1665 2249 1765 2277 tamen
1799 2247 1833 2277 in
1865 2246 1969 2286 ipsius
2001 2245 2145 2285 templum
2179 2245 2374 2285 ingredimur

1386 2323 1387 2327 Ἰ
1412 2299 1503 2326 quum
1536 2299 1612 2320 suae
1644 2289 1768 2320 virtutis
1800 2290 1892 2329 siqua
1923 2288 2073 2328 quaedam
2106 2287 2211 2319 edidit.
2264 2287 2371 2321 David

402 2330 591 2368 permiserit,
615 2335 647 2359 et
666 2330 818 2368 improbis
838 2329 1020 2360 hominibus
1039 2329 1078 2360 ad
1098 2340 1154 2361 nos
1173 2329 1360 2361 cruciandos
1386 2332 1388 2367 ξ

1413 2342 1487 2360 sane
1520 2331 1624 2362 Deum
1655 2337 1804 2372 precatus
1827 2338 1885 2370 est,
1919 2341 1982 2362 non
2006 2337 2127 2361 temere
2151 2340 2254 2370 neque
2277 2331 2372 2363 nimis

1412 2373 1616 2411 confidenter,
1648 2374 1703 2406 sed
1727 2385 1800 2406 cum
1825 2373 1982 2405 modestia
2003 2380 2035 2403 et
2058 2373 2172 2404 timore
2195 2374 2374 2406 maiestatis

1412 2416 1527 2454 ipsius:
1563 2427 1667 2457 neque
1691 2418 1776 2448 enim
1801 2416 1840 2447 ad
1864 2416 1926 2447 Dei
1950 2415 2151 2447 maiestatem
2175 2426 2246 2447 cum
2271 2421 2373 2448 teme-

1411 2459 1494 2488 raria
1529 2460 1661 2492 audacia
1690 2460 1879 2491 mortalibus
1901 2464 1949 2490 est
1972 2458 2196 2489 accedendum.
2242 2459 2373 2490 Timen-

1413 2500 1487 2531 dum
1518 2503 1623 2542 itaque
1652 2503 1758 2534 Deum
1790 2501 1867 2534 dicit
1889 2501 2008 2537 David,
2039 2501 2094 2532 sed
2126 2501 2224 2541 addit,
2256 2501 2375 2533 nihilo·

1412 2544 1516 2575 miuus
1548 2552 1654 2576 tamen
1682 2546 1716 2576 in
1739 2545 1838 2585 ipsius
1861 2544 2018 2584 templum
2044 2543 2247 2575 veniendum.
2285 2543 2373 2583 Quid

1412 2585 1456 2616 ita
1488 2588 1586 2618 vero?
1619 2588 1742 2628 Nempe
1773 2589 1878 2628 ipsum
1910 2586 2051 2618 bonitate
2083 2587 2214 2627 plenum
2238 2592 2372 2619 noverat

1412 2628 1480 2668 ipsa
1511 2631 1718 2669 experientia,
1748 2640 1827 2670 quae
1851 2630 1987 2661 faciebat
2010 2629 2155 2661 animum
2178 2630 2310 2670 propius
2332 2629 2373 2664 ad

1412 2671 1515 2711 ipsum
1541 2673 1721 2712 accedendi,
1742 2672 1954 2714 precibusque
1977 2671 2179 2704 sollicitandi.
2226 2672 2277 2708 En
2297 2682 2371 2714 quo-
