2551 3044
353 195 394 227 23

353 300 426 322 mur
453 299 517 321 non
539 299 694 329 quaerere
717 289 847 329 effugia,
875 298 974 329 quum
999 289 1058 322 Dei
1084 288 1180 320 verbo
1203 297 1309 328 repre·
1333 302 1335 313 ι

354 332 534 369 hendimur,
555 342 595 363 ne
614 331 735 363 malum
754 331 839 363 malo
856 331 1065 364 cumulemus.
1111 331 1197 370 Quin
1213 331 1309 361 etiam
1333 318 1335 366 i

353 373 533 407 cavendum
563 384 766 414 summopere
796 384 836 405 ne
863 375 968 414 specie
989 374 1044 406 illa
1066 373 1308 406 excusationum
1334 382 1336 420 ς

354 417 567 457 decipiamur:
592 416 848 457 quandoquidem
871 417 976 448 solent
995 417 1140 448 homines
1159 416 1310 456 speciosis
1333 429 1335 436 Α

353 459 514 492 coloribus
549 466 656 500 tegere
694 466 725 491 et
758 460 876 496 fucare,
915 469 996 500 quae
1029 470 1068 490 ex
1103 458 1226 489 arbitrii
1260 459 1309 489 sui

353 513 450 534 sensu
481 509 512 534 et
543 503 673 543 propria
704 502 870 534 voluntate
893 503 1012 534 faciunt
1035 508 1145 533 contra
1171 501 1231 532 Dei
1255 512 1308 531 vo·
1333 492 1335 531 Ι

353 544 520 577 luntatem.
566 545 649 576 Nam
682 545 823 585 exempli
852 546 965 586 gratia,
1003 555 1109 576 nonne
1137 543 1309 584 papisticae
1333 539 1335 588 ξ

353 587 427 620 illae
457 588 703 628 superstitiones
730 595 761 619 et
790 587 964 626 illusiones,
998 597 1075 627 quas
1106 587 1164 618 Dei
1187 586 1308 617 cultum
1332 612 1335 622 ,

353 638 478 665 vocant.
512 631 663 671 speciosis
693 631 870 671 sapientiae
900 631 1076 662 rationibus
1107 628 1307 661 fulciuntur?
1332 652 1334 667 Ι

355 672 440 705 Sane
468 674 589 705 Paulus
621 674 664 704 ita
695 673 842 713 loquitur,
873 683 973 713 quum
996 683 1054 703 suo
1077 673 1139 703 iam
1164 679 1307 712 tempore

353 716 510 756 quaedam
541 716 750 756 imaginariae
773 716 1019 755 superstitiones
1043 716 1074 746 in
1101 714 1160 746 Dei
1183 715 1306 746 cultum

352 758 595 796 inveherentur,
623 758 692 789 aliis
715 758 833 797 legales
855 758 1072 789 caeremonias
1095 756 1307 788 retinentibus
1332 728 1333 796 i

352 800 544 833 abstinendo
575 811 593 832 a
625 801 702 832 cibis
732 801 802 842 lege
832 800 893 832 Dei
924 800 1102 841 prohibitis,
1132 800 1202 831 aliis
1233 810 1307 831 vero
1332 820 1333 827 η

352 843 410 875 hos
439 850 470 875 et
498 844 569 876 illos
600 844 682 875 ritus
709 854 750 874 ex
779 854 835 875 suo
863 854 959 875 sensu
989 843 1192 883 fingentibus,
1227 852 1307 882 quae
1331 876 1333 878 ,

352 887 459 918 omnia
488 886 565 918 dicit
596 886 714 918 habere
743 886 882 926 speciem
911 886 1088 926 sapientiae
1118 892 1149 916 et
1178 885 1306 916 humili-
1331 881 1333 919 !

351 929 437 960 tatis.
483 929 564 961 Nam
589 930 642 969 qui
666 929 716 960 his
740 929 789 961 vel
813 929 876 960 illis
899 928 994 960 rebus
1016 928 1229 967 abstinebant,
1261 935 1306 958 to-
1331 942 1333 971 3

350 971 448 1003 tidem
473 972 575 1003 modis
594 982 722 1003 carnem
741 982 831 1003 suam
852 971 982 1002 domare
1002 971 1199 1001 videbantur.
1246 971 1302 1001 At·
1330 979 1333 1016 ἦ

349 1024 411 1054 que
435 1014 512 1046 haec
535 1021 582 1046 est
608 1014 700 1046 hodie
724 1015 922 1055 papistarum
946 1013 1097 1049 doctrina,
1128 1013 1304 1053 quadrage-

349 1056 462 1088 simale
491 1057 570 1088 illud
602 1057 756 1088 ieiunium
781 1057 989 1093 laudantium,
1023 1064 1173 1096 tanquam
1199 1066 1305 1087 neces-

350 1099 469 1130 sarium
493 1100 533 1131 ad
556 1110 686 1132 carnem
711 1099 901 1131 domandam
925 1106 956 1130 et
979 1098 1184 1130 coercendam
1208 1109 1306 1129 reme-

350 1141 448 1173 dium.
495 1142 596 1182 Quasi
627 1153 702 1173 vero
726 1142 905 1173 domandae
926 1142 1032 1173 carnis
1056 1142 1137 1172 ratio
1167 1142 1205 1172 sit
1241 1142 1305 1172 dis-

349 1185 471 1217 crimen
502 1185 581 1216 illud
611 1185 759 1217 carnium
789 1192 820 1216 et
843 1185 989 1224 piscium,
1017 1191 1048 1215 et
1071 1184 1183 1224 religio
1207 1184 1304 1215 absti-

351 1226 447 1260 nendi
467 1237 486 1258 a
504 1228 610 1260 carnis
633 1227 746 1259 suillae
770 1226 916 1263 frustulo,
940 1227 1024 1258 facta
1047 1228 1175 1258 interim
1200 1233 1304 1266 potes-

351 1274 418 1301 tate
444 1270 615 1302 ventriculi
646 1277 677 1300 et
706 1269 886 1302 abdominis
909 1269 978 1300 aliis
1001 1269 1238 1301 delicatioribus
1261 1270 1303 1300 ci-

350 1312 400 1344 bis
423 1312 462 1344 ad
486 1323 638 1344 nauseam
663 1323 764 1353 usque
786 1312 941 1352 replendi,
965 1313 995 1342 in
1021 1311 1133 1352 quibus
1157 1313 1304 1343 omnibus

351 1355 519 1386 hominum
547 1356 725 1396 praeceptis
748 1365 898 1396 magnam
922 1355 1110 1394 sapientiam
1133 1360 1303 1386 ostentant.

350 1396 416 1429 Sed
441 1398 563 1429 Paulus
586 1398 695 1429 fideles
718 1397 867 1429 admonet
891 1397 930 1428 de
953 1397 1029 1435 istis,
1054 1404 1087 1428 ut
1110 1397 1233 1429 discant
1252 1398 1305 1428 ho-

350 1441 473 1471 minum
504 1441 709 1473 inventiones
738 1441 857 1480 fugere,
887 1439 969 1479 quod
1002 1440 1114 1471 inanes
1144 1448 1173 1471 et
1196 1441 1305 1471 irritae

350 1482 426 1522 sint,
462 1490 494 1514 et
528 1484 560 1514 in
591 1483 696 1514 fumos
725 1483 850 1514 abeant.
894 1482 1009 1522 Itaque
1039 1482 1111 1514 licet
1140 1482 1304 1514 hominum

350 1525 468 1558 iudicio
492 1524 570 1558 Saul
595 1525 770 1566 prudenter
791 1525 902 1556 fecisse
925 1525 984 1556 dici
1006 1525 1114 1565 possit,
1137 1535 1234 1564 quum
1255 1536 1304 1557 sa-

350 1568 507 1600 crificium
538 1568 611 1600 fecit
642 1569 747 1600 Deum
770 1567 988 1605 consulturus,
1019 1573 1051 1599 et
1074 1568 1105 1599 in
1131 1568 1224 1599 rebus
1247 1579 1304 1599 an·

350 1611 453 1651 gustis
483 1612 704 1642 invocaturus:
738 1616 845 1642 tamen
875 1611 1070 1642 contrarium
1102 1617 1233 1650 apparet
1263 1621 1303 1642 ex
1330 1631 1332 1644 .

351 1653 528 1694 prophetae
551 1652 712 1685 Samuelis
735 1663 896 1694 responso,
918 1663 1017 1693 quum
1043 1653 1103 1684 Dei
1126 1654 1255 1685 nomine
1274 1660 1304 1684 et

351 1697 524 1728 autoritate
568 1696 701 1728 Saulem
746 1696 791 1727 sic
831 1695 1018 1735 alloquitur:
1063 1696 1170 1727 Stulte
1201 1696 1304 1737 egisti.

350 1738 568 1778 Quamobrem
599 1748 828 1780 cognoscamus
857 1738 1010 1778 quidquid
1039 1739 1108 1769 sine
1133 1739 1191 1769 Dei
1215 1750 1304 1770 man-

352 1781 426 1813 dato
456 1781 548 1813 nobis
571 1781 682 1821 placet,
717 1791 780 1812 non
804 1781 896 1812 modo
919 1780 1088 1812 stultitiam
1111 1781 1177 1812 fore
1199 1792 1304 1813 coram
1331 1811 1333 1822 ,

353 1824 432 1863 Deo,
464 1824 519 1856 sed
553 1824 650 1855 etiam
678 1823 957 1860 abominationem,
992 1830 1027 1854 ut
1050 1823 1125 1854 dicit
1148 1823 1305 1855 Dominus

352 1867 436 1908 apud
461 1867 594 1903 Lucam,
617 1865 703 1906 quod
725 1866 810 1906 apud
834 1866 979 1897 homines
1001 1866 1136 1898 sublime
1156 1874 1211 1902 est,
1235 1867 1306 1898 abo-

353 1910 559 1942 minationem
591 1919 660 1940 esse
690 1909 722 1940 in
752 1914 924 1950 conspectu
955 1908 1027 1940 Dei.
1072 1909 1115 1940 Et
1143 1915 1247 1940 tamen
1270 1920 1306 1940 ea

353 1959 402 1984 est
424 1952 591 1983 hominum
616 1951 770 1988 vecordia,
794 1958 832 1982 ut
849 1950 1001 1991 quidquid
1021 1951 1128 1982 animo
1147 1952 1306 1988 finxerint,

354 1995 424 2026 Deo
464 2001 592 2035 gratum
635 2005 704 2025 esse
739 1993 854 2026 debere
883 1994 943 2025 sibi
977 1993 1197 2033 persuadeant.
1243 1994 1333 2031 Sed}

353 2048 479 2078 quaeso,
508 2047 588 2076 quae
616 2037 842 2068 convenientia
871 2043 918 2067 est
947 2037 1031 2068 inter
1063 2037 1167 2067 Deum
1197 2043 1226 2068 et
1251 2037 1307 2068 ho-
1332 2053 1333 2059 κ

354 2080 467 2116 mines,
506 2080 622 2116 Deum,
653 2080 794 2119 inquam,
825 2079 1085 2119 omnipotentem,
1116 2086 1144 2109 et
1175 2080 1307 2110 miseros
1332 2096 1334 2119 χ

354 2122 583 2154 homunciones
603 2122 636 2153 in
656 2127 742 2153 terra
760 2123 863 2153 instar
878 2122 1107 2154 lumbricorum
1121 2122 1306 2162 reptantes?

354 2166 403 2197 Ea
425 2175 503 2196 sane
526 2175 605 2205 quae
629 2165 697 2205 igni
721 2175 792 2196 cum
816 2175 906 2204 aqua.
954 2164 1041 2196 Deus
1067 2164 1150 2195 enim
1177 2175 1193 2194 a
1219 2164 1308 2196 nobis
1334 2202 1335 2208 ἵ

354 2209 531 2240 vehemens
562 2207 702 2239 studium
734 2208 766 2238 in
798 2207 898 2247 ipsius
927 2207 1014 2239 cultu
1045 2207 1192 2247 postulat,
1220 2213 1251 2238 et.
1273 2214 1308 2238 ut
1334 2220 1335 2235 i

354 2251 422 2282 sine
443 2251 602 2291 hypocrisi
622 2255 653 2281 et
672 2250 875 2281 simulatione
894 2249 1036 2281 colamus
1056 2259 1139 2287 eum,
1163 2255 1194 2280 et
1214 2260 1308 2281 vene-

355 2304 463 2325 remur
499 2304 538 2323 ex
573 2303 649 2323 suae
684 2293 861 2324 veluntatis
894 2293 1100 2332 praescripto.
1145 2292 1211 2324 Nos
1234 2296 1335 2336 vero}

353 2335 498 2368 carnales
531 2345 643 2366 sumus
675 2341 704 2366 et
729 2336 814 2375 pleni
838 2335 1059 2373 simulationis,
1093 2339 1128 2366 ut
1150 2335 1195 2365 ait
1217 2345 1307 2374 apos-

355 2379 448 2410 tolus.
494 2378 618 2409 Deinde
659 2388 696 2409 ea
733 2384 780 2409 est
814 2377 980 2408 hominum
1013 2377 1145 2409 audacia
1179 2382 1210 2408 et
1243 2382 1307 2408 tam

354 2421 450 2453 stulta
474 2421 665 2461 arrogantia,
696 2426 731 2451 ut
754 2421 785 2451 in
809 2430 846 2452 ea
868 2430 902 2451 se
925 2420 1065 2451 inferant
1087 2425 1118 2451 et
1140 2419 1308 2451 intrudant
1332 2436 1335 2444 ·

354 2474 437 2503 quae
472 2474 532 2494 non
567 2469 702 2503 oportet.
747 2463 800 2494 An
834 2463 904 2494 ideo
935 2473 1009 2494 vero
1039 2462 1122 2503 quod
1146 2462 1307 2494 temerarii

354 2516 466 2537 sumus
489 2513 519 2537 et
543 2513 729 2546 arrogantes
754 2506 842 2537 Deus
861 2511 988 2546 gratum
1008 2505 1137 2537 habebit
1155 2505 1307 2545 quidquid

355 2549 399 2580 illi
423 2548 656 2579 obtulerimus?
702 2548 789 2579 Sane
813 2549 884 2580 licet
909 2554 994 2579 totus
1017 2547 1155 2579 mundus
1178 2549 1210 2579 in
1230 2548 1307 2579 stul—

355 2598 418 2622 tam
450 2592 531 2622 hanc
562 2592 745 2631 opinionem
780 2602 836 2623 nos
868 2591 1038 2627 induxerit,
1082 2590 1170 2622 Deus
1200 2599 1305 2622 tamen

353 2633 478 2664 irritum
504 2645 572 2665 esse
597 2641 743 2665 conatum
766 2641 909 2666 nostrum
929 2633 1168 2665 demonstrabit.
1215 2632 1304 2665 Istud

1161 192 1361 227 HOMILIA
1384 193 1511 226 XLVI.

1333 466 1335 486 ὲ
1360 457 1568 489 iudicaturus.

2277 193 2318 225 24

1361 288 1447 319 enim
1479 292 1583 318 ratum
1607 297 1677 318 esse
1699 294 1833 328 oportet,
1862 298 1880 318 a
1904 287 2030 318 viarum
2059 287 2192 319 Domini
2224 299 2316 329 praa-

1359 331 1480 370 scripto
1521 328 1706 361 recedentes
1744 340 1870 370 semper
1904 329 2150 362 condemnatum
2183 331 2223 362 iri
2257 331 2317 365 hac

1361 382 1438 404 voce
1462 371 1637 404 Samuelis:
1668 371 1776 404 Stulte
1800 381 1830 404 te
1854 373 1990 413 gessisti.
2036 372 2127 404 Licet
2151 374 2235 404 enim
2260 375 2317 406 tibi

1359 425 1487 447 causam
1512 414 1627 446 bonam
1650 415 1763 456 fingas,
1788 415 1877 447 Deus
1902 424 2008 446 tamen
2032 414 2128 455 longe
2152 426 2244 447 secus
2267 424 2317 448 est

1614 457 1698 490 Hinc
1718 458 1825 498 itaque
1847 460 1878 489 in
1898 468 2014 498 genere
2033 457 2193 489 discamus
2213 459 2318 490 nullas

1360 510 1513 541 quaerere
1537 501 1757 532 excusationes
1780 501 1894 541 quibus
1918 501 2002 532 facta
2026 508 2134 532 nostra
2155 507 2316 542 tegamus:

1361 553 1462 583 neque
1492 542 1531 573 ad
1563 549 1703 574 nostram
1728 554 1911 575 mensuram
1935 549 1989 574 aut
2010 550 2162 574 stateram
2187 550 2218 575 et
2242 555 2316 576 nor—

1360 596 1443 617 mam
1468 585 1578 616 eadem
1603 585 1784 625 appendere
1805 594 1836 617 et
1859 587 2043 617 examinare
2067 596 2165 626 quum
2184 585 2224 617 de
2243 587 2317 618 boni

1359 636 1391 660 et
1431 628 1506 659 mali
1547 627 1730 660 discrimine
1761 628 1969 660 iudicandum
2003 635 2061 659 est.
2107 628 2195 660 Nihil
2229 630 2316 661 enim

1332 671 1445 702 *aliud
1485 681 1578 711 quam
1622 671 1824 702 mendacium
1861 680 1891 702 et
1926 671 2031 702 inanis
2065 671 2172 703 illusio
2206 680 2316 704 nostra

1358 723 1566 753 quaecunque
1597 720 1778 745 commenta
1807 714 2100 755 deprehendentur,
2131 722 2161 744 et
2185 715 2217 745 in
2240 726 2314 755 ope-

1358 756 1446 787 ribus
1475 756 1647 787 infidelitas
1675 757 1848 796 apparebit.
1895 756 2003 796 Quare
2027 756 2204 788 cavendum
2228 768 2316 788 sum-

1359 809 1486 839 mopere
1509 809 1549 829 ne
1574 798 1624 829 hic
1647 798 1733 830 falsis
1757 799 1874 831 nostris
1899 799 2091 839 ponderibus
2123 805 2155 830 et
2187 801 2316 832 stateris

1359 842 1462 873 locum
1494 841 1606 872 demus
1629 841 1662 872 in
1685 841 1895 873 discernendo
1921 842 2001 873 bono
2025 852 2043 873 a
2067 842 2166 873 malo:
2197 843 2252 873 sed
2275 853 2315 874 ex

1358 885 1425 915 solo
1457 883 1519 915 Dei
1555 884 1650 915 verbo
1683 884 1890 924 pendeamus,
1924 891 1955 916 et
1989 884 2028 915 ad
2059 884 2137 915 illud
2162 890 2314 925 tanquam

1359 928 1485 958 unicam
1520 937 1663 957 normam
1696 928 1776 958 facta
1805 929 1912 958 omnia
1943 927 2092 967 dictaque
2117 933 2225 958 nostra
2247 928 2315 959 exi·

1358 980 1480 1010 gamus.
1525 969 1633 1009 Atque
1664 969 1723 1000 ista
1753 977 1828 1000 sunt
1859 970 1950 1001 nobis
1977 981 2016 1000 ex
2039 969 2148 1001 Saulis
2170 970 2315 1010 increpa·

1359 1013 1444 1043 tione
1486 1013 1659 1043 retinenda.
1716 1011 1887 1043 Caeterum
1928 1012 2128 1044 observanda
2171 1013 2314 1044 vicissim

1358 1054 1518 1086 Samuelis
1541 1055 1573 1085 in
1598 1054 1697 1085 Saule
1719 1055 1922 1095 corripiendo
1941 1055 2105 1086 modestia.
2151 1055 2234 1086 Nam
2254 1056 2316 1087 etsi

1358 1109 1413 1129 rex
1437 1098 1505 1137 ipse
1528 1098 1645 1128 salutet
1668 1097 1771 1137 ipsum
1795 1098 1942 1129 officiose.
1968 1097 2181 1129 nihilominus
2206 1106 2314 1130 tamen

1357 1141 1396 1171 ab
1426 1141 1530 1172 officio
1561 1150 1624 1171 non
1653 1139 1779 1176 recedit,
1813 1141 1891 1180 quin
1921 1140 2049 1171 cordate
2080 1151 2196 1172 munus
2219 1151 2315 1172 suum

1357 1189 1562 1222 exsequatur,
1599 1190 1630 1213 et
1664 1181 1795 1214 Saulem
1830 1183 1952 1214 duriter
1986 1184 2138 1224 increpet,
2173 1191 2207 1214 ut
2241 1184 2314 1216 facti

1358 1227 1438 1256 ratio
1468 1225 1657 1265 postulabat.
1688 1231 1719 1256 et
1742 1225 1832 1256 Deus
1855 1226 1922 1265 ipse
1945 1226 2084 1257 iubebat.
2130 1225 2193 1258 Hic
2216 1227 2315 1267 igitur

1358 1269 1483 1309 insigne
1519 1267 1685 1308 exemplar
1718 1269 1907 1308 proponitur
1940 1268 2132 1300 imitandum
2165 1269 2315 1300 omnibus

1357 1312 1447 1342 verbi
1485 1311 1585 1342 divini
1617 1310 1797 1342 doctoribus
1827 1317 1858 1342 et
1889 1311 2059 1346 ministris.
2100 1319 2134 1342 ut
2163 1312 2316 1343 nimirum

1358 1354 1455 1385 nullis
1485 1363 1589 1393 neque
1613 1353 1718 1389 minis,
1748 1364 1849 1393 neque
1872 1353 2120 1394 adulationibus,
2149 1354 2188 1386 ab
2211 1354 2314 1386 officio

1358 1396 1593 1433 deterreantur,
1625 1395 1679 1427 sed
1710 1395 1814 1428 officio
1837 1407 1894 1428 suo
1919 1397 2111 1437 fungantur:
2143 1407 2179 1428 ac
2213 1397 2240 1428 si
2264 1396 2314 1428 vel

1357 1439 1438 1478 odio,
1463 1439 1510 1470 vel
1533 1444 1720 1478 contemptu
1743 1444 1938 1478 premantur,
1970 1439 2179 1471 nihilominus
2201 1444 2313 1470 tamen

1358 1483 1389 1513 in
1420 1482 1587 1514 vocatione
1617 1481 1691 1512 forti
1721 1487 1754 1512 et
1784 1483 1942 1521 praesenti
1967 1482 2075 1513 animo
2098 1487 2314 1522 perseverent,

1357 1532 1388 1556 et
1422 1525 1588 1556 hominum
1623 1524 1776 1555 malitiam
1812 1525 1898 1556 flocci
1931 1525 2059 1562 faciant,
2097 1532 2128 1555 et
2161 1523 2316 1556 adversus

1357 1578 1426 1599 eam
1463 1567 1650 1598 audaciores
1682 1572 1767 1598 eant.
1813 1566 1873 1599 Sin
1906 1573 2017 1598 contra
2052 1567 2103 1598 vel
2138 1567 2314 1598 honoribus

1358 1611 1407 1641 vel
1439 1609 1603 1641 blanditiis
1633 1609 1886 1648 demulceantur,
1917 1609 1987 1641 Deo
2016 1617 2121 1640 tamen
2146 1611 2179 1640 in
2202 1610 2315 1650 primis

1357 1653 1566 1685 serviendum
1596 1652 1708 1690 sciant,
1742 1662 1916 1692 eorumque
1945 1652 2043 1684 saluti
2073 1652 2315 1690 consulendum,

1357 1706 1493 1736 quorum
1523 1695 1600 1735 ipsis
1630 1705 1648 1725 a
1679 1694 1820 1726 Domino
1849 1704 1926 1726 cura
1955 1695 2126 1726 commissa
2147 1701 2211 1726 est:
2243 1694 2318 1726 licet

1357 1739 1470 1770 durius
1499 1738 1645 1778 excipere
1673 1737 1744 1769 illos
1775 1737 1921 1776 debeant,
1958 1743 1990 1768 et
2017 1738 2156 1769 scabiem
2187 1737 2316 1768 illorum

1357 1782 1518 1821 refricare,
1541 1780 1629 1811 nullo
1654 1779 1748 1811 modo
1772 1785 1939 1820 parcentes
1958 1780 2045 1811 vitiis
2064 1780 2316 1820 quotiescunque

1357 1835 1390 1856 se
1423 1824 1545 1855 occasio
1579 1822 1741 1861 obtulerit,
1775 1833 1816 1854 ne
1849 1822 1983 1863 prodere
2011 1822 2150 1854 salutem
2172 1823 2316 1862 ipsorum

1358 1867 1540 1905 videantur,
1572 1871 1603 1896 et
1633 1866 1666 1896 in
1697 1865 1846 1897 ultimum
1875 1866 2010 1897 exitium
2040 1865 2206 1897 coniicere.
2252 1864 2317 1897 Sed

1359 1909 1498 1940 vicissim
1530 1907 1709 1940 cavendum
1739 1919 1779 1939 ne
1808 1908 1907 1948 aliqui
1937 1919 1971 1940 se
2002 1908 2100 1939 verbo
2123 1908 2185 1939 Dei
2208 1918 2316 1948 reprc-

1357 1952 1455 1984 hendi
1496 1951 1628 1983 moleste
1669 1950 1790 1988 ferant;
1832 1951 1887 1982 sed
1929 1951 2101 1982 Paulinam
2138 1950 2317 1982 doctrinam

1358 2003 1522 2035 usurpent,
1558 1994 1711 2025 nimirum
1742 1994 1786 2024 ita
1815 1994 2009 2034 compositos
2039 2003 2144 2024 mores
2166 1993 2315 2030 habeant,

1359 2044 1395 2069 ut
1425 2038 1584 2068 intrantes
1608 2036 1640 2067 in
1665 2036 1924 2068 Christianorum
1948 2043 2072 2067 coetum
2096 2035 2242 2067 infideles
2265 2046 2315 2066 ar-

1358 2086 1510 2121 guantur,
1548 2086 1579 2110 et
1617 2079 1770 2110 honorem
1805 2078 1900 2110 verbo
1930 2078 1991 2110 Dei
2023 2078 2166 2110 debitum
2198 2078 2316 2109 habere

1359 2129 1526 2163 cogantur.
1571 2122 1654 2153 Nam
1693 2122 1718 2152 si
1753 2121 1874 2152 Paulus
1908 2122 1969 2153 ista
2003 2121 2040 2152 de
2075 2120 2250 2152 incredulis
2284 2124 2317 2151 et

1360 2166 1485 2196 miseris
1507 2164 1700 2204 hominibus,
1724 2165 1778 2204 qui
1797 2164 1922 2195 nullum
1942 2170 2038 2195 antea
2055 2163 2185 2194 divinae
2204 2163 2316 2195 maies-

1361 2209 1434 2239 tatis
1475 2218 1603 2239 sensum
1645 2206 1832 2244 habuerant,
1874 2206 2072 2238 densissimis
2112 2205 2314 2246 ignorantiae

1361 2251 1499 2281 tenebris
1521 2250 1673 2287 immersi,
1702 2249 1845 2290 protulit,
1876 2255 1995 2289 quanto
2018 2248 2120 2289 magis
2143 2247 2237 2279 debet
2260 2248 2315 2280 ha-

1361 2293 1434 2324 bere
1463 2294 1527 2324 vim
1558 2293 1590 2323 in
1618 2293 1657 2323 iis
1687 2292 1740 2332 qui
1769 2302 1803 2324 se
1833 2291 1920 2323 verbi
1953 2291 2052 2322 divini
2077 2290 2248 2327 auditores,
2281 2296 2314 2322 et

1334 2336 1466 2376 ³gregis
1507 2335 1607 2366 divini
1647 2345 1722 2366 oves
1754 2333 1965 2374 profitentur?
2012 2333 2120 2372 Quare
2154 2333 2314 2365 discamus

1360 2378 1512 2409 admoniti
1535 2385 1566 2408 et
1589 2378 1702 2409 durius
1725 2377 1879 2417 increpati
1902 2377 1940 2407 de
1965 2377 2101 2416 peccatis
2125 2386 2188 2407 non
2208 2376 2313 2416 indig-

1360 2421 1438 2455 nari,
1468 2431 1570 2460 neque
1599 2420 1727 2460 obloqui
1750 2426 1790 2450 et·
1805 2429 2008 2459 responsare:
2038 2418 2093 2449 sed
2117 2419 2259 2450 modeste
2281 2422 2314 2450 et

1360 2463 1480 2502 placide
1508 2463 1736 2495 correctionem
1766 2461 1944 2497 admittere,
1975 2472 2058 2501 quae
2082 2461 2113 2491 in
2139 2462 2259 2493 bonum
2279 2465 2313 2493 et

1360 2505 1530 2536 utilitatem
1555 2512 1706 2542 nostram,
1729 2515 1747 2535 a
1771 2504 1952 2544 pastoribus
1975 2511 2031 2534 aut
2054 2503 2127 2535 aliis
2151 2505 2243 2542 facta,
2265 2513 2313 2536 ce-

1360 2547 1415 2577 dit.
1461 2549 1546 2579 Sane
1583 2548 1659 2580 Saul
1694 2557 1757 2578 non
1789 2546 1918 2578 admisit
1949 2546 2110 2578 Samuelis
2140 2546 2312 2586 reprehen-

1358 2590 1496 2621 sionem:
1540 2601 1612 2621 uam
1651 2591 1755 2630 coepit
1789 2595 1856 2621 tum
1891 2589 2029 2629 suffugia
2062 2599 2224 2629 quaerere.
2269 2588 2313 2619 Et

1332 2652 1333 2656 ,
1359 2632 1507 2672 deinceps
1537 2634 1632 2664 etiam
1664 2633 1845 2664 videbimus
1876 2643 1948 2663 eum
1985 2632 2109 2673 longius
2139 2632 2177 2663 ab
2200 2631 2311 2667 officio,
