2551 3044
387 214 444 245 147
1211 209 1413 241 HOMILIA
1437 208 1544 240 LVII.
2298 209 2357 242 148

385 307 556 347 proborum
581 307 682 337 vicem
706 310 737 336 et
750 305 883 336 exitium
903 305 1090 345 impendens
1109 303 1343 334 miserentibus.

386 349 544 380 Dominus
566 355 674 380 noster
696 347 786 379 Iesus
804 347 955 379 Christus
979 347 1057 378 dixit
1079 345 1197 377 Noachi
1223 352 1344 386 tempo-

384 391 471 422 ribus
491 391 545 422 illa
567 392 663 422 fuisse
684 390 849 421 hominum
871 390 984 426 studia,
1010 397 1043 420 ut
1066 390 1175 420 domos
1200 387 1341 428 splendi-

383 434 440 465 das
463 434 678 470 aedificarent,
703 434 797 473 genio
821 433 1034 474 indulgerent,
1059 433 1134 463 luxu
1154 431 1345 468 diffluerent,

383 477 506 508 interca
519 476 593 507 dum
607 475 760 507 Noachus
782 485 899 516 magno
924 475 1030 506 labore
1054 484 1157 505 arcam
1183 473 1344 504 struebat:

383 525 413 550 et
437 519 547 550 mundi
572 518 770 559 praedictum
801 520 936 550 exitium
965 518 1135 548 imminens
1157 516 1226 547 sine
1249 515 1344 547 dubio

382 562 520 602 lugebat.
544 561 653 601 Quare
678 560 835 592 Davidem
859 571 917 592 nos
939 566 1059 601 oportet
1085 559 1215 594 imitari,
1239 557 1344 589 dicen-

382 612 446 636 tem
482 615 515 635 sc
549 615 643 644 saepe
678 605 709 634 in
741 603 899 645 lacrymas
928 614 985 644 pro
1009 603 1211 634 inimicorum
1242 601 1343 632 salute

381 648 527 683 effusum,
562 657 660 687 quum
695 646 884 686 praesertim
919 646 990 677 illos
1019 646 1124 676 Deum
1160 643 1341 675 offendendi

382 690 478 721 finem
493 690 618 721 nullum
641 689 746 720 facere
767 689 981 729 conspiceret:
1005 694 1036 719 et
1059 698 1157 728 quum
1180 687 1342 727 improbos

382 732 529 764 homines
559 732 661 763 veluti
691 738 835 763 amentes
864 731 1096 772 conspiciemus
1123 730 1183 761 sibi
1212 728 1341 760 delicias

381 776 484 807 facere
518 775 671 805 adversus
695 773 800 805 Deum
835 774 1050 815 insurgentes,
1085 773 1209 804 nullum
1243 772 1340 803 finem

380 818 532 849 faciamus
555 817 652 848 flendi
675 822 708 848 et
727 817 946 848 imminentem
970 817 1033 848 illis
1045 814 1340 847 condemnationem

382 860 528 901 lugendi:
553 870 617 891 non
642 865 767 891 tantum
791 859 874 899 quod
897 860 964 891 suis
988 859 1124 899 peccatis
1144 858 1247 889 Deum
1271 867 1340 897 pro-

381 911 509 934 vocent:
534 903 589 934 sed
612 902 694 942 quod
718 908 881 934 creaturas
904 902 942 933 ad
968 902 1138 942 imaginem
1160 900 1221 931 Dei
1241 899 1340 931 factas

378 955 415 977 eo
439 946 597 977 amentiae
620 945 771 976 devenire
794 945 1039 986 conspiciamus.
1063 950 1093 975 ct
1117 954 1174 975 sua
1196 943 1340 983 pervica-

376 989 424 1019 cia
455 995 580 1019 tantum
611 988 744 1019 exitium
777 987 811 1018 in
834 997 869 1019 se
892 997 1054 1019 accersere
1077 986 1158 1027 quod
1183 996 1240 1017 nos
1264 985 1340 1016 hor·

376 1041 445 1062 rere
469 1037 623 1071 oporteat,
645 1041 742 1071 quum
767 1031 798 1061 in
822 1030 930 1062 oeulos
953 1030 1098 1062 incurrit.

461 1073 619 1114 Superest
642 1083 718 1105 vero
741 1076 791 1104 etc.

668 1218 912 1259 HOMILIA
937 1217 1029 1257 LVI
1035 1218 1062 1256 Ι.

749 1285 846 1317 CAP.
870 1285 966 1316 XVI.

462 1374 487 1403 1.
511 1372 664 1412 Dixitque
687 1370 841 1403 Dominus
870 1371 911 1402 ad
935 1370 1122 1402 Samuelem:
1159 1370 1259 1410 Usque
1279 1380 1337 1410 quo

376 1419 408 1447 tu
431 1415 516 1455 layas
547 1415 633 1451 Saul,
662 1424 757 1454 quum
788 1424 838 1455 eyo
861 1413 1047 1453 proiecerim
1076 1423 1144 1444 eum
1172 1423 1208 1444 ne
1236 1416 1337 1454 reynel

375 1468 468 1498 super
490 1457 616 1489 Israel?
641 1457 741 1496 Imple
762 1465 856 1487 cornu
877 1459 963 1487 tuum
987 1456 1056 1488 oleov
1081 1459 1107 1486 et
1127 1456 1194 1487 veni
1215 1459 1249 1486 ut
1269 1457 1337 1486 mit-

375 1503 439 1532 tam
460 1503 487 1531 te
512 1501 553 1532 ad
577 1500 645 1531 lsai
667 1498 931 1531 Bethlehemitem:
949 1498 1076 1538 providi
1099 1499 1229 1529 enimin
1258 1498 1336 1537 filiis

376 1544 443 1575 eius
464 1543 542 1574 mihi
563 1553 670 1583 reymn.
693 1543 722 1573 2.
742 1540 786 1572 Et
802 1542 846 1572 ait
859 1541 999 1572 Samuel:
1026 1540 1176 1580 Quomodo
1197 1541 1335 1572 vadam?

376 1587 480 1618 audiet
502 1586 583 1617 enim
603 1585 690 1621 Saul,
726 1587 753 1616 et
771 1584 926 1623 interficiet
947 1594 1004 1614 me.
1046 1583 1086 1614 Et
1105 1584 1148 1614 ai!
1167 1584 1334 1615 Dominus:

383 1629 521 1660 Vitulum
543 1629 581 1659 de
603 1630 739 1658 armento
761 1627 846 1658 tolles
869 1627 902 1658 in
919 1636 1015 1658 manu
1033 1629 1096 1662 tua,
1115 1629 1140 1657 et
1158 1627 1254 1658 dices:
1283 1627 1336 1658 Ad

375 1671 596 1703 immolandum
620 1670 754 1701 Domino
777 1670 854 1700 veni.

459 1756 612 1787 Nondum
647 1755 686 1786 ad
722 1755 812 1795 regni
847 1754 954 1786 Saulis
988 1755 1085 1785 finem
1122 1755 1334 1794 pervenimus

375 1806 407 1831 et
430 1799 641 1830 nihilominus
672 1804 779 1829 tamen
811 1797 862 1828 hic
891 1796 1038 1828 videmus
1061 1796 1167 1828 Deum
1202 1797 1239 1828 de
1264 1807 1334 1828 suc—

375 1852 497 1873 cessore
527 1841 643 1881 populo
673 1851 729 1871 suo
760 1839 947 1880 providisse,
979 1839 1050 1870 lieet
1078 1839 1217 1870 nondum
1242 1839 1334 1871 illum

375 1885 408 1916 in
429 1885 518 1925 regni
544 1884 775 1924 possessionem
799 1888 882 1913 esset
904 1883 1071 1913 missurus.
1109 1882 1152 1913 Et
1175 1892 1270 1922 supra
1289 1883 1334 1913 vi-

376 1928 483 1958 dimus
516 1928 611 1958 etiam
647 1925 757 1957 eadem
793 1926 915 1956 ratione
950 1924 1096 1962 Saulem,
1131 1935 1193 1954 non
1226 1927 1333 1956 statim

374 1974 542 2010 postquam
573 1981 591 2000 a
616 1969 683 1999 Deo
714 1979 769 2008 per
793 1968 975 2000 Samuelem
1007 1973 1089 1998 esset
1111 1977 1165 1997 rex
1187 1968 1333 2007 designa-

374 2019 425 2044 tus
449 2013 479 2043 in
504 2011 610 2043 sedem
642 2012 762 2052 regiam
787 2015 933 2042 evectum
958 2010 1068 2041 fuisse:
1101 2008 1156 2041 sed
1180 2010 1333 2050 aliquam-

374 2055 427 2086 diu
452 2055 483 2085 in
509 2055 630 2086 abiecta
655 2054 707 2085 illa
737 2059 768 2084 et
791 2053 904 2084 humili
928 2053 1107 2084 conditione
1131 2052 1162 2082 in
1187 2063 1249 2092 qua
1272 2054 1334 2092 pri-

373 2105 465 2129 vatus
488 2098 519 2128 in
545 2097 675 2128 aedibus
698 2096 842 2136 paternis
865 2096 990 2127 vixerat
1013 2095 1221 2132 remansisse,
1245 2103 1273 2125 ei
1300 2103 1334 2126 ut
1358 2110 1360 2118 =

374 2141 543 2172 bubulcum
575 2147 606 2170 et
634 2139 807 2180 agricolam
840 2144 958 2169 terram
988 2137 1133 2169 coluisse.
1180 2137 1266 2168 Idem
1302 2145 1334 2168 et

374 2183 493 2214 Davidi
525 2183 583 2213 hoc
613 2182 680 2213 loco
709 2181 881 2222 contigisse
905 2180 1063 2212 docemur.
1102 2179 1213 2219 Neque
1247 2180 1330 2210 enim

373 2226 478 2266 primo
501 2235 625 2265 quoque
649 2231 791 2264 tempore
815 2224 922 2255 unctio
945 2223 1045 2263 ipsius
1065 2233 1160 2254 suum
1185 2222 1331 2254 effectum

373 2269 487 2300 sortita
510 2274 573 2299 cst:
605 2267 659 2298 scd
689 2277 781 2298 servo
806 2266 888 2297 fideli
923 2277 981 2297 suo
1007 2264 1148 2297 Samueli
1173 2265 1261 2296 Deus
1285 2266 1331 2295 in-

373 2311 479 2342 dicare
510 2310 618 2344 voluit,
650 2321 683 2341 sc
714 2320 778 2340 non
812 2309 882 2340 idco
913 2308 995 2348 quod
1020 2307 1149 2340 Saulem
1181 2308 1333 2338 reiecerat

372 2354 480 2394 populi
505 2353 554 2383 sui
578 2362 687 2383 curam
710 2362 836 2383 omnem
861 2351 1022 2388 abiecisse,
1055 2360 1156 2390 neque
1178 2349 1331 2380 oblivioni
1357 2377 1358 2388 ,

1357 2392 1358 2398 ¹
1384 2400 1451 2422 trae
1479 2392 1675 2424 curriculum
1708 2392 1798 2423 nobis
1829 2391 2019 2432 suppeditat.
2066 2390 2184 2427 Veluti,
2214 2391 2240 2422 si
2271 2393 2343 2432 quis

373 2395 552 2430 tradidisse,
582 2405 617 2426 ac
649 2395 781 2435 proinde
816 2405 918 2434 neque
942 2399 1110 2434 propterea
1133 2393 1199 2423 fore
1221 2393 1331 2424 condi-

372 2440 490 2469 tionem
515 2438 665 2469 ccclcsiac
689 2437 888 2468 deteriorem.
935 2439 1039 2476 Atque
1070 2435 1121 2466 hic
1148 2440 1196 2466 est
1219 2434 1329 2466 verbo-

372 2491 442 2512 rum
474 2481 601 2511 illorum
631 2491 759 2517 sensus,
789 2479 894 2510 Deum
927 2478 1056 2510 Israelis
1085 2487 1149 2508 non
1181 2478 1330 2508 mentitu-

373 2534 456 2561 rum,
490 2533 592 2562 neque
620 2523 715 2553 etiam
750 2522 944 2562 poenitentia
975 2521 1105 2552 ductum
1130 2520 1178 2551 iri.
1224 2519 1331 2559 Quae-

373 2575 506 2606 cumque
540 2566 638 2606 igitur
671 2565 897 2596 conversiones
925 2564 1252 2603 commutationesque
1281 2573 1331 2594 re-

373 2617 443 2638 rum
467 2609 623 2646 accidant,
645 2614 751 2638 tamen
775 2617 884 2638 earum
909 2611 1060 2638 eventum
1084 2606 1128 2636 ita
1150 2605 1331 2637 moderatu-

372 2658 443 2681 rum
468 2651 572 2682 Deum
595 2651 750 2685 sciamus,
783 2655 819 2680 ut
840 2659 970 2681 suorum
993 2658 1119 2689 semper
1148 2647 1332 2680 recordetur

1398 311 1434 332 ac
1457 302 1657 338 misereatur,
1686 312 1790 342 neque
1818 311 1957 342 unquam
1988 311 2044 341 spe
2073 311 2130 332 sua
2162 301 2358 335 frustrentur

1397 345 1450 384 qui
1474 346 1506 375 in
1531 345 1600 385 ipso
1623 344 1771 376 fiduciam
1795 345 1992 380 collocarint,
2017 344 2100 384 quod
2121 343 2209 375 Deus
2232 354 2293 376 non
2318 347 2359 377 sit

1397 388 1497 418 instar
1521 387 1686 418 hominum
1710 398 1812 419 vanus
1835 394 1867 418 et
1889 386 2044 418 mendax:
2075 386 2131 417 sed
2154 387 2256 427 ipsius
2277 389 2358 419 veri-

1397 435 1444 460 tas
1477 430 1510 460 in
1545 435 1712 460 aeternum
1747 435 1893 467 maneat,
1927 435 1959 460 et
1991 429 2066 460 licet
2097 429 2220 461 coelum
2255 436 2358 463 terrae

1396 472 1580 509 misceatur,
1603 478 1635 503 et
1651 482 1706 503 sus
1729 472 1830 512 deque
1852 472 1961 503 omnia
1985 472 2142 508 ferantur,
2165 481 2291 512 semper
2312 474 2357 504 in-

1396 514 1530 545 columis
1552 520 1712 554 appareat.
1758 515 1944 546 Notandum
1975 514 2076 555 igitur
2106 514 2205 552 nobis,
2236 525 2268 545 in
2298 515 2358 548 hac

1397 555 1534 587 Davidis
1557 558 1708 587 unctione
1731 557 1837 588 Deum
1861 557 2058 597 patefecisse,
2082 556 2181 588 Saule
2205 557 2279 589 licet
2302 569 2358 590 ex-

1395 604 1559 630 auctorato
1587 607 1618 630 et
1648 608 1747 639 regno
1779 600 1879 640 pulso,
1913 601 2102 640 promissam
2135 606 2240 630 tamen
2264 611 2357 632 suam

1395 642 1532 681 gratiam
1557 646 1589 672 et
1619 641 1741 672 tamdiu
1773 647 2000 681 exspectatam,
2033 643 2166 673 minime
2188 642 2357 675 abolitam:

1395 685 1557 720 nimirum,
1588 684 1655 714 fore
1678 690 1716 714 ut
1737 690 1835 724 caput
1857 684 1976 724 populo
1999 685 2243 726 praeficeretur,
2271 687 2357 727 quod

1394 726 1536 757 divinam
1567 727 1767 758 maiestatem
1796 732 2062 767 repraesentaret,
2091 735 2123 758 et
2152 728 2185 758 in
2214 730 2357 760 omnium

1392 769 1529 800 salutem
1553 767 1690 807 cederet,
1712 779 1810 808 usque
1834 769 1873 800 ad
1887 768 2018 799 Domini
2031 770 2130 800 nostri
2144 769 2216 801 Iesu
2233 771 2356 803 Christi

1391 811 1575 843 adventum.

1478 854 1542 886 Sed
1576 854 1835 895 quandoquidem
1870 853 1997 893 singula
2028 864 2090 885 non
2124 863 2258 895 possunt
2297 856 2356 888 hoc

1392 903 1555 928 momento
1590 897 1755 938 sigillatim
1790 896 1960 937 explicari,
2001 897 2086 937 agite
2120 907 2215 937 quem
2249 905 2356 932 textus

1393 939 1533 971 ostendit
1555 940 1702 970 ordinem
1725 949 1906 980 sequamur.
1954 938 1993 970 In
2017 940 2130 979 primis
2153 939 2355 982 obiurgatum

1392 993 1411 1013 a
1434 983 1503 1014 Deo
1527 981 1713 1014 Samuelem
1737 982 1885 1013 videmus
1908 983 1991 1022 quod
2017 982 2146 1014 Saulem
2171 983 2356 1016 indesinen-

1392 1031 1440 1056 ter
1463 1025 1597 1065 lugeret.
1642 1025 1706 1057 Hic
1729 1035 1805 1056 vero
1828 1025 1942 1062 luctus,
1974 1031 2011 1056 ut
2034 1025 2103 1056 heri
2127 1025 2303 1066 docuimus,
2337 1037 2357 1059 a

1391 1068 1548 1108 singulari
1573 1069 1694 1099 virtute
1716 1067 1876 1099 manabat.
1920 1067 2004 1099 Nam
2030 1068 2173 1106 Samuel,
2201 1076 2238 1099 ut
2262 1069 2356 1101 homo

1391 1118 1469 1149 erat,
1493 1111 1573 1149 etlfut
1595 1117 1672 1142 sunt
1693 1110 1862 1142 hominum
1886 1120 1999 1148 mores,
2023 1111 2181 1151 potuisset
2193 1112 2282 1143 Sauli
2307 1124 2356 1144 re-

1390 1153 1476 1194 giam
1499 1153 1690 1194 dignitatem
1714 1153 1876 1185 invidere:
1899 1153 1965 1190 sed,
1997 1160 2033 1184 ut
2059 1161 2202 1194 apparet..
2231 1165 2265 1186 se
2288 1166 2353 1187 non

1391 1196 1543 1236 respexit,
1567 1206 1670 1236 neque
1693 1197 1742 1227 sui
1765 1205 1876 1227 curam
1894 1196 1992 1227 ullam
2013 1195 2136 1231 habuit,
2160 1197 2236 1236 quin
2250 1199 2355 1238 potius

1391 1241 1488 1270 totius
1512 1238 1638 1279 populis
1660 1239 1836 1270 commodis
1858 1244 1890 1270 et
1911 1238 2044 1269 utilitati
2067 1238 2199 1270 studuit.
2244 1239 2354 1279 Quare

1391 1287 1538 1312 metuens
1567 1291 1608 1312 ne
1637 1291 1699 1321 qua
1728 1281 1852 1312 sublato
1875 1280 1973 1312 Saule
1996 1282 2139 1312 confusio
2162 1282 2193 1312 in
2218 1293 2354 1323 regnum

1390 1324 1555 1360 incideret,
1586 1324 1684 1355 flebat
1709 1330 1741 1355 et
1771 1324 2024 1355 lamentabatur:
2059 1325 2113 1364 qui
2142 1334 2219 1355 sane
2251 1326 2354 1358 bonus

1390 1374 1584 1407 sanctusque
1606 1367 1695 1398 zelus
1718 1367 1794 1404 fuit,
1827 1373 1859 1398 et
1883 1367 1952 1398 Deo
1980 1368 2090 1406 procul
2120 1367 2215 1398 dubio
2239 1369 2353 1408 proba-

1391 1416 1460 1440 tus:
1488 1410 1543 1440 sed
1573 1419 1724 1440 excessus
1752 1411 1786 1440 in
1815 1419 1852 1440 eo
1880 1409 2113 1450 vituperabilis,
2147 1410 2230 1449 quod
2254 1412 2352 1443 flendi

1389 1453 1520 1484 modum
1562 1462 1625 1482 non
1659 1453 1778 1483 fecerit.
1834 1452 1988 1484 Peccasse
2022 1459 2128 1482 tamen
2165 1452 2350 1485 Samuelem

1390 1496 1486 1525 etiam
1511 1495 1626 1525 merito
1649 1495 1720 1535 quis
1743 1495 1869 1530 dixerit.
1893 1495 1967 1525 licet
1989 1505 2052 1525 non
2073 1495 2241 1527 immodico
2265 1497 2351 1528 luctu

1389 1538 1498 1569 Saulis
1522 1536 1684 1577 repulsam
1710 1538 1891 1578 lugentem:
1919 1537 2001 1577 quod
2025 1538 2134 1568 divino
2163 1537 2290 1569 decreto
2312 1540 2351 1570 de

1390 1580 1498 1612 Saulis
1521 1581 1692 1611 reiectione
1722 1581 1791 1611 sine
1821 1580 2072 1611 contradictione
2103 1586 2135 1611 et
2163 1581 2351 1621 simpliciter

1389 1624 1591 1663 acquiescere
1625 1623 1731 1663 ipsum
1766 1629 1936 1663 oporteret,
1975 1629 2005 1653 et
2039 1633 2102 1653 non
2138 1629 2264 1654 tantum
2299 1635 2349 1657 ac·

1387 1667 1550 1706 quiescere
1571 1665 1635 1696 Dei
1659 1666 1827 1704 voluntati,
1861 1666 1914 1697 sed
1946 1666 2056 1696 eadem
2092 1667 2187 1696 etiam
2219 1667 2349 1698 laetari:

1387 1709 1547 1749 quomodo
1581 1718 1639 1739 nos
1672 1710 1768 1739 etiam
1804 1708 1936 1740 Domini
1970 1719 2085 1739 nomen
2128 1709 2160 1739 in
2201 1710 2352 1742 omnibus

1387 1752 1489 1792 ipsius
1511 1751 1661 1791 operibus
1692 1751 1783 1783 decet
1808 1751 2001 1782 benedicere.
2047 1751 2146 1782 Flens
2173 1752 2280 1792 itaque
2304 1753 2352 1784 lu-

1387 1805 1530 1835 gensque
1553 1793 1686 1825 Samuel
1710 1794 1840 1825 videtur
1863 1795 1968 1834 aliquo
1990 1793 2084 1824 modo
2106 1793 2176 1825 Deo
2200 1795 2351 1827 reluctari

1387 1845 1417 1868 et
1440 1836 1658 1868 contradicere
1690 1837 1789 1868 velle:
1821 1847 1924 1876 neque
1952 1847 1988 1867 eo
2019 1846 2120 1876 usque
2145 1847 2235 1876 posse
2258 1837 2350 1870 deiici

1386 1887 1417 1911 et
1453 1879 1627 1917 humiliari,
1662 1886 1696 1910 ut
1728 1879 1810 1919 quod
1835 1880 1924 1911 Deus
1956 1879 2029 1911 fecit
2062 1879 2223 1919 approbet.
2258 1881 2350 1921 eique

1386 1923 1575 1954 consentiat.
1601 1921 1696 1961 Quod
1719 1923 1857 1962 primum
1882 1923 1955 1953 fidei
1979 1922 2172 1953 christianae
2190 1931 2351 1963 repugnat

1386 1976 1424 1997 ex
1449 1965 1622 1996 diametro:
1646 1964 1761 1996 deinde
1784 1966 1997 1996 miserrimam
2020 1964 2090 1995 eius
2113 1964 2251 1996 hominis
2274 1976 2350 1997 eon-

1386 2009 1537 2039 ditionem
1562 2017 1631 2038 esse
1655 2018 1785 2039 necesse
1814 2014 1871 2045 est,
1901 2007 1984 2048 quod
2013 2007 2158 2038 mortalis
2184 2009 2348 2040 autoritati

1386 2051 1448 2082 Dei
1471 2051 1585 2082 subiici
1610 2060 1670 2081 non
1697 2053 1804 2090 possit.
1829 2061 1931 2090 neque
1953 2050 2087 2090 probare
2110 2049 2195 2089 quod
2217 2051 2278 2090 ipsi
2303 2051 2348 2082 vi-

1385 2104 1456 2124 sum
1488 2101 1545 2132 est,
1577 2104 1634 2124 nec
1664 2094 1734 2124 eius
1764 2093 1927 2124 decretum
1958 2098 1992 2123 ut
2022 2093 2139 2123 bonum
2170 2098 2202 2122 et
2224 2094 2346 2125 iustum

1386 2146 1558 2177 agnoscere
1581 2143 1613 2167 et
1636 2135 1814 2167 admittere.
1861 2136 1910 2167 En
1936 2141 1971 2166 ut
1992 2136 2095 2176 prima
2119 2136 2222 2166 fronte
2245 2136 2346 2168 videri

1385 2180 1485 2219 possit
1518 2179 1652 2210 Samuel
1686 2178 1802 2219 lugens
1836 2178 1941 2209 Deum
1976 2176 2155 2208 offendisse.
2197 2178 2262 2209 Sed
2294 2179 2346 2210 hic

1385 2221 1632 2257 observandum,
1663 2231 1754 2261 posse
1784 2221 1913 2261 quidem
1943 2230 2174 2259 nonnunquam
2200 2221 2346 2253 homines

1385 2265 1585 2304 passionibus
1609 2264 1728 2304 abripi,
1760 2275 1821 2295 non
1852 2263 1978 2304 quidem
2005 2263 2063 2293 Dei
2087 2263 2245 2294 voluntati
2269 2274 2344 2295 con-

1384 2308 1492 2338 trariis
1525 2313 1557 2337 et
1586 2307 1850 2347 repugnantibus,
1884 2305 1938 2337 sed
1974 2315 2035 2337 non
2071 2311 2178 2336 tamen
2213 2307 2343 2338 omnino

1383 2350 1662 2381 consentientibus.
1690 2350 1849 2390 Exempla
1868 2350 1946 2380 satis
1965 2348 2142 2387 frequentia
2162 2349 2246 2379 vitae
2268 2359 2342 2381 nos·

1385 2446 1534 2472 uxorem,
1564 2436 1613 2466 vel
1645 2435 1776 2470 liberos,
1810 2435 1858 2466 vel
1890 2440 2038 2474 parentes
2068 2432 2198 2472 habeat,
2226 2434 2341 2474 quibus

1383 2478 1557 2517 longiorem
1577 2477 1676 2508 vitam
1697 2482 1793 2517 optet,
1817 2475 1956 2508 naturali
1975 2475 2079 2515 στοργῇ
2095 2475 2134 2506 ad
2149 2475 2234 2508 hunc
2246 2477 2341 2508 affee-

1382 2526 1450 2551 tum
1474 2521 1666 2560 impellitur,
1697 2528 1727 2551 et
1749 2519 1854 2551 officio
1876 2529 1934 2550 suo
1956 2519 2117 2558 fungitur,
2147 2528 2183 2550 ac
2205 2519 2340 2560 proinde

1383 2568 1468 2593 recta
1498 2571 1529 2593 ct
1559 2563 1715 2594 naturalis
1746 2563 1799 2593 illa
1829 2562 1953 2593 affectio
1983 2560 2153 2592 laudabilis
2175 2568 2232 2593 est.
2277 2562 2339 2593 Ve-

1383 2615 1451 2635 rum
1481 2613 1586 2637 tamen
1619 2605 1688 2637 Deo
1722 2605 1815 2636 aliter
1850 2603 2024 2640 videbitur,
2055 2609 2087 2634 et
2119 2604 2168 2634 vel
2199 2610 2339 2644 parente,

1382 2647 1432 2678 vel
1463 2658 1570 2685 uxore,
1602 2648 1654 2679 vel
1683 2648 1789 2679 liberis
1818 2646 1929 2679 orbare
1950 2645 2042 2677 illum
2073 2646 2177 2677 volet:
2203 2656 2337 2687 quorum

2526 2868 2528 2874 ⁴
2522 2784 2529 2843 ..ψ-ς
2522 2348 2533 2766 §.m-m-*ffl-„-<2
2531 2305 2533 2316 -
