2551 3044
224 229 286 261 685

226 322 369 354 dicemus
393 323 518 357 fortem,
541 326 573 352 et
593 319 688 351 talem
709 318 877 349 victoriam
898 328 962 349 non
982 317 1050 348 sine
1069 316 1190 346 virtute

226 376 318 406 posse
342 364 529 404 comparari.
1141 401 1145 406 .

311 408 434 439 Eadem
468 412 517 436 est
550 405 632 435 ratio
666 413 774 434 eorum
810 414 892 443 quae
927 403 979 433 hic
1003 402 1041 433 de
1064 401 1190 432 Dawde

226 456 411 481 narrantur.
456 448 539 479 Nam
571 446 634 477 Dei
657 445 791 486 spiritus
815 446 907 476 nobis
930 446 999 476 eius
1029 455 1067 475 ex
1099 450 1190 483 parte

225 493 383 532 lacrymas
407 496 438 522 et
457 490 596 530 gemitus
618 489 779 529 proponit,
811 494 846 519 ut
875 488 1023 519 ostendat
1045 497 1117 517 eum
1142 486 1190 516 in-

227 535 372 567 firmitati
395 533 495 564 fuisse
517 531 703 567 obnoxium,
727 537 759 562 et
780 531 931 562 humanis
949 530 1099 561 omnibus
1119 539 1191 568 pas—

226 577 387 609 sionibus:
417 586 457 606 ex
477 574 580 605 altera
603 584 679 604 vero
711 579 802 613 parte
834 573 909 604 dicit
939 572 1100 604 Davidem
1122 582 1191 602 sese

225 618 467 652 confirmavisse
497 617 530 648 in
555 616 676 647 Iehova
702 616 770 647 Deo
802 626 869 654 suo,
899 620 930 647 et
959 626 1023 646 non
1054 614 1189 654 despon-

225 662 310 693 disse
341 661 502 698 animum,
537 659 591 690 sed
622 660 654 689 in
686 659 837 689 maximis
865 659 931 689 suis
963 658 1122 697 angustiis
1151 656 1190 686 ad

224 703 331 735 Deum
363 703 556 742 confugisse,
589 708 818 739 agnoscentem
852 702 883 732 in
917 702 984 732 Deo
1015 701 1081 731 solo
1107 701 1191 730 vires

224 757 300 778 suas
323 756 392 777 esse
416 745 554 785 positas:
578 744 849 783 quemadmodum
873 755 932 774 nos
956 744 1023 784 ipse
1047 744 1079 773 in
1099 741 1189 773 Psal-

224 789 286 820 mis
309 798 404 828 saepe
429 787 528 818 docet.
563 787 643 818 Eius
667 787 765 826 igitur
789 787 973 826 exemplum
997 785 1190 816 imit-andum

225 831 317 862 nobis
338 831 529 871 proponitur
550 840 646 869 quem
675 829 838 860 hominem
864 830 961 860 fuisse
984 839 1102 868 negare
1126 838 1190 858 non

225 884 395 914 possumus
414 872 506 903 nobis
525 874 557 903 in
571 872 719 903 omnibus
733 872 886 902 similem:
913 871 1068 911 siquidem
1089 871 1191 910 ipsius

225 916 448 947 infirmitatem
473 915 688 955 conspicimus
712 914 766 954 qui
786 914 994 945 vehementer
1012 918 1192 944 commotus

225 963 282 997 est,
313 969 412 998 quum
437 958 554 989 damna
576 968 633 992 sua
658 957 738 987 vidit
762 962 794 987 et
817 957 850 987 in
875 958 1013 997 gemitus
1034 962 1066 987 et
1090 956 1192 996 lacry-

224 1012 294 1033 mas
325 1001 447 1032 effusus
477 1007 534 1031 est.
579 1000 620 1030 In
651 999 704 1029 illo
735 999 833 1040 igitur
856 999 1071 1039 conspicimus
1100 999 1192 1039 quid-

225 1044 302 1084 quid
326 1054 384 1075 nos
409 1044 448 1074 ad
483 1042 740 1083 desperationem
772 1050 803 1072 et
832 1042 986 1073 adversus
1009 1042 1117 1072 Deum
1141 1052 1192 1072 re-

224 1087 397 1119 bellionem
422 1091 528 1125 potest
550 1085 718 1116 adducere.
763 1084 824 1115 Illa
848 1086 978 1125 inquam
1003 1085 1037 1115 in
1062 1084 1191 1115 Davide

225 1134 302 1161 sunt:
331 1129 515 1168 conspicua,
545 1128 661 1168 quibus
691 1128 839 1158 omnibus
869 1129 1007 1158 occurrit
1035 1137 1134 1166 quum
1158 1137 1192 1158 se

224 1173 257 1204 in
281 1171 424 1202 Domino
455 1172 525 1202 Deo
555 1171 767 1201 confirmavit.
810 1170 876 1200 Nos
900 1171 1008 1210 itaque
1032 1170 1192 1201 discamus

224 1214 429 1255 passionibus
453 1219 484 1245 et
508 1213 675 1244 affectibus
707 1213 857 1243 humanis
881 1223 940 1243 nos
965 1213 1192 1244 vehementius

224 1256 423 1298 agitantibus
447 1262 480 1287 et
503 1255 707 1296 aegritudine
727 1256 759 1285 in
785 1256 900 1286 animis
921 1256 1040 1286 nostris
1064 1256 1193 1295 penitus

225 1300 389 1337 haerente,
414 1305 445 1330 et
469 1298 564 1330 rebus
584 1299 629 1329 ita
652 1298 834 1329 constitutis
858 1305 892 1329 ut
917 1297 1081 1338 deplorata
1105 1298 1193 1329 salus

224 1343 406 1379 videantur,
438 1346 471 1373 ct
493 1342 618 1372 nullum
643 1347 797 1381 appareat
819 1341 852 1371 in
883 1342 1001 1372 nostris
1024 1341 1120 1372 malis
1144 1351 1192 1371 re-

224 1385 378 1422 medium,
410 1385 448 1415 ad
473 1384 580 1415 Deum
612 1384 798 1423 confugere,
829 1384 861 1413 in
889 1394 951 1423 quo
983 1394 1046 1414 uno
1069 1391 1192 1415 certum

226 1433 276 1459 est
299 1437 359 1458 nos
382 1426 538 1467 quidquid
562 1426 656 1457 nobis
680 1427 876 1457 contrarium
903 1433 950 1457 est
974 1434 1192 1466 superaturos.

227 1470 323 1509 Quod
348 1480 424 1501 vero
443 1469 549 1500 David
575 1470 605 1500 in
632 1469 702 1500 Deo
725 1470 933 1500 confirmasse
957 1469 1136 1506 sedicitur,
1157 1479 1194 1500 eo

226 1512 408 1544 ostenditur
432 1523 506 1543 eum
529 1512 716 1552 fragilitatis
740 1522 818 1542 suae
844 1512 923 1542 bene
954 1513 1120 1543 conscium
1153 1511 1192 1542 ad

226 1555 406 1587 remedium
431 1555 624 1595 confugisse.
649 1554 758 1593 Quare
782 1555 807 1584 si
833 1560 992 1594 patientes
1008 1565 1077 1585 esse
1098 1555 1195 1585 volu-

226 1609 309 1636 mus,
339 1598 367 1629 si
396 1608 509 1628 omnes
540 1597 729 1628 afflictiones
759 1608 776 1627 a
806 1596 877 1627 Deo
908 1597 999 1628 nobis
1032 1598 1194 1629 immissas

227 1651 381 1681 superare
410 1641 573 1680 cupimus,
609 1640 771 1680 fugiamus
800 1650 929 1670 omnem
964 1641 1194 1681 arrogantiam,

226 1690 260 1715 et
288 1684 420 1714 inanem
451 1683 489 1713 de
521 1683 611 1713 nobis
642 1683 836 1722 opinionem,
869 1693 950 1722 quae
980 1684 1193 1722 pervicaciam

227 1732 260 1758 et
283 1725 532 1757 obstinationem
568 1725 599 1756 in
631 1725 722 1756 nobis
752 1727 867 1756 foveat.
914 1725 1077 1764 Quamdiu
1108 1728 1192 1757 enim

226 1769 366 1809 propriis
391 1769 509 1799 nostris
533 1768 655 1799 viribus
686 1768 757 1798 freti
782 1778 927 1808 pugnare
951 1769 984 1798 in
1011 1769 1068 1799 hoc
1091 1776 1192 1799 certa-

226 1812 313 1843 mine
345 1811 560 1847 voluerimus,
591 1811 698 1842 Deum
729 1811 860 1840 tandem
891 1811 1072 1842 istiusmodi
1106 1822 1193 1842 arro-

227 1854 371 1895 gantiam
386 1854 636 1890 vindicaturum,
662 1864 780 1892 no-que
800 1853 833 1883 in
854 1864 1012 1884 summam
1033 1855 1192 1885 confusio-

228 1907 304 1928 nem
327 1897 545 1927 immissurum
561 1903 683 1927 certum
705 1903 764 1934 est,
788 1901 819 1926 et
843 1903 997 1936 perpetua
1016 1897 1194 1937 ignominia

228 1940 431 1971 obruturum.
462 1939 533 1970 Hoc
556 1939 655 1978 igitur
677 1947 883 1978 praeceptum
909 1939 991 1970 altas
1015 1940 1136 1971 radices
1159 1941 1193 1971 in

229 1983 348 2013 nostris
371 1982 534 2012 mentibus
558 1982 682 2012 utinam
698 1990 781 2021 agat,
806 1990 839 2011 ut
864 1983 1115 2022 quotiescunque
1140 1994 1193 2013 va-

229 2025 285 2056 riis
308 2024 544 2056 calamitatibus
575 2034 773 2061 exercemur,
799 2035 1011 2064 agnoscamus
1031 2026 1136 2056 nullas
1159 2027 1192 2057 in

231 2067 323 2098 nobis
353 2078 423 2098 esse
458 2067 497 2098 ad
532 2067 746 2098 resistendum
779 2068 875 2106 vires,
909 2079 1030 2107 nosque
1060 2070 1192 2099 omnino

231 2109 370 2148 impares
394 2120 464 2140 esse
487 2110 556 2140 istis
580 2110 820 2145 tentationibus,
851 2117 882 2140 et
906 2116 1034 2142 nostrae
1057 2111 1193 2141 infirmi-

233 2152 308 2182 tatis
331 2152 422 2183 nobis
446 2153 564 2184 conscii
595 2152 634 2182 ad
659 2152 764 2182 Deum
796 2153 994 2189 accedamus,
1027 2165 1044 2184 a
1074 2165 1136 2194 quo
1160 2156 1193 2185 in

233 2193 295 2224 isto
307 2195 479 2226 certamine
498 2195 649 2226 iuvemur
661 2202 692 2225 et
712 2195 934 2226 sublevemur:
957 2197 988 2227 in
1010 2197 1063 2227 illo
1077 2198 1194 2236 quippe

234 2236 300 2267 solo
324 2239 461 2275 positum
485 2245 532 2268 est
553 2248 648 2268 omne
679 2244 822 2268 nostrum
848 2239 953 2269 robur.
1001 2239 1195 2278 Quicunque

235 2288 312 2309 vero
335 2280 470 2319 propriis
493 2281 541 2311 sui
565 2281 665 2320 ipsius
689 2280 811 2311 viribus
834 2281 906 2311 fidit
931 2288 960 2311 et
984 2292 1018 2312 se
1041 2284 1118 2313 satis
1139 2293 1192 2312 na-

235 2327 308 2352 tura
332 2322 492 2352 munitum
521 2323 558 2353 ad
588 2324 803 2354 resistendum
837 2324 1008 2361 existimat,
1039 2336 1194 2365 quaerere
1220 2335 1221 2339 ¹

235 2373 252 2394 a
278 2363 345 2394 Deo
375 2364 529 2411 ausilium
561 2371 592 2396 et
621 2367 652 2396 in
677 2367 745 2405 ipso
775 2367 960 2397 confirmari
984 2378 1046 2398 non
1071 2374 1191 2408 potest:

236 2411 349 2437 contra
373 2416 426 2444 qui
449 2417 482 2437 se
505 2417 641 2439 vacuum
667 2410 793 2445 fatetur,
818 2410 872 2449 qui
893 2419 970 2440 suae
994 2411 1192 2441 infirmitatis

236 2449 296 2480 sibi
319 2449 464 2479 conscius
487 2458 543 2486 est,
573 2454 606 2481 et
627 2452 680 2490 qui
704 2461 778 2482 vere
800 2453 838 2482 ad
864 2452 1010 2483 divinum
1035 2454 1190 2484 auxilium

869 224 915 255 IN
941 224 966 254 Ι.
995 223 1078 254 LIB.
1105 220 1303 253 SAMUEL.
1327 221 1425 252 CAP.
1450 222 1561 253 XXX.

2140 220 2201 250 686

1243 315 1349 345 efferri
1374 321 1407 346 et
1430 315 1468 345 dc
1499 326 1531 346 se
1562 325 1776 355 praesumere,
1806 314 1860 345 sed
1885 324 1983 353 quum
2010 313 2127 351 adiicit,
2144 323 2204 351 per

1244 356 1413 387 Dominum
1432 361 1570 389 nostrum
1595 358 1699 389 Iesum
1714 358 1868 388 Christum
1889 357 1942 396 qm'
1960 367 2009 387 me
2021 355 2202 393 corroborat,

1243 400 1321 430 satis
1351 401 1492 431 ostendit
1524 411 1557 431 se
1587 411 1650 431 non
1675 400 1874 436 insolescere,
1907 410 1963 430 nec
1991 399 2080 429 inani
2104 400 2202 428 iacta-

1244 442 1332 472 tione
1356 443 1472 482 cfferri,
1496 444 1550 474 sed
1571 454 1665 483 quam
1685 448 1851 482 acceperat
1869 443 2006 482 gratiam
2020 450 2203 481 agnoscere,

1244 484 1327 524 quod
1352 484 1441 515 Deus
1465 485 1554 516 illuni
1587 491 1741 525 quantum
1773 496 1853 525 opus
1877 485 1972 515 suerit
2003 485 2036 514 in
2061 483 2201 514 Domino

1243 534 1353 558 nostro
1377 527 1451 558 Iesu
1465 527 1599 559 Ohristo
1621 529 1841 559 corroborarit.
1867 527 1980 567 Magni
2005 532 2111 557 autem
2136 536 2203 556 mo-

1243 570 1342 600 menti
1367 581 1430 600 vox
1454 570 1510 601 illa
1533 581 1615 610 quae
1646 571 1803 605 adiicitur.
1835 570 1900 601 Deo
1927 580 1999 601 suo:
2029 580 2092 599 non
2117 569 2204 599 enim

1245 612 1304 642 hoc
1332 613 1400 643 loco
1431 623 1633 652 supervacua
1656 618 1714 644 est.
1760 614 1840 644 Nam
1866 614 1925 643 etsi
1951 613 2040 643 Deus
2071 612 2146 642 satis
2170 611 2202 641 in

1245 665 1277 685 se
1291 655 1408 685 virium
1433 654 1538 689 habet,
1562 666 1624 686 non
1651 663 1758 686 tamen
1782 666 1858 695 erga
1877 654 2036 695 quoslibet
2058 654 2204 684 'nomines

1244 707 1299 728 eas
1329 707 1456 737 semper
1486 698 1654 738 depromit.
1700 698 1807 737 Quam
1840 698 1959 729 multos
1983 698 2067 727 enim
2093 696 2204 726 videas

1243 740 1378 771 miseros
1401 740 1546 771 homines
1577 741 1812 772 calamitatibus
1842 741 1972 771 obrutos
2002 746 2034 770 et
2057 739 2205 778 despera-

1245 781 1378 817 bundos.
1403 784 1455 822 qui
1480 784 1600 814 nullam
1616 784 1864 814 consolationem
1886 782 2088 823 passionibus
2111 792 2203 821 prae-

1244 825 1391 865 occupati
1421 826 1603 865 recipiunt?
1635 827 1685 856 Ex
1717 836 1779 866 quo
1810 832 1941 866 apparet
1972 825 2114 855 divinam
2139 824 2204 854 vir-

1244 872 1346 898 tutem
1371 879 1433 898 non
1459 879 1606 899 exserere
1630 879 1663 900 se
1686 879 1762 907 erga
1785 879 1897 900 omnes
1921 870 2074 899 homines.
2117 866 2205 906 Quid

1245 911 1291 940 ita
1314 910 1415 941 vero?
1441 921 1556 950 nempe
1579 922 1642 942 non
1667 907 1777 942 omnes
1800 912 1839 942 ad
1858 912 1963 951 ipsum
1989 918 2141 950 tanquam
2165 909 2205 940 ad

1244 952 1350 983 Deum
1376 963 1469 984 suum
1493 955 1691 994 confugiunt.
1715 955 1759 985 Et
1782 954 1840 985 hoc
1864 955 2035 985 discrimen
2055 958 2103 984 est
2121 953 2206 983 inter

1244 994 1355 1026 fideles
1378 1002 1410 1026 et
1433 997 1621 1028 incredulos.
1659 997 1740 1027 Nam
1765 998 1824 1027 etsi
1848 998 1973 1036 profani
1997 1001 2029 1026 et
2051 995 2206 1026 mundani

1246 1038 1394 1069 homines
1406 1039 1466 1070 Dei
1477 1050 1588 1070 nomeu
1600 1040 1782 1079 frequenter
1790 1045 1966 1075 assumunt,
1980 1039 2052 1070 etin
2062 1039 2208 1069 afflictio-

1246 1081 1341 1112 nibus
1355 1087 1484 1120 vocant,
1508 1087 1604 1122 atque
1628 1083 1666 1113 ab
1691 1084 1758 1122 ipso
1778 1084 1918 1113 fatentur
1938 1092 2031 1112 omne
2050 1081 2207 1112 auxilium

1246 1124 1374 1161 venire,
1410 1130 1441 1155 et
1472 1135 1505 1155 se
1535 1131 1688 1165 cuperent
1717 1126 1755 1156 ab
1786 1125 1839 1155 illo
1869 1125 1902 1155 in
1935 1125 2032 1155 rebus
2062 1124 2207 1155 adversis

1246 1167 1402 1199 adiuvari.
1427 1177 1491 1197 non
1513 1173 1621 1198 tamen
1642 1168 1680 1199 ad
1704 1169 1808 1207 ipsum
1822 1167 2010 1202 confugiunt
2031 1177 2069 1197 ea
2086 1166 2208 1198 fiducia

1247 1219 1328 1249 quae
1357 1209 1432 1240 facit
1462 1215 1499 1240 ut
1528 1211 1639 1242 fideles
1668 1221 1686 1241 a
1716 1210 1858 1241 Domino
1888 1210 2121 1241 exaudiantur:
2151 1209 2208 1240 sed

1246 1258 1366 1282 temere
1396 1253 1545 1283 feruntur
1574 1254 1643 1284 sine
1674 1264 1749 1284 vera
1785 1254 1886 1292 ipsius
1915 1253 2114 1292 cognitione,
2143 1252 2208 1283 nisi

1246 1295 1380 1326 confusa
1403 1302 1434 1325 et
1458 1296 1620 1335 perplexa.
1646 1296 1711 1327 Nos
1731 1306 1805 1326 vero
1824 1300 1936 1327 contra
1955 1295 2116 1326 discamus
2129 1295 2207 1326 coeli

1246 1347 1282 1368 ac
1306 1342 1412 1368 terrae
1435 1345 1610 1369 creatorem
1642 1349 1699 1378 pro
1723 1339 1791 1370 Deo
1823 1344 1931 1369 nostro
1964 1338 2092 1373 habere,
2123 1338 2148 1368 si
2172 1338 2207 1368 in

1247 1380 1342 1411 rebus
1364 1381 1512 1420 angustis
1534 1382 1680 1420 cupimus
1709 1381 1749 1412 ab
1777 1383 1844 1421 ipso
1866 1381 2013 1411 exaudiri
2037 1386 2069 1411 et
2092 1380 2207 1411 iuvari.

1246 1423 1330 1454 Nam
1355 1422 1433 1454 haec
1454 1424 1536 1454 ratio
1561 1424 1612 1455 hic
1634 1424 1790 1460 adiicitur,
1821 1433 1879 1454 cur
1902 1423 2007 1454 David
2032 1433 2050 1453 a
2075 1423 2144 1454 Deo
2167 1424 2209 1454 sit

1247 1466 1427 1503 exauditus,
1457 1473 1488 1497 et
1511 1477 1576 1497 11011
1607 1477 1719 1506 passus
1747 1468 1789 1498 sit
1815 1467 1918 1506 ipsum
1945 1466 2031 1496 vinci
2054 1466 2093 1497 ab
2117 1466 2208 1496 infir-

1246 1509 1359 1539 mitate
1383 1519 1486 1548 neque
1510 1510 1680 1540 tentationi
1705 1510 1921 1547 succumbere,
1945 1508 2029 1549 quod
2053 1509 2208 1539 nimirum

1246 1550 1353 1582 Deum
1378 1553 1511 1591 agnovit
1534 1563 1603 1583 esse
1626 1562 1718 1582 suum
1743 1557 1951 1582 servatorem.
1996 1551 2107 1591 Neque
2130 1562 2208 1582 vero

1247 1593 1355 1625 David
1385 1600 1505 1625 temere
1536 1594 1619 1626 hanc
1649 1595 1830 1634 opinionem
1862 1595 2020 1634 concepit,
2051 1594 2107 1624 sed
2133 1605 2209 1625 vera

1246 1636 1310 1668 fide
1338 1637 1439 1668 factas
1470 1637 1529 1668 sibi
1560 1648 1577 1668 a
1611 1637 1751 1667 Domino
1782 1637 2012 1677 promissiones
2039 1637 2209 1677 amplexus

1247 1686 1304 1710 est.
1329 1679 1419 1718 Quas
1442 1681 1669 1719 promissiones
1688 1680 1781 1710 hodie
1794 1680 1883 1711 Deus
1905 1681 2001 1710 etiam
2024 1685 2055 1710 et
2078 1680 2208 1719 quidem

1246 1723 1341 1762 longe
1376 1723 1585 1754 excellentius
1619 1723 1769 1762 patefacit
1804 1724 1834 1753 in
1875 1723 1939 1753 filio
1974 1734 2030 1753 suo
2065 1722 2208 1754 Domino

1247 1772 1357 1796 nostro
1379 1766 1451 1796 Iesu
1466 1765 1605 1802 Christo,
1629 1766 1661 1796 in
1675 1776 1737 1805 quo
1750 1766 1775 1795 si
1789 1770 1914 1805 patrem
1934 1766 2039 1805 ipsum
2054 1776 2208 1805 agnosca-

1246 1819 1319 1839 mus
1342 1813 1373 1839 et
1394 1808 1593 1844 invocemus,
1623 1819 1656 1839 se
1688 1813 1815 1839 nostrae
1845 1809 1958 1839 salutis
1983 1818 2092 1839 curam
2117 1808 2210 1839 habi-

1246 1858 1367 1890 turum,
1390 1857 1421 1881 et
1445 1852 1475 1881 in
1501 1851 1644 1881 filiorum
1668 1861 1802 1882 numero
1827 1851 2012 1881 habiturum
2031 1851 2208 1891 pollicetur.

1247 1894 1318 1925 Hoc
1343 1894 1441 1933 igitur
1465 1894 1528 1923 alta
1549 1898 1657 1924 mente
1676 1895 1851 1933 repositum
1876 1904 2052 1930 servemus,
2077 1893 2139 1924 Dei
2154 1904 2208 1924 ve-

1246 1938 1374 1967 ritatem
1398 1936 1632 1966 immutabilem
1657 1947 1734 1971 esse,
1758 1942 1788 1966 et
1802 1936 1907 1966 Deum
1927 1937 2114 1967 invocantes
2133 1948 2210 1968 vera.

1246 1980 1308 2010 fide
1332 1990 1366 2009 re
1390 1980 1460 2019 ipsa
1495 1985 1687 2017 experturos
1722 1980 1827 2018 ipsum
1862 1990 1930 2010 esse
1964 1990 2078 2010 verum
2102 1980 2209 2010 Deum

1246 2030 1392 2053 nostrum
1417 2028 1447 2051 et
1471 2029 1606 2061 patrem.

1332 2065 1503 2097 Caeterum
1534 2064 1684 2094 adiicitur
1707 2064 1869 2095 Davidem
1900 2075 1965 2095 non
1988 2069 2114 2095 tantum
2138 2075 2209 2105 per-

1246 2108 1394 2140 territum
1418 2106 1534 2137 damno
1558 2106 1642 2146 quod
1663 2117 1774 2146 passus
1798 2113 1866 2138 erat
1889 2107 2099 2139 vehementer
2122 2108 2210 2139 labo-

1247 2161 1342 2185 rasse,
1360 2149 1412 2180 sed
1428 2150 1522 2179 etiam
1541 2149 1780 2180 multitudinem
1799 2160 1878 2189 quae
1894 2151 1998 2190 ipsum
2017 2150 2211 2189 sequebatur

1247 2195 1285 2225 de
1309 2192 1479 2232 lapidando
1507 2193 1575 2231 ipso
1599 2193 1768 2232 cogitasse,
1797 2194 1848 2231 qui
1880 2193 1941 2223 fuit
1964 2193 2133 2223 infortunii
2156 2204 2210 2224 cu·

1249 2237 1364 2267 mulus.
1424 2235 1491 2265 Nae
1526 2234 1649 2266 duabus
1682 2235 1874 2275 coniugibus
1907 2237 1972 2266 suis
2007 2236 2143 2266 amissis.
2179 2240 2211 2266 et

1248 2286 1410 2319 praeterea
1440 2278 1534 2308 etiam
1567 2278 1645 2308 urbe
1669 2278 1739 2313 illa,
1780 2288 1875 2317 quam
1911 2284 2077 2317 acceperat
2107 2279 2211 2317 patria

1246 2320 1382 2353 extorris
1406 2320 1444 2350 ab
1468 2320 1569 2351 Achis
1593 2331 1667 2360 rege
1687 2320 1935 2351 Philistaeorum
1959 2321 2061 2351 solatii
2086 2328 2117 2350 et
2140 2330 2210 2359 per-

1219 2373 1221 2403 ς
1246 2365 1324 2405 fugii
1356 2362 1478 2401 locum,
1509 2363 1664 2402 privatus,
1696 2370 1728 2393 et
1751 2363 1916 2393 hominum
1939 2363 2090 2402 opinione
2114 2363 2209 2394 rebus

1221 2412 1222 2439 1
1247 2406 1394 2438 omnibus
1417 2404 1598 2443 destitutus,
1622 2406 1698 2436 satis
1721 2406 1878 2436 malorum
1904 2416 2016 2445 passus
2039 2411 2128 2435 erat:
2155 2405 2211 2436 sed

237 2491 390 2530 confugit,
415 2491 482 2521 sine
506 2491 599 2523 dubio
618 2493 725 2524 Deum
750 2495 975 2525 auxiliatorem
999 2498 1192 2535 experietur,
1220 2499 1221 2504 ¹

238 2534 291 2573 qui
322 2543 488 2572 nunquam
520 2544 572 2565 eos
603 2536 796 2576 derelinquit
828 2538 882 2577 qui
916 2548 985 2568 sese
1014 2539 1073 2578 ipsi
1094 2539 1192 2569 subii—

237 2577 327 2608 ciunt
346 2582 376 2606 et
396 2575 534 2606 debitam
548 2576 673 2608 laudem
688 2579 878 2617 attribuunt,
903 2591 1040 2620 eumque
1052 2582 1194 2612 omnium
1221 2586 1222 2591 ¹

239 2625 384 2649 autorem
408 2617 564 2649 bonorum
588 2629 657 2650 esse
681 2622 881 2659 profitentur.

238 2661 404 2701 inquiens:
446 2660 513 2701 Eyo
541 2671 670 2700 possum
701 2665 818 2700 omnia,

925 2623 1048 2654 Idcirco
1074 2624 1196 2655 Paulus

860 2665 1027 2697 videretur
1060 2667 1195 2697 nimium

1222 2620 1224 2684 l

1247 2459 1344 2490 quum
1369 2455 1534 2487 praeterea
1557 2448 1730 2478 multitudo
1762 2448 1817 2478 illa
1840 2458 1920 2486 quae
1945 2454 2080 2487 sequuta
2103 2449 2210 2488 ipsum

1247 2494 1348 2524 fuerat
1372 2490 1527 2522 adversus
1551 2501 1624 2521 eum
1644 2491 1822 2529 conspirat,
1851 2491 1982 2520 minime
2007 2490 2138 2521 dubium
2163 2496 2212 2522 est

1248 2536 1323 2575 quin
1359 2534 1500 2563 maxime
1534 2533 1738 2573 perturbatus
1768 2534 1825 2570 sit,
1859 2538 1889 2562 et
1920 2533 1952 2563 111
1976 2534 2134 2564 maximas
2156 2545 2211 2565 an-

1249 2577 1370 2618 gustias
1393 2576 1552 2606 redactus.
1582 2576 1665 2606 Nam
1682 2576 1789 2605 miseri
1806 2575 1855 2605 isti
1877 2575 2021 2606 homines
2045 2587 2211 2616 nunquam

1249 2621 1286 2651 ab
1303 2630 1338 2650 eo
1353 2618 1544 2654 defecerant,
1569 2628 1672 2657 neque
1691 2617 1843 2648 adversus
1858 2617 1963 2657 ipsum
1981 2619 2211 2658 conspirarant,

1249 2661 1402 2702 quamdiu
1427 2662 1459 2691 in
1484 2660 1617 2691 saltibus
1641 2666 1671 2690 et
1695 2660 1853 2700 speluncis
1878 2660 2103 2692 habitaverant
2126 2663 2212 2694 inter
