2551 3044
400 225 463 258 599

400 318 455 350 sed
484 320 580 349 etiam
611 318 811 349 habitatione
842 324 872 349 et
904 320 1083 350 usufructu.
1130 319 1184 350 sic
1212 318 1305 350 Deus
1334 319 1368 350 in

400 361 504 392 medio
529 366 674 391 nostrum
699 369 730 392 et
755 361 909 399 habitare,
939 368 971 392 et
995 372 1028 392 se
1061 371 1124 392 non
1155 361 1249 393 aliter
1275 361 1369 394 nobis

400 404 551 435 delectari
573 404 754 443 profitetur,
777 414 874 443 quam
894 403 985 435 dives
1004 404 1164 444 quispiam
1184 405 1277 436 bonis
1300 405 1368 436 suis

399 456 535 486 quorum
570 445 724 485 adspectu
759 454 791 477 ct
826 447 994 478 usufructu
1030 447 1216 478 delectatur.
1273 447 1367 486 Quod

400 500 475 520 vero
490 488 607 527 David,
631 500 664 519 se
686 490 885 529 possessione
898 488 1032 520 Domini
1052 490 1189 521 eiectum
1211 491 1367 530 queritur,

399 585 472 606 mus
505 586 566 605 nou
601 581 728 605 tantum
759 576 868 615 fugere
891 576 1117 615 corruptiones
1141 575 1368 614 idololatricas,

1233 225 1437 258 HOMILIA
1460 225 1564 257 XCV.

1394 336 1396 343 ν
1420 318 1563 350 conditio
1594 318 1696 350 docet.

399 626 429 648 et
459 617 538 658 ipsis
569 617 664 648 fidem
697 627 760 648 uon
793 618 956 654 idhibere,
987 618 1042 649 sed
1073 619 1170 650 etiam
1193 618 1367 660 diligenter
1392 614 1394 647 ἑ

397 670 580 696 caveamus,
613 671 653 690 nc
686 660 736 690 vel
767 660 867 691 latum
892 671 1035 701 unguem
1059 671 1078 692 a
1103 661 1240 701 puritate
1264 662 1366 693 divini
1390 649 1395 704 l
1419 662 1481 691 iam
1513 660 1599 691 vires
1630 671 1706 692 suas
1737 660 1879 701 explicet
1909 660 2066 692 adversus
2089 671 2200 692 canem
2223 666 2388 693 mortuum

397 702 505 735 cultus
542 702 743 740 recedamus,
783 710 815 734 et
847 703 928 734 nihil
959 704 1109 735 simulate
1140 715 1252 735 eorum
1285 715 1366 744 quae

397 745 488 777 Deus
502 746 660 785 praecipit
681 746 846 785 faciamus,
866 745 950 786 quod
970 747 1080 778 nullus
1098 748 1139 778 sit
1159 747 1243 787 apud
1259 747 1365 778 Deum

397 789 526 820 futurus
557 789 648 819 uobis
673 789 874 820 excusationi
899 789 994 820 locus.

397 839 445 863 est
478 831 562 871 quod
600 831 669 861 Iud
663 843 719 862 iet
755 833 858 871 patria
891 832 1050 869 exsulare,
1084 840 1116 864 et
1149 833 1181 863 iu
1217 834 1393 873 prolanas

397 875 544 914 regiones
576 875 610 904 in
640 874 758 914 quibus
791 873 971 906 idololatria
997 875 1162 908 obtinebat
1191 877 1365 916 coningere

397 925 574 957 cogeretur,
604 923 636 947 ct
666 917 750 957 apud
783 918 932 949 inimicos
962 919 1108 950 veritatis
1132 920 1264 954 versari,
1295 919 1364 949 ani-

396 971 485 991 mum
518 970 637 1000 purum
669 961 822 997 retinens,
854 968 884 992 et
916 961 948 991 in
976 960 1049 992 fidei
1073 961 1271 993 confessione
1295 972 1364 1001 per-

396 1014 559 1039 severans,
583 1009 615 1033 et
634 1003 721 1034 vitae
740 1003 884 1043 periculo
903 1004 990 1034 illam
1010 1005 1201 1036 confirmare
1224 1012 1362 1044 paratus.

395 1045 478 1077 Nam
514 1045 613 1085 probe
648 1046 778 1077 tenebat
811 1057 845 1077 se
875 1047 901 1078 si
931 1047 1099 1078 simularet
1128 1058 1296 1079 assensum
1330 1048 1363 1077 in

394 1089 539 1129 ipsorum
573 1088 773 1128 religionem,
805 1099 895 1120 reum
920 1090 986 1121 fore
1011 1100 1118 1121 coram
1144 1090 1283 1121 Domino
1308 1100 1362 1120 ne-

393 1132 491 1172 glecti
526 1131 588 1162 Dei
624 1138 655 1162 et
696 1133 815 1171 recepti
855 1132 963 1163 cultus
1006 1132 1139 1164 deorum
1173 1133 1362 1168 alienorum,

395 1175 521 1206 etiamsi
541 1174 636 1205 corde
655 1174 885 1206 abhorruisset.
917 1174 1004 1214 Quid
1028 1176 1128 1215 igitur
1151 1176 1190 1207 iis
1214 1176 1361 1206 futurum

395 1224 452 1255 est,
482 1219 536 1257 qui
567 1227 600 1248 se
632 1217 718 1248 ultro
747 1218 781 1248 in
812 1217 870 1249 hoc
903 1218 1082 1258 periculum
1111 1219 1300 1256 coniiciunt,
1331 1224 1363 1249 et

394 1259 454 1291 sibi
485 1260 563 1299 ipsis
593 1259 715 1290 malum
739 1260 930 1291 accersunt?
977 1260 1195 1299 Quamobrem
1220 1261 1360 1300 primum

395 1303 508 1333 demus
527 1313 667 1343 operam,
692 1308 729 1333 ut
752 1303 783 1333 in
809 1303 847 1334 iis
870 1303 947 1334 locis
971 1314 1168 1342 maneamus,
1191 1305 1222 1334 in
1247 1305 1362 1343 quibus

395 1346 528 1377 libertas
552 1355 630 1385 pure
654 1344 761 1376 Deum
785 1345 957 1377 invocandi
982 1346 1178 1378 conceditur.
1209 1346 1361 1378 Secundo

396 1399 567 1420 caveamus
599 1398 639 1418 ne
668 1388 709 1419 ob
739 1388 915 1428 quamlibet
947 1390 1170 1421 necessitatem
1200 1390 1238 1420 iis
1266 1390 1362 1421 rebus

395 1442 476 1472 quae
500 1430 609 1462 divino
632 1431 733 1462 cultui
758 1437 944 1471 repugnant
967 1431 1208 1464 adhaereamus.
1250 1432 1362 1472 Neque

396 1475 483 1506 enim
513 1474 575 1504 erit
605 1473 691 1513 apud
722 1474 827 1505 Deum
860 1474 1005 1514 legitima
1035 1475 1101 1506 ulla
1132 1476 1304 1513 excusatio,
1335 1476 1361 1506 si

396 1517 482 1548 idola
524 1516 629 1547 colere
671 1527 728 1547 nos
767 1517 977 1557 simulemus,
1019 1517 1165 1549 dicamus
1200 1528 1275 1549 vero
1309 1528 1362 1549 cor

396 1566 545 1591 nostrum
564 1559 603 1589 ab
620 1559 658 1590 iis
678 1559 772 1599 longe
795 1559 915 1591 abesse.
952 1560 1019 1591 Nec
1037 1561 1123 1591 enim
1149 1560 1362 1592 dubitandum

396 1608 445 1634 est
468 1602 544 1642 quin
569 1601 623 1632 illa
646 1602 809 1633 simulatio
829 1612 935 1634 coram
961 1602 1030 1634 Deo
1053 1603 1161 1635 cultus
1185 1604 1362 1635 alienorum

397 1645 532 1676 deorum
561 1650 738 1684 reputetur.
784 1645 872 1677 Sane
900 1652 1025 1677 certum
1056 1652 1104 1677 est
1129 1646 1306 1684 Davidem,
1337 1647 1362 1678 si

397 1688 510 1719 fuisset
544 1687 577 1717 in
611 1698 681 1718 eam
716 1688 941 1719 necessitatem
975 1689 1146 1727 coniectus,
1180 1700 1221 1720 ex
1256 1690 1363 1720 animo

397 1735 524 1762 tantum
556 1730 718 1771 flagitium
750 1731 848 1762 fuisse
879 1730 1150 1768 abominaturum‚
1182 1743 1280 1771 quum
1305 1743 1359 1772 ag-

396 1779 509 1805 noscat
529 1773 614 1804 istud
635 1783 705 1804 esse
729 1773 789 1805 diis
813 1774 927 1805 alienis
949 1775 1081 1811 servire,
1104 1775 1363 1815 quandoquidem

396 1827 482 1847 unus
507 1816 597 1846 Deus
624 1822 673 1846 est
704 1827 809 1853 verus,
841 1817 897 1856 qui
928 1816 1062 1856 proinde
1085 1817 1211 1849 adorari
1238 1819 1307 1849 vult
1329 1819 1364 1849 in

396 1858 513 1899 spiritu
544 1864 577 1889 et
607 1859 755 1890 veritate.
801 1860 910 1890 Deum
939 1860 1047 1899 itaque
1075 1861 1158 1891 ferre
1182 1871 1246 1892 nou
1271 1871 1364 1901 posse

395 1901 474 1933 istas
505 1901 676 1932 hominum
708 1901 932 1934 simulationes
955 1902 1175 1943 observemus,
1205 1903 1362 1944 siquidem

396 1945 565 1977 verissima
595 1951 645 1975 est
674 1944 732 1975 filii
757 1945 819 1976 Dei
843 1947 1013 1983 sententia,
1038 1950 1086 1976 tot
1106 1946 1184 1977 locis
1206 1946 1240 1976 in
1265 1947 1364 1977 sacris

396 1988 556 2027 repetita,
587 1997 682 2026 quam
719 1988 790 2028 ipsa
823 1988 1025 2028 experientia
1057 1989 1265 2028 comprobat,
1300 2000 1363 2020 non

396 2040 490 2071 posse
514 2030 662 2061 homines
686 2030 811 2062 duobus
835 2030 974 2062 dominis
1000 2031 1166 2068 inservire,
1188 2031 1242 2062 sed
1266 2031 1364 2062 alium

397 2078 571 2110 amaturos,
603 2072 701 2103 alium
735 2084 812 2105 vero
839 2073 912 2104 odio
937 2073 1112 2112 habituros,
1144 2074 1293 2105 homines
1316 2075 1365 2105 in-

397 2127 496 2156 quam
519 2126 585 2146 non
609 2126 700 2156 posse
716 2117 839 2147 Decet
863 2116 990 2147 diabolo
1015 2117 1146 2148 servire.
1182 2116 1236 2149 Sic
1256 2117 1364 2148 David

397 2159 458 2190 hoc
487 2159 554 2190 loco
582 2160 753 2199 profitetur
776 2170 841 2190 non
865 2158 962 2191 licere
983 2160 1045 2191 sibi
1068 2159 1236 2191 hominum
1261 2170 1366 2191 mores

397 2202 529 2238 imitari,
561 2207 598 2232 ut
627 2212 697 2232 sese
728 2202 807 2242 ipsis
838 2202 1068 2240 accommodet,
1099 2208 1131 2234 et
1153 2203 1365 2243 gratificetur.

399 2243 465 2276 Sed
496 2245 555 2275 ait:
589 2244 658 2275 Deo
688 2255 769 2285 pure
799 2249 831 2276 et
852 2245 976 2277 sincere
999 2256 1068 2278 esse
1091 2245 1307 2283 serviendum,
1332 2252 1368 2276 ut

399 2298 474 2318 vere
504 2288 647 2327 profiteri
680 2288 850 2328 possimus,
887 2298 945 2320 nos
974 2288 1076 2329 ipsius
1103 2299 1190 2327 esse,
1218 2294 1248 2319 et
1280 2288 1366 2319 debi-

399 2334 465 2361 tam
501 2330 718 2361 reverentiam
760 2331 821 2370 ipsi
861 2330 922 2362 soli
958 2331 1078 2363 deberi.

399 2372 439 2404 de
460 2373 541 2404 istis.

486 2416 665 2456 Pergamus
702 2417 735 2446 in
776 2417 948 2448 verborum
986 2417 1122 2448 istorum
1151 2417 1367 2457 expositione:

401 2458 466 2491 Cus-
494 2458 636 2498 procedit
669 2469 724 2490 rec
759 2459 894 2491 Israelis
926 2460 969 2491 ad
998 2460 1208 2499 quaerendum
1233 2459 1369 2499 pulicem

399 2512 514 2538 unum,
548 2511 585 2532 ac
616 2501 646 2532 si
676 2505 910 2541 persequeretur
936 2502 1073 2542 pulicem
1081 2502 1111 2543 ss)
1142 2503 1177 2534 in
1208 2502 1368 2534 montibus.

401 2543 528 2584 Quibus
557 2543 667 2575 verbis
692 2544 800 2576 David
830 2555 927 2585 quam
951 2544 1075 2577 abiecta
1094 2546 1139 2577 sit
1161 2550 1192 2577 et
1215 2545 1289 2577 vilis
1312 2555 1370 2577 sua

489 2681 517 2712 ⁸)
534 2681 623 2713 che:
642 2681 786 2713 perdicem.

1391 731 1394 743 Ι

1133 2331 1177 2363 Et
1211 2331 1367 2362 hactenus
1393 2325 1395 2333 ¹

2327 226 2391 261 600

1743 317 1807 349 Sed
1838 328 1918 358 quae
1950 324 2058 350 tamen
2089 318 2150 359 ipsi
2180 320 2223 350 sit
2247 319 2390 360 honesta,

1421 361 1505 401 quod
1543 361 1666 392 inimici
1703 361 1904 400 superbiam,
1935 367 1967 392 et
1999 361 2219 402 arrogantiam
2249 361 2388 396 deiiciat.

1421 403 1547 443 Quibus
1572 404 1678 435 verbis
1703 403 1854 436 docemur
1877 404 2034 444 quomodo
2059 415 2116 435 nos
2139 404 2172 435 in
2197 404 2312 436 mediis
2334 415 2389 437 an-

1421 447 1536 487 gustiis
1567 446 1709 487 gaudere
1739 448 1916 487 oportebat,
1951 458 2051 487 quum
2081 447 2120 478 ab
2151 447 2247 478 huius
2276 447 2390 480 mundi

1394 514 1396 522 .
1419 489 1606 529 proceribus
1625 496 1657 520 ct
1676 490 1848 529 primariae
1871 489 2042 530 diguitatis
2065 490 2145 521 viris
2168 490 2287 521 iniuste
2310 490 2390 522 affli-

399 532 481 572 quod
502 531 541 562 ad
563 531 686 562 alienos
705 532 782 563 ‹leos
801 532 952 564 colendos
971 532 1121 572 pellatur.
1146 544 1184 563 cx
1205 543 1241 564 eo
1264 533 1367 565 disca·
1392 535 1395 556 ¹
1420 533 1534 572 gimur.

1588 532 1632 564 Se
1672 532 1772 573 igitur
1802 532 1911 564 David
1950 540 2116 572 comparat
2154 533 2251 572 pulici
2287 543 2317 573 q.
2357 531 2387 581 d:

1421 575 1540 615 Ecquis
1560 558 1701 606 tandem*
1714 574 1819 606 honor
1841 582 1874 606 et
1896 575 1997 615 gloria
2022 575 2090 615 regi
2114 576 2308 615 acquiretur,
2332 575 2389 616 qui

1419 623 1523 666 potest
1546 616 1702 649 adversus
1723 628 1861 658 magnos
1884 619 2048 649 exercitus
2072 617 2191 649 bellum
2215 628 2338 659 gerere,
2361 618 2389 650 si

1392 705 1394 724 ³
1419 710 1449 734 et
1473 702 1635 743 pulicem?
1679 703 1747 734 Nae
1769 703 1899 735 cuilibet
1922 710 2036 734 notum
2059 709 2109 735 est
2130 714 2250 745 magno
2274 704 2388 745 pudori

1419 747 1501 777 ιρι-ιι
1521 747 1644 786 potenti
1668 746 1802 782 homini,
1825 752 1858 777 et
1881 747 2053 786 primariae
2076 746 2244 787 dignitatis
2268 747 2337 778 viro
2359 747 2387 779 si

1039 789 1146 821 David
1170 797 1365 830 conquestus
1391 805 1394 828 l
1419 789 1450 819 in
1476 789 1629 820 miserum
1653 771 1900 820 homuncionem
1926 790 2081 829 impetum
2106 790 2226 826 fecerit,
2256 797 2312 821 aut
2336 800 2386 821 ro

1419 832 1512 862 busto
1547 831 1574 862 si
1605 832 1636 862 in
1668 832 1834 863 infirmum
1864 832 2007 870 irruerit,
2037 842 2198 872 quaenam
2229 832 2317 863 enim
2345 831 2386 864 ad

1418 874 1511 905 illum
1534 873 1608 905 inde
1631 874 1760 914 gloria?
1797 874 1832 906 Si
1856 875 1928 915 quis
1951 875 2038 906 enim
2061 874 2201 915 exempli
2225 875 2330 916 gratia
2351 875 2386 907 in

1417 916 1608 957 languidum
1626 924 1658 948 et
1682 917 1791 948 morbo
1815 923 1985 958 tantopere
2009 917 2213 949 debilitatum
2236 918 2386 958 aliquem,

1417 965 1453 990 ut
1484 970 1523 990 ne
1555 959 1669 1000 pedem
1699 959 1828 1000 quidem
1859 971 1991 992 movere
2021 962 2138 1001 possit,
2168 961 2323 998 irrueret,
2354 965 2388 994 et

1417 1002 1523 1043 plagis
1553 1003 1718 1040 laceraret,
1749 1013 1853 1034 nonne
1880 1003 2051 1044 indignum
2081 1003 2222 1034 hominis
2253 1003 2386 1044 facinus,

1417 1051 1449 1076 et
1479 1056 1611 1085 prorsus
1643 1045 1882 1077 intolerandum
1906 1057 2019 1078 omnes
2042 1045 2254 1078 iudicabunt?
2280 1052 2335 1078 aut
2357 1047 2386 1078 si

1416 1088 1488 1128 quis
1518 1089 1693 1128 primariae
1723 1088 1892 1129 dignitatis
1921 1089 1983 1129 vir,
2013 1099 2086 1120 cum
2118 1089 2242 1121 abiecto
2273 1095 2305 1120 et
2329 1089 2386 1122 vili

1416 1130 1523 1171 aliquo
1555 1131 1714 1162 nebulone
1739 1132 1875 1170 rixetur,
1905 1143 2015 1163 nonne
2039 1131 2179 1163 ludibrio
2202 1131 2386 1170 habebitur,

1415 1179 1447 1204 ct
1478 1174 1561 1205 nihil
1590 1174 1675 1205 forte
1705 1181 1736 1205 et
1767 1175 2013 1214 magnanimum
2043 1175 2079 1206 in
2101 1186 2135 1206 se
2159 1175 2279 1207 habere
2301 1174 2384 1206 iudi-

1415 1217 1549 1255 cabitur,
1573 1221 1630 1248 aut
1652 1217 1680 1248 si
1703 1217 1776 1256 quis
1799 1218 1850 1248 vir
1874 1217 2024 1249 robustus
2046 1219 2079 1249 in
2102 1217 2262 1249 infantem
2285 1218 2386 1258 impe-

1415 1264 1483 1290 tum
1513 1260 1634 1298 fecerit,
1665 1270 1773 1291 nonne
1802 1265 1957 1300 tanquam
1989 1260 2094 1292 bellua
2118 1261 2269 1293 immanis
2291 1260 2386 1292 habe-

1416 1302 1527 1333 bitur?
1570 1302 1622 1333 Ita
1645 1302 1755 1334 David
1780 1302 1912 1334 Saulem
1944 1303 2094 1334 admonet
2119 1314 2182 1334 non
2205 1313 2301 1344 posse
2323 1303 2386 1344 ipsi

1416 1346 1531 1377 honori
1565 1345 1687 1384 cedere,
1721 1345 1805 1384 quod
1841 1352 1907 1376 tam
1942 1346 2102 1378 abiectum
2136 1346 2385 1378 homuncionem

1416 1395 1673 1428 persequeretur.
1728 1388 1843 1428 Neque
1881 1399 1958 1420 vero
1992 1389 2154 1420 Davidem
2189 1388 2386 1421 arbitremur

1416 1431 1454 1463 de
1473 1438 1609 1463 externa
1632 1442 1690 1462 sua
1714 1431 1896 1463 conditione
1919 1436 2047 1462 tantum
2073 1432 2170 1463 verba
2192 1432 2306 1470 facere,
2329 1431 2386 1464 sed

1415 1474 1618 1514 potissimum
1640 1474 1678 1505 de
1698 1474 1798 1505 animi
1817 1475 1865 1506 sui
1885 1475 2072 1513 abiectione,
2096 1482 2131 1505 ut
2143 1473 2254 1507 Saulis
2271 1485 2386 1515 super·

1417 1518 1502 1548 biam
1537 1517 1676 1548 deiiciat.
1732 1516 1799 1548 Nos
1840 1518 1942 1558 igitur
1975 1518 2200 1558 superborum,
2233 1523 2267 1548 et
2300 1527 2387 1549 arro-

1417 1560 1563 1600 gantium
1595 1560 1765 1591 hominum
1789 1559 1933 1591 furorem
1958 1560 2113 1592 deiecturi
2137 1571 2178 1592 ne
2201 1560 2386 1600 efferamur,

1416 1602 1496 1634 haec
1525 1603 1611 1634 enim
1635 1609 1683 1634 est
1705 1603 1950 1634 contentionum
1981 1608 2014 1634 et
2043 1603 2249 1643 querelarum
2274 1613 2387 1635 causa:

1415 1645 1496 1677 haec
1525 1645 1654 1677 flabella
1683 1644 1829 1677 caedium
1859 1652 1891 1677 et
1920 1646 2117 1687 iurgiorum,
2156 1656 2256 1686 quum
2283 1646 2323 1679 de
2351 1655 2387 1678 se

1416 1689 1495 1720 nihil
1521 1688 1657 1720 modesti
1680 1689 1859 1720 sentientes
1881 1688 2030 1720 homines
2052 1690 2086 1720 in
2109 1689 2252 1720 furorem
2277 1699 2385 1720 erum-

1415 1737 1513 1771 punt,
1551 1742 1652 1771 quum
1683 1742 1717 1762 se
1745 1732 1857 1772 magni
1887 1732 1958 1762 fieri
1987 1736 2020 1763 et
2051 1731 2164 1763 haberi
2194 1731 2324 1770 volunt,
2354 1737 2387 1764 et

1415 1774 1540 1805 nullum
1572 1774 1712 1814 amplius
1742 1775 1859 1806 rationi
1889 1774 1995 1806 locum
2025 1774 2224 1815 relinquunt.
2278 1773 2387 1806 David

1415 1823 1528 1849 contra
1558 1818 1730 1857 profitetur
1753 1827 1788 1848 se
1811 1827 1877 1848 non
1900 1817 2002 1849 fuisse
2025 1817 2091 1848 ulla
2114 1817 2290 1849 ambitione
2313 1817 2388 1850 duc-

1416 1865 1494 1898 tum,
1526 1859 1582 1891 sed
1613 1870 1649 1891 eo
1684 1860 1785 1891 fuisse
1816 1865 2007 1891 contentum
2036 1860 2121 1900 quod
2152 1859 2243 1891 Deus
2274 1870 2387 1893 conce-

1416 1902 1522 1941 debat,
1545 1908 1577 1934 et
1600 1902 1730 1942 quidem
1753 1913 1788 1934 se
1811 1902 1912 1934 aDeo
1937 1902 2097 1934 deiectum
2121 1909 2153 1934 et
2177 1903 2386 1935 humiliatum

1416 1946 1576 1986 patienter
1599 1945 1723 1982 tulisse,
1747 1951 1779 1977 et
1801 1945 1894 1977 facile
1918 1945 2087 1987 dignitatis
2109 1946 2198 1977 illius
2221 1952 2253 1977 et
2275 1951 2387 1986 poten-

1417 1989 1480 2020 tiae
1499 1988 1538 2020 ad
1558 1998 1655 2028 quam
1674 1988 1766 2029 prius
1785 1994 1919 2020 evectus
1941 1990 2046 2020 fuerat
2067 1988 2213 2020 oblitum.
2236 1988 2387 2030 Dignum

1417 2042 1493 2063 sane
1513 2031 1699 2072 exemplum
1717 2031 1801 2071 quod
1820 2031 1996 2070 imitemur,
2019 2037 2052 2063 et
2075 2043 2116 2062 ex
2139 2042 2202 2072 quo
2225 2031 2387 2064 discamus

1417 2075 1496 2105 rixis
1529 2074 1680 2105 omnibus
1711 2080 1744 2105 et
1771 2074 1910 2114 querelis
1940 2085 2071 2106 eausam
2102 2074 2288 2114 praecidere
2318 2084 2386 2106 mo·

1417 2170 1513 2199 quam
1543 2160 1655 2200 magni
1686 2160 1756 2191 fieri
1785 2160 1949 2191 malimus.
1993 2159 2089 2197 Nam,
2119 2164 2157 2191 ut
2185 2160 2230 2190 ait
2253 2159 2385 2197 Paulus,

1418 2203 1563 2233 omnium
1594 2203 1838 2234 contentionum
1869 2203 1940 2234 fons
1971 2207 2003 2234 et
2033 2203 2140 2242 origo,
2169 2207 2202 2233 et
2231 2202 2387 2243 pestifera

1420 2246 1487 2276 lues
1511 2250 1560 2276 est
1582 2246 1615 2276 in
1639 2245 1718 2277 alios
1741 2245 1930 2276 dominandi
1953 2244 2124 2285 cupiditas.
2166 2245 2387 2284 Quamobrem

1420 2287 1512 2319 deiici
1543 2298 1601 2319 nos
1623 2293 1657 2320 et
1678 2288 1844 2328 parvifieri
1866 2294 2002 2328 oportet,
2039 2298 2155 2320 verum
2179 2298 2244 2319 non
2267 2294 2386 2327 coacte,

1420 2330 1475 2361 sed
1504 2336 1634 2370 sponte:
1666 2341 1767 2371 quum
1797 2331 1843 2362 ita
1866 2331 1949 2362 ferre
1973 2330 2037 2362 Dei
2061 2331 2261 2362 voluntatem
2285 2332 2387 2363 scive-

1420 2374 1537 2404 rimus:
1557 2379 1590 2405 et
1601 2376 1783 2405 cavendum
1803 2383 1844 2404 ne
1863 2373 1993 2414 propria
2013 2374 2186 2405 autoritate
2203 2374 2387 2406 efferamur.

1420 2416 1469 2447 Ac
1499 2417 1525 2447 si
1548 2416 1638 2448 Deus
1668 2426 1726 2448 nos
1755 2416 1805 2447 in
1821 2415 1959 2465 gradum
1990 2416 2131 2457 aliquem
2160 2416 2333 2465 dignitatis
2352 2420 2388 2450 et

1422 2458 1554 2490 honoris
1583 2459 1740 2496 evexerit,
1769 2460 1874 2500 parati
1904 2469 2033 2499 semper
2056 2459 2161 2491 simus
2183 2460 2311 2491 sincera
2332 2469 2388 2492 vo-

1422 2502 1546 2532 luntate
1569 2502 1598 2533 ei
1622 2512 1680 2533 nos
1702 2507 1910 2542 nostramque
1934 2502 2127 2542 dignitatem
2151 2501 2328 2543 resignare,
2348 2505 2388 2534 ut

1420 2545 1448 2576 si
1479 2543 1615 2576 abiicere
1637 2555 1696 2576 nos
1716 2544 1812 2583 volet,
1843 2545 1912 2576 eius
1934 2544 2096 2576 voluntati
2118 2544 2388 2585 obtemperemus,

1422 2597 1481 2618 nec
1516 2597 1612 2627 aegre
1650 2587 1792 2619 feramus
1825 2587 1910 2628 quod
1940 2588 1976 2619 ιιι
2004 2587 2072 2619 dies
2103 2598 2167 2619 non
2196 2598 2388 2627 crescamus,

1396 2634 1399 2668 Ι
1420 2629 1523 2661 donec
1547 2640 1645 2677 supra
1667 2630 1770 2662 nubes
1793 2630 1868 2661 elati
1890 2630 2056 2662 fuerimus
2091 2629 2159 2663 Sed
2178 2629 2248 2663 Deo
2270 2640 2387 2672 regen·-

1396 2671 1399 2709 Ι
1423 2672 1482 2704 dos
1501 2682 1558 2704 nos
1576 2673 1730 2710 sinamus,
1750 2673 1804 2713 qui
1824 2672 1907 2713 quod
1927 2672 2059 2713 expedit
2076 2673 2170 2705 nobis
2185 2674 2266 2705 satis
2284 2673 2385 2708 novit.

1417 2117 1521 2149 destia
1551 2122 1583 2148 et
1614 2117 1806 2155 humilitate,
1835 2122 1872 2147 ut
1902 2116 1995 2149 deiici
2024 2117 2131 2157 potius
2161 2123 2193 2148 et
2221 2117 2387 2149 contemni
2426 2125 2431 2129 ·

2529 658 2551 704 3..

2534 845 2551 869 αι
2526 724 2551 827 ΓΗΣ-ι
2542 709 2547 717 -
