2551 3044
355 222 416 253 647
1186 216 1388 248 HOMILIA
1412 216 1537 248 XCIX.
2297 219 2359 250 648

357 316 537 347 illustrare:
570 313 781 352 conspicuum
807 312 866 343 hoc
891 312 1037 342 mulieris
1067 311 1161 342 istius
1185 311 1335 351 exemplo

360 368 456 399 quam
480 358 623 388 Satanae
655 354 840 395 praestigiis
863 354 909 385 sic
933 354 1084 386 fascinari
1110 353 1268 393 videmus,
1299 359 1336 384 ut
1362 359 1363 384 ξ

361 400 445 441 quod
482 398 611 430 videbat
642 404 674 428 et
709 403 836 437 poterat
871 401 987 427 natura
1021 405 1230 436 cognoscere,
1271 406 1335 427 non

361 442 471 474 videat
505 448 537 472 et
568 441 699 471 interim
731 446 903 480 cognoscat
934 438 1018 478 quod
1049 449 1114 470 non
1149 447 1206 470 est.
1248 439 1335 470 Hinc

362 486 463 526 igitur
487 484 650 515 discamus
681 492 791 514 coram
815 481 885 513 Deo
916 482 1022 522 magis
1045 491 1081 513 ac
1105 482 1208 523 magis
1232 482 1334 517 deiici,

362 537 502 567 eumque
539 525 728 557 ardentibus
758 525 842 555 votis
866 525 1001 564 precari,
1032 529 1067 555 ut
1097 529 1227 556 tantum
1251 534 1337 555 erro·
1362 539 1363 542 =

363 580 430 602 rem
461 580 479 600 a
508 568 601 600 nobis
632 575 768 604 avertat,
800 574 832 598 et
863 577 902 598 ne
932 578 990 598 nos
1021 568 1108 598 sinat
1136 568 1169 598 in
1193 568 1335 598 Satanae

1390 321 1556 350 nunquam
1571 321 1784 350 assumamus,
1807 312 1862 343 sed
1883 313 1916 342 in
1937 312 2058 343 honore
2071 320 2104 344 et.
2125 314 2230 353 pretio
2242 313 2360 346 habea-

1390 363 1478 384 mus:
1509 358 1543 385 et
1565 353 1824 394 quandoquidem
1853 354 1913 385 hoc
1942 354 2113 396 privilegio
2137 365 2196 387 nos
2217 355 2358 395 donavit,

1389 402 1424 427 ut
1447 396 1479 427 in
1504 396 1699 436 peculiarem
1724 397 1785 429 sibi
1810 397 1966 438 populum
1987 399 2210 438 assumpserit,
2233 409 2268 429 re
2291 399 2360 439 ipsa

1389 444 1546 470 testemur
1576 449 1633 471 nos
1663 440 1761 472 etiam
1792 439 1900 480 ipsum
1931 450 1989 480 pro
2018 439 2090 472 Deo
2121 451 2298 482 agnoscere
2329 447 2360 472 et

1362 508 1363 512 ,
1389 481 1518 519 habere,
1541 482 1574 512 in
1598 482 1786 522 integritate
1809 488 1841 514 et
1864 483 2004 514 candore
2028 483 2131 514 vitam
2154 489 2304 525 agentes:
2329 488 2361 515 et

363 614 514 652 laqueum
536 611 687 648 incidere,
712 618 742 641 et
763 611 795 640 in
816 620 870 641 cas
891 609 1041 641 tenebras
1053 610 1123 641 fieri
1142 610 1336 650 praecipites
1361 627 1363 634 ι

363 657 396 687 in
421 655 536 694 quibus
561 654 644 685 nihil
668 653 808 693 amplius
833 652 1067 691 discernamus,
1089 652 1146 684 sed
1170 653 1277 693 potius
1302 659 1335 682 ut
1361 674 1362 681 ,

363 709 421 730 nos
446 708 574 737 semper
604 702 752 737 protegat
782 702 813 726 et
844 702 933 736 regat
963 705 1084 736 suoque
1115 696 1231 736 spiritu
1262 694 1335 724 illu-

362 747 451 777 stret,
478 747 513 771 ut
538 750 613 771 vcro
638 740 798 779 possimus
825 739 938 769 videre
957 739 1043 778 quod
1067 738 1159 770 nobis
1183 737 1263 769 utile
1287 741 1335 768 est

363 791 395 816 et
420 784 648 819 necessarium,
673 787 704 813 ct
729 783 760 812 in
782 782 884 822 ipsius
908 781 1000 812 verbi
1024 781 1097 812 luce
1120 781 1165 812 sic
1189 779 1335 811 ambule-

363 837 443 860 mus.
471 836 509 856 ne
535 835 677 865 uuquam
701 824 740 855 ab
761 825 863 864 ipsius
882 824 998 855 semita
1019 823 1239 855 deflectamus.
1264 822 1336 853 Hoc

363 870 450 900 enim
475 867 624 907 exemplo
648 867 726 898 satis
750 867 902 898 docemur
926 872 1114 898 nosnatura
1132 873 1239 897 nostra
1252 865 1334 895 nihil

363 922 442 946 esse.
475 919 507 942 et
536 916 769 950 cognoscentes
801 910 882 940 nihil
913 920 1116 950 cognoscere,
1148 909 1335 947 donumque

364 955 425 986 Dei
449 953 588 993 speciale
611 963 681 984 esse
705 962 805 992 quum
831 952 910 983 nihil
931 953 1114 992 expetimus
1138 962 1241 990 neque
1253 961 1336 981 seire
1360 950 1363 978 ἶ

363 997 511 1037 cupimus
545 997 604 1026 nisi
637 996 720 1035 quod
754 996 821 1034 ipse
852 995 934 1028 scire
965 1006 1023 1026 nos
1046 995 1192 1025 volucrit.
1239 992 1334 1032 Quod

362 1040 448 1071 enim
474 1039 526 1069 isti
557 1038 684 1069 mulieri
715 1038 860 1078 contigit,
893 1038 983 1068 nobis
1014 1038 1110 1068 ctiam
1135 1036 1336 1076 contingeret

365 1082 426 1114 nisi
451 1082 540 1113 Deus
565 1092 619 1112 nos
645 1091 663 1111 a
688 1082 831 1112 Satanae
857 1080 1039 1121 praestigiis
1065 1085 1236 1110 tutaretur.
1268 1079 1336 1109 Nos

364 1126 464 1166 igitur
488 1124 582 1164 plane
607 1134 717 1154 caecos
738 1130 856 1154 natura
869 1134 937 1154 esse
951 1133 1192 1163 cognoscamus,
1218 1123 1335 1161 ipsam-

365 1178 426 1208 que
449 1167 528 1198 adeo
549 1166 731 1197 naturalem
756 1166 1016 1206 intelligentiam,
1042 1174 1138 1205 quam
1162 1165 1231 1204 ipse
1245 1163 1336 1194 Deus
1362 1179 1363 1190 ι

365 1210 458 1241 nobis
483 1209 580 1247 dedit,
606 1209 726 1240 nullam
752 1210 826 1245 fore,
852 1209 914 1239 nisi
933 1208 1022 1239 Deus
1047 1206 1183 1238 eandem
1206 1218 1335 1238 conser-

365 1258 467 1285 varet.
507 1252 613 1292 Saepe
638 1262 714 1283 vero
740 1253 783 1289 fit,
816 1258 853 1282 ut
878 1251 966 1282 Deus
991 1256 1120 1290 peccata
1145 1256 1255 1281 nostra
1279 1260 1337 1289 pu-

364 1296 494 1327 niturus
525 1305 657 1327 sensum
687 1294 778 1325 nobis
809 1294 940 1327 adimat.
973 1299 1004 1324 et
1039 1297 1183 1324 mentem
1208 1293 1333 1332 eripiat,

365 1346 400 1370 ut
435 1349 566 1378 prorsus
603 1338 883 1377 obstupescamus:
927 1336 1043 1367 deinde
1079 1346 1153 1367 vero
1187 1336 1337 1375 mitigata

365 1392 482 1412 manus
506 1391 584 1412 suae
608 1381 789 1417 severitate,
810 1389 972 1411 summam
995 1379 1029 1409 in
1053 1379 1122 1419 ipso
1145 1384 1336 1410 mansuetu-

367 1424 477 1455 dinem
502 1423 690 1455 sentiamus.
724 1423 811 1453 Hinc
836 1423 997 1454 discamus
1021 1421 1200 1452 Dominum
1224 1421 1336 1452 sedulo

366 1466 501 1507 precari,
532 1472 567 1497 ut
591 1476 667 1497 vcra
698 1476 774 1497 suae
799 1465 975 1496 voluntatis
1006 1465 1077 1496 luco
1102 1475 1160 1495 nos
1182 1464 1335 1500 illustret,

365 1515 401 1541 ut
425 1510 458 1540 in
485 1515 603 1540 rectam
628 1509 714 1539 viam
740 1508 868 1548 dirigat,
899 1516 931 1538 et
956 1514 1024 1538 tota
1051 1508 1118 1538 vita
1148 1517 1206 1538 nos
1229 1512 1335 1547 regat;

365 1558 395 1583 et
419 1552 556 1592 gratiam
586 1551 673 1581 illam
705 1550 796 1582 nobis
828 1550 924 1582 donet
952 1561 1014 1590 qua
1042 1550 1144 1590 ipsius
1171 1549 1263 1581 verbi
1287 1560 1336 1580 re-

366 1595 495 1635 pagulis
524 1595 761 1633 contineamur,
795 1600 825 1624 et
856 1594 1052 1634 cognitionis
1083 1593 1152 1624 sive
1183 1593 1336 1624 scientiae

364 1638 451 1669 illius
477 1638 910 1677 vanitatemcognoscamus,
933 1646 1015 1676 quae
1038 1635 1203 1667 diabolum
1228 1636 1337 1676 potius

365 1681 538 1717 doctorem,
562 1690 657 1719 qnam
683 1690 757 1710 eum
781 1680 834 1719 qui
859 1689 959 1710 verax
983 1684 1029 1710 est
1057 1678 1175 1710 habere
1199 1678 1336 1710 mavult.

365 1723 448 1754 Nam
473 1723 609 1754 scientia
622 1729 669 1753 est
683 1723 751 1753 siue
772 1722 916 1760 scientia,
940 1727 972 1752 et
984 1721 1126 1761 cognitio
1144 1722 1214 1752 sine
1227 1721 1338 1762 cogni-

365 1766 462 1797 tione.
506 1765 626 1796 Mulier
649 1765 711 1795 ista
736 1765 922 1797 Samuelem
947 1765 999 1804 qui
1020 1764 1153 1795 Samuel
1177 1774 1243 1795 non
1268 1768 1339 1795 erat

366 1809 526 1848 cognovit.
553 1813 584 1838 et
610 1807 741 1838 Saulem
767 1809 821 1848 qui
845 1812 915 1838 erat
939 1817 1002 1837 non
1027 1807 1169 1847 agnovit,
1194 1806 1339 1838 Satanae

367 1851 481 1882 delusa
505 1850 697 1890 praestigiis.
745 1850 893 1881 Eandem
918 1860 988 1881 esse
1011 1849 1158 1880 norimus
1181 1849 1243 1880 Dei
1267 1860 1340 1881 con-

370 1898 568 1933 temptorum
601 1892 694 1923 hodie
719 1899 816 1932 atque
840 1893 932 1923 istius
958 1893 1119 1923 veneficae
1143 1898 1174 1923 et
1198 1899 1339 1923 caetero-

371 1947 442 1968 rum
475 1937 526 1967 isti
557 1935 711 1966 similium
737 1935 967 1972 conditionem,
998 1935 1052 1975 qui
1076 1934 1150 1965 licet
1174 1935 1339 1966 vaferrimi

370 1980 446 2018 sint,
477 1984 508 2009 et
531 1979 597 2009 suis
629 1978 795 2009 fraudibus
819 1988 914 2018 saepe
944 1979 1090 2009 incautos
1113 1977 1232 2009 multos
1256 1977 1341 2008 deci-

370 2023 469 2062 piant,
502 2028 532 2052 et
556 2031 614 2052 sua
638 2021 770 2052 consilia
795 2020 834 2051 ad
859 2021 982 2051 exitum
1008 2020 1199 2060 perducant,
1231 2024 1340 2050 tamen

371 2107 484 2138 utilius
515 2107 611 2137 fuerit
647 2117 812 2146 nunquam
849 2106 993 2137 animum
1027 2105 1066 2136 ad
1097 2105 1177 2136 istas
1211 2104 1342 2136 fraudes

371 2149 575 2190 applicuisse,
600 2150 717 2189 quibus
742 2155 851 2180 tamen
876 2149 915 2179 ad
941 2154 1084 2180 nostram
1108 2148 1342 2180 correctionem

372 2199 403 2223 et
427 2193 600 2223 utilitatem
626 2191 716 2223 Deus
739 2193 854 2223 utitur.

460 2235 503 2265 Et
527 2245 630 2275 pauca
643 2235 704 2264 ista
717 2235 883 2266 sufficiant
902 2233 995 2265 nobis
1008 2234 1047 2264 de
1072 2233 1131 2265 hac
1144 2233 1342 2273 quaestione.

372 2277 544 2317 Deumque
577 2287 746 2317 precemur
776 2282 813 2308 ut
844 2288 902 2308 nos
932 2277 964 2307 in
993 2276 1044 2307 sui
1073 2276 1180 2307 cultus
1202 2276 1343 2316 puritate

372 2328 403 2352 et
427 2320 610 2351 obedientia
637 2319 774 2360 benigno
797 2323 977 2357 conservet,
1001 2319 1162 2358 faciatque
1186 2329 1226 2349 ne
1239 2319 1342 2350 curio-

373 2364 440 2394 sius
459 2374 497 2393 ea
520 2364 602 2393 scire
626 2369 825 2402 expetamus,
856 2373 938 2402 quae
970 2361 1062 2392 nobis
1086 2361 1249 2402 incognita
1272 2371 1343 2392 esse

373 2459 438 2479 uno
474 2448 544 2479 Deo
582 2455 611 2478 et
648 2448 737 2478 verbi
775 2448 874 2487 ipsius
909 2447 1045 2478 veritate
1079 2447 1343 2487 conquiescentes

373 2501 540 2530 nunquam
566 2491 604 2521 ab
629 2491 697 2530 ipso
718 2501 759 2520 no
784 2491 882 2521 latum
907 2489 1039 2530 quidem
1059 2499 1201 2529 unguem
1216 2488 1343 2520 receda-

373 2544 456 2564 mus.
481 2533 593 2564 Bonae
613 2534 698 2563 enim
721 2533 885 2563 hominum
900 2543 979 2572 quas
995 2538 1113 2563 vocant
1136 2532 1342 2568 intentiones,

374 2576 509 2616 abyssus
543 2576 702 2606 immensa
740 2582 817 2605 sunt
853 2576 885 2605 in
921 2585 1017 2614 quam
1053 2575 1153 2606 semel
1188 2574 1342 2612 immersi,

374 2629 539 2657 nunquam
571 2628 736 2657 emergere
767 2628 932 2657 queamus.
980 2616 1108 2648 Deinde
1139 2622 1206 2648 tam
1236 2627 1342 2649 sacro-

374 2666 523 2691 sanctum
539 2660 599 2691 Dei
624 2671 740 2691 nomen
765 2670 989 2699 agnoscamus,
1013 2665 1049 2690 ut
1072 2659 1152 2691 illud
1171 2660 1203 2690 in
1219 2669 1340 2691 vanum

1389 534 1501 555 omnes
1525 524 1598 555 illas
1621 525 1836 563 confusiones,
1860 525 1979 566 quibus
2002 525 2098 557 hodie
2122 526 2281 558 mundum
2305 526 2360 557 de-

1390 567 1500 598 lectari
1523 567 1673 599 videmus
1686 567 1884 600 detestemur
1904 574 1936 599 et
1949 568 2184 600 abominemur.
2210 569 2360 609 Denique

1389 620 1428 641 ne
1452 609 1486 640 in
1510 610 1646 641 summis
1677 610 1922 643 difficultatibus
1945 610 2057 643 Saulis
2087 612 2257 643 eonsilium
2287 612 2360 642 imi-

1389 659 1505 689 temur,
1529 653 1583 692 qui
1607 653 1647 684 ad
1669 664 1782 694 magos
1805 654 1961 694 confugit,
1984 654 2068 685 scire
2089 664 2170 694 quae
2189 654 2280 686 Deus
2302 663 2359 686 no-

1388 695 1474 726 lebat
1496 695 1638 735 cupiens.
1664 707 1766 736 neque
1790 697 1886 728 rebus
1910 697 2092 736 desperatis
2116 707 2259 737 unquam
2284 697 2355 728 ani-

1387 747 1478 768 mum
1530 738 1734 778 abiiciamus,
1779 750 1884 779 neque
1936 739 2099 770 diabolum
2141 740 2359 777 consulamus,

1389 780 1457 811 Deo
1491 791 1554 811 non
1596 782 1706 812 statim
1741 782 1781 814 ad
1821 792 1931 822 preces
1966 787 2094 814 nostras
2132 781 2359 822 respondente,

1388 823 1443 854 sed
1472 824 1576 862 potius
1600 824 1659 855 etsi
1684 835 1748 856 non
1772 824 1974 865 respondeat,
2005 824 2229 856 indesinenter
2250 825 2358 864 ipsum

1389 876 1573 905 precemur,
1627 868 1821 908 veniamque
1866 867 1905 899 de
1951 868 2091 907 peccatis
2137 867 2357 907 deprecemur,

1389 915 1478 939 certo
1513 910 1660 949 persuasi
1695 920 1757 942 non
1800 910 1868 941 fore
1910 911 2011 950 ipsius
2044 911 2126 941 iram
2161 910 2359 948 diuturnam,

1389 951 1482 983 cuius
1506 962 1570 983 non
1604 952 1700 983 dubia
1729 953 1824 993 signa
1855 953 2068 989 demonstrat,
2099 963 2206 993 neque
2230 963 2288 984 nos
2311 962 2358 990 ea,

1389 994 1485 1025 sicuti
1509 994 1614 1025 solent
1638 995 1739 1035 iniqui
1761 1001 1794 1027 et
1817 997 1945 1036 reprobi
1969 995 2128 1034 homines,
2151 1000 2357 1027 consumtum

1389 1037 1438 1068 iri.
1462 1037 1613 1076 Denique
1637 1038 1663 1068 si
1678 1038 1767 1070 Deus
1791 1039 1976 1075 tardaverit,
2001 1039 2215 1070 nihilominus
2237 1038 2359 1078 patien-

1390 1085 1439 1110 ter
1462 1086 1615 1111 eventum
1636 1081 1879 1120 praestolemur,
1905 1081 2036 1121 quinon
2060 1087 2166 1121 potest
2180 1081 2242 1112 nisi
2256 1081 2359 1113 bonus

1389 1129 1421 1153 et
1444 1122 1598 1153 salutaris
1623 1134 1701 1161 esse,
1726 1124 1986 1164 quandoquidem
2011 1135 2080 1155 sese
2094 1123 2186 1155 Deus
2210 1131 2358 1155 nostrum

1391 1164 1593 1196 defensorem
1618 1172 1650 1196 et
1670 1174 1882 1206 protectorem
1908 1167 2053 1207 profiteri
2078 1167 2189 1198 voluit.
2220 1166 2360 1198 Peccata

1389 1209 1498 1248 itaque
1545 1214 1657 1240 nostra
1688 1220 1730 1240 ex
1759 1210 1866 1240 animo
1897 1209 2112 1247 detestemur,
2144 1220 2208 1249 quo
2231 1209 2359 1241 facilius

1391 1252 1519 1282 veniam
1554 1252 1766 1292 impetremus
1799 1262 1817 1283 a
1851 1252 2009 1287 Domino,
2047 1259 2078 1283 et
2119 1251 2360 1283 misericordiae

1390 1294 1490 1334 ipsius
1503 1294 1617 1325 effecta
1629 1296 1820 1335 sentiamus,
1845 1295 1900 1334 qui
1920 1295 2089 1326 brachium
2103 1305 2200 1326 suum
2214 1295 2360 1326 exseruit

1390 1337 1548 1368 adversus
1580 1336 1725 1369 Satanae
1759 1338 1955 1378 potentiam,
1989 1344 2022 1369 et
2063 1338 2360 1369 misericordiarum

1390 1389 1524 1411 suarum
1549 1379 1589 1411 ad
1611 1390 1670 1411 nos
1692 1380 1910 1412 sublevandos
1934 1380 2120 1412 recordatus
2139 1386 2197 1411 est.
2232 1380 2358 1412 Caven-

1391 1423 1468 1454 dum
1503 1433 1600 1463 porro
1643 1434 1682 1454 ne
1727 1423 1805 1463 quid
1839 1434 1857 1454 a
1899 1423 1989 1454 nobis
2029 1423 2178 1454 simulate
2217 1428 2358 1464 geratur,

1390 1465 1418 1496 si
1453 1466 1560 1497 Deum
1595 1466 1770 1506 propit-ium
1807 1465 1897 1497 nobis
1934 1476 2005 1497 esse
2038 1467 2200 1506 cupimus:
2232 1469 2265 1497 et
2293 1471 2359 1497 sta-

1390 1508 1548 1539 tuendum
1573 1509 1682 1540 irritas
1706 1510 1772 1540 fore
1795 1510 1941 1540 omnium
1966 1508 2108 1539 hostium
2135 1508 2359 1540 comminatio·

1391 1562 1466 1587 nes,
1497 1552 1557 1583 etsi
1587 1561 1646 1583 nos
1678 1551 1768 1583 Deus
1798 1552 1967 1582 hominum
1997 1552 2149 1591 opinione
2180 1551 2360 1583 deseruisse

1392 1594 1549 1630 videatur;
1574 1601 1607 1625 et
1630 1594 1669 1625 ab
1694 1594 1840 1626 hostibus
1864 1594 2028 1626 lacerandi
2050 1599 2082 1625 et
2098 1593 2278 1625 devorandi
2291 1604 2359 1625 mo-

1391 1642 1501 1668 mento
1525 1637 1703 1676 videamur,
1725 1637 1987 1677 quandoquidem
2000 1636 2093 1669 Deus
2115 1636 2208 1668 nobis
2231 1636 2359 1668 felicem

1391 1680 1516 1711 exitum
1541 1680 1676 1711 daturus
1699 1686 1757 1718 est,
1784 1684 1817 1711 et
1841 1679 1986 1712 hostibus
2009 1690 2171 1711 summam
2195 1678 2358 1711 confusio-

1391 1733 1464 1754 nem
1488 1723 1702 1754 immissurus.
1727 1723 1948 1762 Quamobrem
1961 1733 2024 1762 quo
2049 1723 2170 1754 maiore
2195 1722 2302 1754 furore
2325 1722 2358 1754 in

1391 1776 1449 1797 nos
1472 1766 1635 1797 coniurati
1660 1766 1768 1797 hostes
1786 1767 1943 1806 impetum
1966 1766 2112 1803 fecerint,
2135 1775 2172 1797 eo
2187 1765 2357 1796 vehemen-

1393 1809 1455 1839 tius
1479 1809 1513 1840 in
1537 1808 1599 1839 Dei
1630 1808 1756 1840 cultum
1785 1808 2020 1846 incumbamus,
2051 1814 2084 1839 et
2107 1809 2140 1839 in
2162 1809 2264 1847 ipsius
2287 1807 2359 1840 obe-

1392 1850 1514 1882 dientia
1537 1862 1597 1882 nos
1619 1851 1853 1889 contineamus,
1884 1850 1996 1882 sedulo
2026 1852 2132 1891 ipsum
2163 1851 2360 1889 invocantes,

1393 1901 1429 1925 ut
1458 1894 1552 1925 nobis
1576 1904 1669 1925 suam
1696 1894 1896 1925 voluntatem
1921 1894 2100 1934 patefaciat,
2132 1898 2293 1934 quatenus
2322 1892 2362 1924 ad

1393 1937 1533 1968 salutem
1566 1943 1710 1968 nostram
1742 1936 1881 1977 expedit.
1913 1944 1945 1967 et
1968 1947 2008 1968 ne
2039 1947 2098 1967 nos
2120 1937 2152 1967 in
2178 1936 2296 1968 nostris
2318 1935 2362 1967 af-

1394 1980 1530 2011 fectibus
1553 1980 1699 2020 superari
1724 1980 1884 2019 patiatur:
1909 1979 1965 2011 sed
1990 1979 2088 2011 verbo
2111 1988 2170 2010 suo
2192 1983 2305 2019 pascat
2327 1982 2364 2009 ut

1367 2049 1369 2059 ,
1395 2023 1427 2053 in
1460 2032 1497 2053 eo
1529 2022 1597 2053 solo
1628 2023 1912 2062 conquiescamus,
1945 2022 2090 2062 persuasi
2121 2022 2216 2062 longe
2246 2020 2364 2052 melius

371 2064 593 2096 confusionem
618 2065 650 2094 in
664 2074 759 2094 suum
779 2070 877 2103 caput
895 2068 1073 2099 accersunt,
1098 2068 1134 2093 ut
1155 2062 1233 2102 ipsis
1248 2063 1342 2103 longe
1368 2067 1369 2076 ¹

1395 2065 1562 2097 nobiscum
1594 2073 1702 2096 actum
1734 2066 1782 2102 iri,
1812 2065 1841 2096 si
1871 2065 2025 2096 bonitatis
2056 2064 2157 2104 ipsius
2187 2063 2363 2096 scintillam

1395 2109 1602 2143 senserimus,
1627 2118 1722 2148 quam
1746 2108 1774 2139 si
1797 2107 1914 2139 diaboli
1938 2107 2124 2147 praestigiis
2148 2113 2179 2136 et
2202 2106 2362 2137 illusioni-

1396 2150 1454 2181 bus
1478 2151 1564 2190 pleni
1590 2151 1755 2187 fuerimus,
1779 2156 1816 2181 ut
1837 2150 1942 2181 solent
1965 2150 2074 2180 miseri
2097 2148 2145 2180 illi
2164 2149 2308 2185 venefici,
2333 2155 2365 2180 et

1368 2194 1371 2206 ‘
1396 2193 1615 2225 incantatores
1634 2193 1704 2225 istis
1728 2193 1890 2229 delectari,
1914 2198 1946 2223 et
1961 2201 2122 2222 summam
2147 2192 2179 2222 in
2204 2190 2269 2222 illis
2289 2191 2363 2223 bea-

1369 2267 1370 2270 ,
1397 2235 1568 2266 titudinem
1597 2236 1762 2275 collocare,
1793 2235 1884 2275 quasi
1915 2234 2124 2266 scientiarum
2147 2235 2295 2265 omnium
2318 2234 2363 2265 fa·

1369 2306 1371 2320 ,
1396 2278 1529 2318 stigium
1553 2279 1733 2319 attigerint.

1776 2277 1843 2309 Nos
1862 2287 1939 2308 vero
1970 2284 2082 2307 contra
2111 2276 2273 2308 discamus
2296 2281 2363 2308 tam

1394 2321 1502 2351 sobrio
1527 2322 1612 2352 inter
1636 2321 1783 2352 homines
1806 2320 1940 2356 versari,
1965 2325 2002 2350 ut
2025 2319 2088 2350 Dei
2113 2319 2215 2350 nostri
2239 2319 2363 2350 bonita-

1368 2394 1371 2399 ,
1397 2369 1460 2393 tem
1484 2369 1516 2394 et
1540 2363 1792 2395 misericordiam
1817 2363 1928 2402 quanti
1949 2372 2007 2401 par
2031 2368 2079 2393 est
2104 2362 2267 2398 facientes,
2297 2371 2364 2393 om-

372 2406 485 2444 voluit,
509 2411 539 2436 et
564 2405 673 2436 Saulis
697 2405 844 2444 exemplo
868 2405 952 2436 docti
975 2405 1153 2443 sapiamus:
1184 2404 1229 2436 sic
1251 2409 1286 2434 ut
1308 2403 1342 2434 in
1368 2412 1370 2419 ¹

1396 2416 1470 2436 nem
1495 2406 1528 2436 in
1552 2407 1623 2446 ipso
1646 2405 1840 2445 sapientiam
1865 2410 1896 2436 et
1915 2405 2084 2436 scientiam
2101 2415 2170 2436 esse
2190 2405 2364 2446 repositam

1395 2449 1544 2483 sciamus,
1569 2459 1665 2488 quam
1689 2447 1910 2479 indesinenter
1933 2446 2086 2487 quamdiu
2110 2447 2178 2479 vita
2200 2453 2365 2487 superstes

1397 2491 1492 2522 fuerit
1516 2492 1652 2522 scrutari
1678 2501 1741 2521 non
1765 2489 1962 2522 desinamus.

1479 2533 1548 2563 Iam
1574 2543 1650 2563 vero
1674 2533 1769 2573 agite,
1788 2535 1837 2564 etc.

2530 2484 2534 2492 -
2520 2413 2534 2460 <“,“”
2524 2389 2534 2403 ο
2523 2346 2535 2363 u

2515 2704 2535 2820 *uhta-
2515 2631 2535 2694 ’.ι-ο.
2516 2565 2535 2619 ers·
2518 2534 2537 2556 ’ἱ
