2551 3044
206 202 264 233 137

203 295 309 327 debita
355 296 536 327 humilitate
584 296 695 337 flagitii
742 295 942 335 punitionem
990 294 1153 326 admittit?

203 339 338 370 Minime
369 340 529 379 gentium:
560 338 614 370 sed
645 343 756 370 contra
780 349 818 369 ne
841 338 1003 369 tantillum
1027 337 1153 378 quidem

203 381 303 419 cedit,
341 387 372 412 et
407 386 519 413 eontra
548 382 691 412 renitens
721 380 906 413 Samuelem
937 385 1028 421 rogat
1056 385 1090 411 ut
1120 390 1154 411 se

203 434 308 455 eoram
321 423 499 455 senioribus
511 424 640 455 Israelis
656 428 687 454 et
705 424 856 454 universo
874 423 990 464 populo
1009 423 1153 454 honoret.

202 467 253 497 Ex
283 466 395 506 quibus
426 466 531 497 verbis
560 467 652 497 illum
683 470 817 506 apparet
846 476 909 497 non
943 475 1059 506 magno
1092 464 1153 496 Dei

201 509 315 540 timore
345 508 427 547 duci,
456 508 548 539 modo
578 519 683 540 coram
714 508 898 540 hominibus
920 518 1010 539 suam
1035 507 1154 539 autori-

202 555 298 581 tatem
324 551 469 589 retineat,
499 556 529 581 et
553 551 590 582 de
613 562 669 582 sua
693 551 850 592 dignitate
871 550 952 582 nihil
975 551 1035 591 ipsi
1059 550 1152 590 depe-

201 598 277 624 reat.
322 593 387 624 Nos
417 593 524 633 itaque
553 594 702 634 quoniam
725 593 810 625 istud
834 593 1015 634 exemplum
1038 603 1152 633 propo-

201 636 286 667 nitur
314 635 455 666 hominis
484 638 570 666 omni
601 647 698 667 sensu
729 641 760 667 et
789 637 914 667 ratione
942 636 1059 676 privati
1088 634 1152 666 Dei

199 678 326 718 iudicio,
357 678 518 709 discamus
545 689 608 709 non
637 678 714 709 adeo
746 678 902 710 mundum
933 678 1049 709 intueri
1073 678 1151 718 quin

199 721 299 759 magis
329 720 361 751 in
393 721 452 751 Dei
486 720 604 752 iudicia
641 721 740 752 simus
777 721 909 752 intenti:
946 731 982 752 ao
1019 719 1152 760 proinde

198 768 325 803 peccata
357 763 498 803 agnituri
532 763 677 794 coelestis
710 763 794 794 illius
827 763 1007 803 summique
1037 763 1151 794 iudicis

198 806 396 837 maiestatem
420 806 615 843 intueamur,
643 806 834 846 veniamque
857 806 1016 846 supplices
1039 805 1150 845 depre-

197 858 321 879 cemur:
352 858 388 880 ac
418 849 444 879 si
475 859 568 888 quam
599 848 804 879 affiictionem
832 849 1002 879 immiserit
1032 848 1070 879 ad
1092 858 1150 879 nos

197 891 406 932 castigandos,
444 891 578 930 patienti
611 897 643 921 et
672 891 835 922 moderato
863 892 970 922 animo
999 891 1149 928 feramus,

198 939 228 965 et
257 934 413 965 adversus
442 934 610 964 stimulum
642 944 681 964 ne
709 933 927 965 calcitremus:
957 940 988 964 et
1011 934 1036 964 si
1059 932 1150 964 Deus

197 987 300 1008 coram
332 976 515 1007 hominibus
545 976 621 1007 velit
652 982 797 1007 nostrum
829 976 966 1008 dedecus
994 976 1149 1016 patefieri,

196 1030 237 1051 ne
265 1024 378 1051 contra
405 1018 525 1059 gloriae
556 1022 684 1050 nostrae
715 1018 916 1050 studeamus:
952 1018 1007 1050 sed
1043 1019 1149 1058 potius

195 1061 315 1102 pudore
338 1061 453 1093 suffusi
476 1061 537 1093 Dei
561 1071 692 1092 manum
716 1062 864 1092 feramus.
905 1061 1039 1092 Summo
1061 1061 1148 1091 enim

195 1104 359 1136 commodo
389 1109 497 1135 nostro
526 1104 588 1142 fiet,
617 1109 653 1134 ut
683 1103 806 1135 detecta
836 1114 941 1135 eoram
965 1103 1148 1135 hominibus

195 1146 392 1187 turpitudine
411 1154 529 1185 nostra,
549 1150 581 1177 et
599 1146 775 1186 ignominia
795 1150 826 1177 et
839 1147 1007 1186 opprobrio
1019 1146 1149 1177 suffusis

195 1189 284 1221 Deus
307 1194 435 1229 peccata
458 1188 624 1227 condonet,
648 1189 766 1229 illaque
788 1195 944 1229 perpetua
967 1188 1071 1219 deleat
1093 1189 1148 1220 ob-

194 1232 322 1263 livione.
367 1231 449 1263 Nam
481 1232 533 1272 qui
566 1232 738 1263 ambitione
761 1231 881 1272 turgidi
904 1232 1040 1273 gratiam
1064 1231 1147 1271 apud

195 1275 340 1306 homines
370 1275 515 1313 retinere,
547 1274 671 1314 virique
694 1274 767 1305 boni
791 1274 901 1305 haberi
924 1274 1043 1310 volunt,
1073 1284 1147 1305 suas

194 1317 303 1349 sordes
330 1323 362 1347 et
391 1317 638 1357 inquinamenta
661 1321 773 1357 tegunt
794 1317 868 1348 olim
892 1317 1052 1348 nocitura:
1081 1326 1147 1347 non

194 1360 285 1392 aliter
308 1370 402 1400 quam
422 1360 474 1400 qui
498 1360 617 1391 malum
641 1360 800 1391 oecultum
820 1360 910 1397 celat,
935 1364 1068 1390 mortem
1088 1359 1147 1391 sibi

193 1402 351 1435 maturius
378 1402 542 1440 conciliat;
573 1402 655 1442 quod
683 1402 795 1433 fuisset
818 1402 934 1442 alioqui
958 1402 1147 1433 medicabile

193 1445 335 1477 adhibito
354 1445 557 1476 convenienti
577 1445 728 1476 remedio.
764 1445 880 1485 Detegi
900 1450 1006 1476 autem
1025 1445 1146 1476 malum

192 1493 327 1529 oportet,
358 1487 439 1528 quod
469 1487 588 1528 alioqui
617 1498 674 1518 suo
704 1488 824 1518 foetore
854 1492 885 1518 et
913 1487 1079 1527 putredine
1101 1487 1146 1518 le-

192 1531 280 1562 thale
309 1531 357 1561 fit.
408 1530 497 1561 Idem
531 1531 691 1571 contingit
724 1531 762 1561 iis
796 1531 848 1569 qui
884 1530 967 1570 apud
1002 1530 1148 1561 homines

194 1573 254 1605 viri
280 1572 358 1604 boni
386 1573 514 1610 haberi,
552 1573 755 1614 gratiamque
785 1578 817 1603 et
849 1573 1053 1603 autoritatem
1083 1583 1147 1613 qua

192 1616 331 1647 maxime
358 1616 470 1647 valent
498 1616 636 1646 retinere
666 1616 808 1656 eupiunt,
840 1614 899 1646 Dei
931 1615 1061 1646 interim
1091 1615 1145 1646 ob-

192 1659 393 1691 liviscentes:
412 1658 510 1689 immo
523 1658 583 1689 Dei
600 1663 631 1689 et
644 1658 830 1698 angelorum
847 1658 999 1689 iudicium
1019 1661 1050 1688 et
1071 1668 1145 1689 con-

193 1701 430 1733 demnationem
460 1701 551 1741 parvi
575 1701 736 1738 facientes,
767 1700 860 1731 modo
883 1701 936 1731 hic
958 1710 1064 1732 coram
1087 1700 1147 1732 ho-

192 1744 332 1775 minibus
371 1743 580 1775 absolvantur
619 1753 797 1783 nomenque
836 1753 930 1774 suum
975 1743 1144 1774 retineant.

191 1787 279 1818 Hinc
301 1786 445 1818 nascitur
467 1787 499 1817 in
524 1786 609 1817 vitiis
632 1785 812 1816 induratio:
836 1785 911 1817 hinc
933 1785 1009 1816 mali
1032 1785 1145 1817 occulti

191 1829 278 1861 labes
308 1834 339 1860 et
365 1829 467 1860 foetor
488 1829 648 1866 accrescit,
678 1828 865 1868 lethumque
888 1828 1011 1859 miseris
1034 1828 1145 1859 adfert.

191 1872 258 1904 Nos
277 1872 381 1912 itaque
400 1871 562 1903 discamus
581 1872 625 1902 ita
644 1882 701 1902 nos
720 1870 901 1911 expendere
920 1877 951 1901 et
969 1871 1144 1911 explorare,

192 1919 228 1946 ut
254 1918 369 1955 sponte
397 1924 506 1945 coram
539 1914 606 1944 Deo
633 1923 885 1954 compareamus,
914 1917 955 1944 ·et
985 1914 1017 1944 in
1045 1913 1145 1954 ipsius

190 1957 374 1998 praesentia
403 1962 533 1997 peccata
556 1961 665 1987 nostra
689 1956 790 1996 magis
813 1965 849 1987 ae
872 1956 975 1996 magis
998 1956 1145 1987 condem-

191 2010 313 2032 nemus.
353 1999 401 2031 Ac
424 2000 460 2036 si,
484 2003 519 2030 ut
543 2003 616 2030 ante
639 1998 715 2036 dixi,
747 2009 803 2029 nos
826 1998 979 2030 dedecore
1001 2002 1033 2029 et
1054 1999 1146 2039 igno-

193 2043 294 2074 minia
317 2041 472 2079 suffundi,
503 2046 534 2072 et
556 2042 590 2072 in
613 2041 795 2081 exemplum
819 2041 961 2080 produci,
985 2046 1144 2073 nostrum-

193 2096 254 2126 que
273 2084 408 2116 dedecus
431 2084 576 2125 evulgari
599 2084 746 2121 voluerit,
775 2084 934 2123 patienter
956 2084 1144 2116 toleremus:

194 2133 224 2160 et
252 2127 362 2158 Deum
391 2137 559 2167 precemur
589 2127 635 2157 uti
665 2126 800 2157 dedecus
831 2125 909 2156 illud
939 2126 971 2157 in
1001 2131 1144 2158 nostram

194 2171 331 2202 salutem
360 2174 473 2205 vertat,
504 2174 694 2209 nostrosque
721 2179 834 2199 sensus
862 2168 908 2199 ita
930 2169 1077 2209 captivet,
1107 2174 1145 2201 ut

193 2213 294 2253 ipsius
323 2212 480 2243 voluntati
510 2212 637 2251 penitus
665 2211 911 2251 aequiescamus.
963 2211 1003 2242 In
1032 2212 1145 2252 primis

194 2265 270 2287 vero
292 2265 494 2294 summopere
518 2255 694 2285 cavendum
719 2264 759 2284 ne
782 2253 937 2285 adversus
949 2254 1064 2293 Deum,
1086 2265 1146 2286 nos

195 2297 347 2330 dedecore
369 2297 474 2337 aliquo
497 2301 528 2327 et
551 2296 728 2337 ignominia
754 2295 946 2327 afficientem
965 2307 1145 2338 pugnemus

194 2345 250 2372 aut
277 2339 503 2379 obloquamur:
539 2349 580 2370 ne
610 2339 758 2370 indurato
781 2344 813 2369 et
836 2338 1015 2378 praefracto
1038 2340 1145 2371 animo

194 2383 313 2414 malum
337 2383 371 2412 in
394 2382 485 2412 nobis
508 2381 668 2412 occultum
692 2380 890 2421 sepeliamus,
915 2386 945 2412 et
968 2393 1008 2413 ne
1026 2383 1146 2422 pudeat

194 2435 252 2457 nos
280 2434 387 2455 coram
410 2424 480 2454 Deo
510 2429 694 2455 nostrarum
725 2423 904 2454 animarum
926 2424 1048 2456 medico
1071 2426 1145 2456 vul-

194 2478 271 2499 nera
293 2471 402 2498 nostra
425 2466 573 2507 detegere
596 2466 709 2506 quibus
732 2465 906 2497 medeatur.
950 2466 1003 2499 Sic
1025 2468 1142 2499 facino-

194 2511 256 2542 rosi
284 2509 440 2546 homines‚
472 2518 606 2549 quorum
628 2509 749 2549 flagitia
773 2508 974 2549 deteguntur,
1004 2511 1145 2551 cogitare

194 2552 320 2593 debent,
338 2561 402 2582 non
422 2556 542 2582 temere
561 2551 592 2581 id
611 2553 814 2592 contingere:
832 2551 887 2582 sed
906 2562 1003 2592 quum
1022 2553 1146 2584 occulta

194 2606 250 2628 sua
273 2599 402 2636 peccata
425 2604 493 2625 esse
512 2593 572 2625 sibi
591 2594 832 2634 pollicerentur:
856 2593 961 2625 Deum
984 2594 1038 2626 illa
1061 2596 1145 2627 velle

193 2638 294 2679 retegi
313 2641 440 2678 praeter
463 2647 553 2668 suam
573 2637 764 2677 opinionem,
788 2640 820 2667 et
838 2635 877 2667 de
895 2636 1006 2669 iisdem
1025 2648 1145 2678 poenas

858 201 904 232 IN
926 201 951 233 Ι.
976 200 1064 233 LIB.
1088 199 1285 232 SAMUEL.
1309 202 1406 233 CAP.
1432 203 1506 234 XV.

2100 204 2158 236 138

1208 294 1389 326 hominibus
1420 296 1504 335 dare,
1538 303 1573 328 ut
1602 302 1746 338 paratam
1777 304 1939 329 aeternam
1971 297 2164 330 condemna·

1208 337 1327 369 tionem
1365 338 1500 379 fugiant.
1551 339 1615 371 Sed
1651 351 1708 381 pro
1744 341 1804 371 ista
1836 341 2028 381 cogitatione
2058 342 2164 381 potius

1207 381 1309 420 magis
1332 380 1545 412 obfirmantur
1568 383 1600 413 in
1624 383 1763 423 flagitiis,
1795 390 1829 413 ut
1862 383 2029 414 videantur
2059 394 2163 424 neque

1207 424 1329 454 rationo
1353 423 1417 454 ulla
1440 424 1585 463 praediti,
1610 436 1711 465 neque
1735 426 1830 457 etiam
1855 436 1932 465 quas
1957 427 2061 457 meriti
2086 432 2161 458 sunt

1206 475 1325 505 poenas
1355 466 1469 497 laturi:
1499 472 1529 497 et
1560 467 1764 499 vehementer
1793 472 1858 499 tam
1888 469 1948 508 ipsi
1974 469 2042 499 Deo
2066 479 2161 509 quam

1205 507 1390 539 hominibus
1418 509 1617 540 reluctantur
1645 515 1677 540 ct
1707 510 1917 551 indignantur
1948 511 2033 542 omni
2058 512 2160 552 posito

1205 550 1327 590 pudore
1350 557 1381 581 et
1404 552 1607 583 verecundia.
1643 553 1708 584 Nos
1733 563 1808 584 vero
1832 563 2000 584 caveamus
2023 564 2161 585 summo-

1205 603 1280 632 pere
1311 604 1351 624 ne
1381 593 1450 624 istis
1480 595 1600 626 similes
1628 595 1744 626 simus:
1781 595 1851 626 Deo
1882 596 2088 633 reluctantes,
2119 607 2159 628 ne

1205 635 1298 675 longe
1337 636 1379 666 sit
1420 636 1558 668 deterior
1594 642 1704 669 nostra
1744 638 1883 668 conditio
1919 639 2043 670 futura:
2081 640 2158 679 quin

1203 679 1308 717 potius
1341 678 1410 709 Deo
1441 685 1581 710 nostram
1613 679 1843 720 turpitudinem
1876 681 1980 721 palam
2013 682 2158 722 evulgari

1205 720 1324 751 volenti
1349 721 1433 752 ultro
1457 722 1663 753 subiiciamur
1686 729 1716 753 et
1739 723 2004 763 obtemperemus.

1290 763 1334 794 Et
1358 763 1514 795 hactenus
1537 764 1575 795 de
1598 765 1704 796 verbis
1727 765 1789 796 illis
1814 765 1920 796 Saulis
1941 766 2059 797 dictum
2080 772 2158 806 esto,

1203 805 1319 845 quibus
1347 807 1476 847 rogavit
1499 807 1686 838 Samuelum
1714 813 1747 838 ut
1770 818 1876 839 secum
1900 809 2035 845 veniret,
2060 819 2157 849 seque

1202 847 1373 879 honoraret
1397 859 1502 880 coram
1527 850 1704 881 senioribus
1727 851 1836 890 populi
1856 856 1885 881 et
1905 861 2011 882 coram
2025 851 2155 889 Israele,

1202 896 1237 921 ut
1259 900 1297 921 ea
1315 892 1437 922 ratione
1456 902 1546 923 suam
1566 892 1649 932 apud
1669 893 1752 932 ipsos
1772 893 1973 924 autoritatem
1994 895 2155 926 retineret.

1203 932 1301 972 Quasi
1327 944 1402 965 vero
1422 933 1553 965 Samuel
1571 935 1631 965 Dei
1656 935 1816 966 decretum
1840 941 1945 976 posset
1968 937 2155 968 immutare:

1201 980 1256 1006 aut
1286 980 1392 1016 posset
1423 978 1505 1017 apud
1536 977 1681 1009 homines
1711 979 1912 1009 autoritatem
1937 979 2080 1010 obtinere
2103 979 2157 1020 qui

1200 1017 1261 1048 Dei
1292 1019 1410 1050 iudicio
1440 1026 1469 1050 et
1500 1030 1598 1050 manu
1629 1020 1843 1052 deiiciebatur.
1889 1021 1979 1052 Deus
2003 1029 2155 1062 tanquam

1200 1060 1334 1092 fulmine
1357 1063 1461 1102 ipsum
1486 1062 1550 1093 lata
1574 1063 1734 1094 sententia
1755 1069 1966 1104 percusserat,
1990 1068 2020 1095 et
2044 1064 2156 1095 nihilo-

1200 1104 1306 1134 minus
1348 1104 1516 1136 hominum
1557 1105 1699 1135 favorem
1740 1110 1770 1136 et
1807 1106 2061 1137 benevolentiam
2096 1107 2155 1138 sibi

1200 1146 1378 1186 pollicetur.
1413 1147 1505 1186 Quod
1519 1147 1595 1188 quid
1607 1148 1692 1179 aliud
1706 1154 1762 1186 est,
1783 1148 1921 1187 obsecro,
1940 1160 2034 1189 quam
2049 1149 2155 1181 Deum

1200 1199 1239 1219 ex
1263 1200 1319 1220 suo
1349 1200 1445 1221 sensu
1474 1190 1589 1227 metiri,
1620 1197 1650 1221 et
1673 1191 1730 1230 ipsi
1754 1191 1843 1222 velut
1866 1192 1898 1222 iu
1921 1191 2036 1223 faciem
2060 1193 2155 1224 resis—

1200 1232 1291 1262 tere?
1337 1232 1452 1264 Procul
1472 1243 1489 1263 a
1509 1233 1600 1264 nobis
1619 1233 1701 1264 absit
1720 1239 1830 1264 tantus
1850 1239 1976 1274 stupor:
2000 1240 2031 1265 et
2045 1234 2151 1265 Deum

1200 1274 1293 1305 nobis
1312 1275 1473 1307 infensum
1497 1276 1679 1313 sentientes,
1704 1287 1743 1307 ne
1766 1287 1783 1307 a
1807 1276 1902 1307 rebus
1925 1277 2039 1308 creatis
2064 1278 2154 1308 auxi—

1201 1317 1279 1348 lium
1310 1323 1548 1358 exspectemus:
1581 1329 1654 1349 nam
1684 1318 1729 1349 ita
1759 1319 1910 1350 maiorem
1943 1320 1974 1350 in
2000 1330 2056 1351 nos
2080 1330 2153 1350 con-

1200 1359 1437 1391 demnationem
1480 1371 1723 1392 accerseremus.
1786 1361 2006 1393 Nihilominus
2047 1366 2154 1393 tamen

1202 1401 1331 1434 Samuel
1356 1403 1445 1434 illum
1470 1405 1616 1435 comitari
1640 1404 1755 1434 voluit:
1779 1414 1894 1444 nempe
1917 1404 2010 1444 quod,
2030 1410 2066 1435 ut
2085 1405 2154 1436 heri

1199 1445 1374 1486 attigimus,
1406 1446 1549 1476 nondum
1588 1446 1726 1477 venisset
1761 1447 2030 1478 exauctorationis
2069 1447 2154 1478 illius

1200 1492 1327 1528 tempus
1354 1492 1386 1519 et
1415 1494 1613 1520 momentum
1644 1489 1816 1529 prophetae
1846 1494 1876 1520 et
1906 1489 2070 1520 hominum
2101 1500 2153 1520 re-

1199 1536 1329 1572 spectu:
1353 1531 1435 1571 quod
1460 1537 1567 1562 tamen
1590 1532 1670 1572 apud
1696 1532 1800 1562 Deum
1831 1539 1934 1562 ratum
1966 1537 2042 1563 erat.
2088 1532 2154 1563 Sed

1200 1574 1307 1604 nullus
1327 1573 1401 1604 dum
1422 1574 1606 1615 designatus
1626 1585 1789 1606 successor
1801 1574 1915 1611 fuerat,
1935 1585 2028 1614 quem
2044 1579 2153 1606 tamen

1199 1616 1302 1656 ipsum
1327 1626 1345 1646 a
1367 1616 1436 1647 Deo
1460 1618 1651 1657 promissum
1675 1616 1838 1657 oportebat
1860 1617 2049 1657 exspectari.
2085 1618 2153 1648 Da-

1199 1658 1251 1689 vid
1270 1658 1414 1690 nondum
1434 1664 1549 1691 unctus
1577 1666 1607 1690 et
1634 1661 1843 1700 inauguratus
1868 1660 1985 1690 fuerat:
2016 1659 2152 1700 ideoque

1199 1700 1328 1733 Samuel
1359 1712 1469 1743 regem
1493 1702 1596 1733 adhuc
1619 1703 1657 1733 ad
1681 1708 1806 1742 tempus
1830 1702 1915 1740 colit,
1946 1702 2020 1734 licet
2043 1707 2154 1733 tamen

1197 1743 1326 1776 decreto
1352 1744 1411 1775 Dei
1435 1745 1597 1776 reiectum.

1281 1787 1444 1828 Deinceps
1468 1787 1584 1819 dicitur
1601 1787 1679 1819 Saul
1705 1787 1851 1818 adorasse
1865 1787 2058 1818 Dominum:
2082 1788 2152 1827 qui-

1196 1830 1256 1861 bus
1286 1830 1393 1861 verbis
1422 1830 1583 1861 indicatur
1612 1832 1716 1870 ipsum
1745 1830 1875 1861 solenne
1898 1830 2009 1861 fecisse
2032 1831 2152 1861 sacrifi-

1197 1873 1291 1904 cium.
1337 1872 1409 1903 Non
1441 1883 1516 1914 ergo
1546 1874 1712 1904 manifeste
1742 1873 1775 1903 in
1800 1873 1905 1904 Deum
1933 1873 1993 1904 fuit
2023 1872 2152 1913 impius,

1197 1921 1227 1946 et
1261 1915 1388 1946 divinae
1420 1916 1595 1947 maiestatis
1629 1919 1842 1955 contemptor:
1883 1915 1937 1946 sed
1970 1915 2016 1946 ita
2049 1915 2152 1946 solent

1198 1968 1332 1998 quorum
1354 1969 1416 1989 non
1437 1963 1484 1990 est
1503 1969 1593 1990 mens
1613 1964 1696 1989 recta
1716 1968 1841 1999 semper
1864 1958 2002 1998 aliquam
2021 1968 2099 1998 prae
2117 1968 2151 1989 se

1197 2001 1280 2031 ferre
1309 2001 1469 2041 pietatem,
1501 2005 1531 2032 et
1561 2002 1696 2042 aliquem
1727 2000 1936 2040 splendorem,
1965 2001 2056 2040 quasi
2079 2000 2150 2031 Deo

1197 2043 1337 2074 maxime
1361 2043 1472 2075 subiici
1496 2043 1625 2075 vellent.
1672 2043 1734 2074 Sed
1760 2054 1821 2074 non
1846 2042 1976 2073 dubium
2000 2047 2047 2074 est
2072 2044 2149 2083 quin

1197 2085 1277 2117 Saul
1313 2086 1442 2117 fraudes
1475 2087 1507 2117 in
1543 2092 1667 2126 pectore
1702 2086 1846 2126 agitaret,
1881 2090 1911 2116 et
1945 2085 2152 2116 rebellionem

1198 2128 1418 2169 meditaretur,
1449 2134 1481 2160 et
1509 2129 1609 2160 aleret
1637 2128 1794 2160 occultum
1817 2128 1914 2165 virus,
1945 2127 2026 2168 quod
2051 2138 2151 2169 regno

1197 2171 1378 2210 excidisset,
1389 2171 1655 2212 quemadmodum
1669 2170 1700 2201 id
1713 2171 1859 2211 deinceps
1874 2171 1940 2210 ipsa
1953 2171 2151 2210 experientia

1197 2214 1408 2253 confirmabit,
1430 2219 1459 2245 et
1473 2214 1579 2244 Deum
1601 2214 1727 2245 interim
1748 2213 1865 2244 adoret.
1897 2214 1946 2243 An
1968 2223 2045 2244 vero
2064 2213 2149 2244 istud

1197 2260 1321 2288 tantum
1341 2262 1377 2288 ut
1397 2267 1501 2288 coram
1522 2257 1638 2297 populo
1658 2257 1809 2296 pietatem
1833 2255 1984 2287 simulet?
2015 2256 2150 2286 Minime

1197 2299 1342 2339 quidem:
1367 2299 1420 2330 sed
1444 2300 1497 2330 ille
1521 2299 1578 2330 sibi
1604 2300 1671 2339 ipse
1695 2299 1845 2338 imponit:
1868 2303 1899 2329 et
1922 2298 1965 2328 ita
1983 2303 2150 2338 peccatum

1196 2348 1324 2382 peccato
1355 2342 1507 2373 cumulat.
1559 2342 1642 2373 Nam
1672 2342 1717 2372 ita
1748 2351 1840 2382 saepe
1871 2340 1973 2372 solent
2002 2340 2150 2372 homines

1196 2385 1347 2425 pietatem
1370 2384 1529 2420 simulare,
1554 2394 1650 2424 quum
1674 2389 1782 2414 tamen
1807 2383 1893 2414 nulla
1917 2383 2018 2423 pietas
2041 2384 2073 2413 in
2094 2383 2149 2414 illa

1196 2428 1270 2459 ficta
1300 2427 1502 2458 simulatione
1532 2427 1590 2463 sit,
1626 2426 1679 2457 scd
1710 2437 1797 2457 mera
1826 2426 1931 2466 potius
1962 2425 2147 2466 hypocrisis.

1197 2469 1260 2501 Sed
1291 2469 1431 2500 maxima
1461 2479 1535 2509 pars
1564 2469 1729 2499 hominum
1760 2467 1834 2499 dum
1864 2467 1975 2499 multis
2005 2468 2149 2500 externis

1196 2512 1403 2543 caeremoniis
1427 2511 1534 2543 Deum
1557 2511 1675 2548 colunt,
1707 2511 1842 2541 eundem
1875 2511 1933 2542 sibi
1963 2510 2147 2542 devinctum

1197 2555 1403 2594 arbitrantur,
1434 2554 1523 2594 quasi
1555 2554 1634 2585 bene
1664 2553 1703 2584 de
1731 2553 1784 2584 illo
1813 2553 1928 2590 meriti,
1959 2558 1988 2584 et
2019 2554 2149 2594 egregia

1196 2596 1329 2638 quadam
1354 2597 1473 2628 virtute
1496 2596 1640 2637 praediti,
1664 2606 1744 2636 quae
1767 2596 1887 2627 cultum
1912 2596 2003 2627 illum
2023 2596 2093 2628 Deo
2116 2600 2148 2627 et

1196 2639 1378 2671 hominibus
1409 2643 1535 2680 gratum
1567 2638 1699 2670 reddere
1730 2638 1849 2670 debeat.
1900 2639 2022 2670 Verum
2058 2638 2148 2670 nulla
