2551 3044
224 203 285 234 677

223 298 346 328 domum
376 296 440 329 Det
479 305 546 328 cum
579 305 647 326 voce
680 297 789 326 cantus
819 297 846 325 et
887 294 1097 326 laudationis.-
1136 295 1182 326 sic

222 340 372 371 affectum
399 339 553 370 Davidem
585 347 663 377 erga
685 336 748 367 Dei
780 338 1009 372 sanctuarium,
1039 344 1180 368 coetum·

223 392 283 422 que
307 381 446 413 fidelium
470 386 591 411 certum
616 385 664 410 est
688 390 851 419 nunquam
877 379 1031 411 adversus
1056 380 1182 411 lsi-aeli—

223 429 273 456 tas
295 431 512 465 pugnaturum
538 422 642 452 fuisse.
680 422 774 453 Unde
797 423 875 453 satis
897 429 1029 462 apparet
1051 423 1181 453 simula-

223 472 289 498 tam
331 466 428 506 ipsius
462 469 640 495 orationem
683 465 798 499 fuisse,
833 475 930 504 quum
967 466 1028 500 ait,
1059 468 1093 495 ut
1122 475 1181 496 non

222 510 341 541 veniam
363 511 390 539 et
407 517 541 547 puynem
563 509 669 538 contra
692 507 833 538 inimicos
856 507 972 538 domini
1002 509 1062 538 ‘met'
1088 508 1179 548 reyis.

222 551 304 591 Quis
325 551 409 582 enim
434 556 499 580 erat
524 549 579 580 ille
603 549 681 580 rex?
706 549 822 580 Nonne
845 550 1029 589 populiDei
1057 550 1179 581 hostis?

221 593 423 625 Davidemne
453 602 530 622 vero
560 591 755 622 arbitremur
785 593 885 623 Acbis
916 592 987 623 Deo
1017 593 1180 632 praeferre

220 634 379 668 voluisse?
414 635 456 665 Et
478 635 585 674 impiis
608 641 640 664 et
664 635 806 674 profanis
830 645 899 665 sese
936 635 1112 675 adiungere
1140 636 1177 665 ad

218 676 470 719 persequendam
495 677 672 714 ecclesiam,
696 677 787 708 cuius
811 677 989 708 membrum
1015 683 1093 716 erat,
1117 679 1180 708 imo

219 721 314 752 etiam
348 726 456 759 caput,
500 726 747 758 repraesentans
787 719 920 750 Domini
962 721 1063 750 nostri
1105 721 1179 751 Iesu

219 763 340 794 Christi
365 772 534 801 personam
559 762 659 792 donec
682 769 862 802 appareret,
894 769 923 793 et
948 773 965 793 a
988 762 1057 793 Deo
1089 769 1180 803 patre

217 807 306 836 nobis
338 804 491 835 daretur?
528 804 677 843 Denique
716 806 876 836 sincerum
915 806 1011 836 fuisse
1042 805 1180 837 Davidis

217 850 359 878 animum
385 853 508 878 certum
533 852 589 880 est.
614 847 674 878 etsi
700 847 846 878 nonnihil
871 848 1008 879 aberrat.
1048 849 1097 879 Ex
1117 859 1178 888 quo

217 890 412 925 discendum,
444 889 528 928 quod
552 897 625 920 ante
649 890 800 925 diximus,
831 891 1051 921 sanctissimos
1081 892 1176 921 etiam

216 934 313 972 viros,
344 933 402 963 etsi
427 932 465 962 ad
490 938 612 963 rectum
643 943 774 971 scopum
805 933 977 970 colliment‚
1008 934 1179 973 Deumque

215 985 403 1016 quocunque
418 975 582 1006 vocaverit
600 976 688 1014 sequi
703 976 803 1014 parati
828 976 901 1011 sint,
925 982 1031 1006 tamen
1053 987 1179 1016 semper

216 1018 374 1049 inoffenso
405 1017 483 1057 pede
514 1017 678 1057 progredi,
715 1018 770 1048 sed
805 1018 944 1049 multum
979 1019 1178 1051 infirmitatis

214 1062 360 1101 prodere.
411 1060 557 1098 Quorum
589 1060 736 1099 exempla
779 1071 839 1091 non
877 1061 994 1092 debent
1025 1062 1064 1092 ad
1099 1062 1179 1093 vitia

214 1104 306 1134 nobis
340 1104 422 1133 viam
454 1103 568 1140 facere,
597 1103 652 1133 sed
682 1103 788 1142 potius
820 1104 971 1134 maiorem
1003 1115 1112 1135 curam
1147 1111 1177 1136 et

215 1145 466 1177 sollicitudinem
490 1145 522 1176 in
544 1145 634 1176 nobis
658 1146 808 1184 excitare,
833 1156 872 1176 ne
891 1146 1054 1177 labamur:
1078 1147 1176 1178 Davi-

214 1188 286 1220 dem
311 1189 473 1219 intuentes
496 1194 618 1218 rectum
642 1189 769 1227 quidem
795 1189 938 1219 animum
969 1199 1045 1229 erga
1070 1190 1175 1221 Deum

212 1231 375 1269 habuisse,
405 1238 434 1261 et
460 1231 582 1268 ingenti
607 1231 721 1261 ardore
745 1231 852 1262 cultus
882 1232 984 1271 ipsius
1014 1233 1177 1272 flagrasse,

213 1274 269 1305 sed
299 1280 406 1304 tamen
438 1273 558 1313 aliquid
588 1273 767 1304 simulasse.
814 1274 897 1304 Nam
929 1275 955 1305 si
986 1276 1116 1306 mentiri
1146 1282 1178 1306 et

214 1317 367 1348 simulare
391 1316 482 1347 illum
506 1316 650 1356 contigit,
681 1316 758 1356 quid
787 1317 880 1347 nobis
905 1317 972 1356 ipso
1006 1317 1100 1357 longe
1128 1319 1177 1349 in-

214 1360 411 1391 firmioribus
434 1359 579 1389 futurum
605 1358 776 1398 putamus?
804 1359 870 1390 Nae
903 1361 927 1390 si
958 1360 1037 1390 vitia
1067 1367 1178 1392 nostra

213 1413 278 1432 non
299 1401 600 1438 animadvertimus,
620 1401 710 1432 Deus
723 1409 832 1432 tamen
847 1402 903 1433 illa
916 1404 1067 1442 perspicit
1086 1404 1177 1435 cuius

213 1445 297 1476 oculi
322 1445 462 1484 penitius
496 1454 591 1483 quam
628 1444 729 1475 nostri
765 1451 952 1484 penetrant:
987 1446 1013 1475 si
1047 1447 1174 1485 quidem

213 1487 315 1527 ipsius
338 1487 461 1517 iustitia
484 1487 603 1517 nostris
626 1487 794 1518 affectibus
825 1487 920 1527 longe
949 1489 1095 1527 superior
1119 1495 1177 1520 est.

214 1530 434 1569 Quamobrem
465 1540 564 1568 quum
594 1529 685 1560 Deus
718 1540 778 1560 nos
814 1530 852 1560 ab
883 1531 981 1570 ipsius
1012 1532 1177 1563 voluntate

214 1572 354 1613 pendere
377 1571 474 1611 volet,
506 1572 646 1602 sciamus
670 1578 778 1603 tamen
803 1583 970 1612 superesse
1002 1574 1091 1605 nobis
1122 1575 1176 1605 ad-

214 1615 284 1647 huc
301 1625 444 1655 pugnam
464 1614 618 1645 adversus
639 1615 818 1645 naturalem
839 1616 1070 1654 infirmitatem,
1095 1618 1177 1648 mul-

214 1662 264 1689 tas
298 1667 466 1696 superesse
499 1657 604 1688 cordis
645 1659 746 1688 nostri
781 1657 921 1689 latebras
961 1669 1042 1698 quae
1083 1661 1178 1692 rectis

213 1701 382 1732 conatibus
414 1700 585 1730 resistant:
625 1710 661 1730 ac
697 1699 834 1739 denique
863 1701 1002 1732 multum
1037 1702 1069 1732 in
1100 1703 1178 1742 ipsis

213 1744 332 1774 nostris
353 1743 445 1773 bonis
457 1743 606 1782 operibus
619 1753 688 1773 esse
701 1743 914 1782 impuritates,
937 1744 1016 1775 adeo
1039 1751 1074 1775 ut
1087 1744 1178 1777 Deus

213 1786 329 1816 merito
352 1785 453 1824 possit
474 1785 629 1824 quidquid
657 1786 690 1815 in
720 1785 784 1815 illis
815 1797 932 1826 purum
964 1793 1098 1827 apparet
1128 1799 1178 1819 re-

212 1829 354 1869 pudiare,
372 1828 506 1867 ideoque
515 1834 662 1867 oportere
672 1839 728 1859 nos
738 1827 844 1858 Deum
854 1830 1016 1869 perpetuis
1030 1831 1177 1869 precibus

213 1871 392 1908 sollicitare,
416 1877 453 1900 ut
475 1871 696 1901 infirmitatem
711 1878 853 1901 nostram
875 1882 932 1911 pro
956 1882 1015 1903 sua
1037 1873 1176 1904 clemen-

214 1914 259 1944 tia
282 1915 405 1951 toleret,
434 1919 465 1944 et
495 1913 648 1952 quidquid
679 1914 832 1954 expedire
863 1915 956 1946 nobis
987 1917 1177 1956 cognoverit

213 1956 354 1996 benigne
377 1956 544 1996 largiatur.

298 1999 435 2038 Insuper
466 2009 506 2029 ex
537 1999 598 2029 hac
630 1998 761 2029 historia
792 1999 954 2030 discamus
980 2001 1084 2031 Deum
1117 2002 1175 2032 im-

213 2041 322 2081 probis
346 2041 520 2072 adversum
551 2051 609 2072 nos
640 2041 708 2072 dira
738 2051 884 2081 quaeque
913 2043 1176 2076 machinantibus

213 2093 314 2122 prava
336 2084 479 2123 ipsorum
503 2084 635 2114 consilia
666 2085 699 2114 in
729 2091 873 2115 nostram
905 2086 1079 2117 utilitatem
1103 2098 1174 2118 ver-

213 2129 290 2163 tere,
318 2133 349 2156 et
373 2137 435 2165 quo
459 2127 562 2167 magis
593 2127 772 2166 deprimere
803 2138 860 2158 nos
883 2128 1110 2167 {conabuntun
1139 2140 1175 2160 eo

214 2169 316 2208 magis
339 2168 443 2199 Deum
476 2180 534 2200 nos
566 2169 784 2200 elevaturum:
815 2170 970 2209 siquidem
1003 2172 1092 2203 Deus
1123 2172 1176 2203 vel

213 2210 323 2241 invitis
347 2212 463 2242 nostris
487 2211 680 2243 adversariis
704 2213 807 2242 utitur
826 2213 864 2242 ad
885 2224 942 2244 nos
962 2215 1174 2246 extollendos.

214 2252 308 2283 Unde
331 2263 370 2283 ex
393 2261 484 2292 parte
507 2261 639 2294 apparet
663 2254 861 2285 admirabilis
883 2255 945 2287 Dei
971 2258 1175 2296 providentia

214 2295 377 2334 operantis
409 2306 464 2334 per
493 2297 561 2328 vias
594 2297 687 2328 nobis
720 2298 915 2337 incognitas,
950 2306 981 2329 et
1015 2306 1050 2330 ut
1085 2301 1175 2331 nobis

214 2337 354 2374 videtur,
384 2337 544 2377 obliquas:
576 2340 677 2370 altera
705 2350 782 2370 vero
813 2351 854 2370 ex
884 2348 976 2380 parte
1006 2343 1109 2382 magis
1139 2354 1175 2374 ac

214 2380 318 2419 magis
341 2380 522 2411 confirmari
545 2392 603 2412 nos
626 2388 762 2421 oportet,
787 2388 818 2413 et
841 2384 872 2413 in
888 2384 949 2414 Dei
973 2385 1176 2423 providentia

213 2422 450 2461 conquiescere,
473 2422 629 2463 firmaque
658 2425 723 2455 fide
747 2426 808 2456 niti
832 2436 930 2465 quum
956 2433 1083 2466 praeter
1106 2438 1173 2459 om-

215 2465 306 2495 nium
340 2465 524 2503 opinionem
558 2467 642 2505 quod
673 2468 765 2499 nobis
806 2475 875 2499 erat.
908 2471 1106 2501 contrarium
1142 2473 1174 2501 in

214 2514 358 2538 nostram
390 2507 562 2537 utilitatem
591 2514 624 2539 et
657 2510 792 2541 salutem
827 2513 995 2543 convertit.
1050 2512 1175 2551 Quibus

215 2551 299 2580 enim
325 2549 428 2580 modis
450 2547 604 2591 (obsecro)
627 2550 733 2583 David
757 2564 799 2583 ex
821 2553 1004 2585 imminenti
1035 2556 1175 2595 periculo

214 2593 368 2623 liberatus
409 2591 478 2622 est?
527 2592 772 2626 Philistinorum
814 2606 893 2636 quos
941 2598 1175 2629 infensissimos

215 2635 353 2666 habebat
376 2644 481 2673 opera.
529 2635 570 2664 Et
607 2645 669 2673 qua
705 2637 834 2668 tandem
872 2639 1020 2670 ratione?
1059 2651 1175 2680 nempe

847 201 894 232 IN
920 202 945 233 I.
970 201 1058 232 Llss.
1081 201 1281 234 SAMUEL.
1305 202 1403 235 CAR
1427 205 1559 236 XXIX.

2138 207 2200 240 678

1234 295 1357 326 malitia
1380 297 1522 336 ipsorum
1547 303 1578 328 ct
1609 298 1731 329 invidia
1754 309 1817 338 qua
1842 299 1999 329 Davidem
2030 300 2062 331 in
2094 302 2199 341 pretio

1233 348 1311 375 esse,
1334 346 1364 368 et
1390 339 1508 370 honore
1533 341 1615 379 apud
1641 341 1757 372 Aeliim
1783 352 1891 382 regem
1916 342 2074 374 dolebant.
2108 344 2196 376 Sane

1234 380 1296 411 ista
1320 380 1413 411 valde
1438 383 1607 413 insolentia
1637 394 1706 414 esse
1736 390 1768 414 ot
1799 385 1883 415 inter
1915 396 1947 414 sc
1980 396 2123 425 pugnare
2150 388 2197 417 vi-

1234 422 1365 453 dentur:
1397 424 1451 454 sed
1483 426 1526 455 ita
1553 426 1637 456 Deus
1662 426 1692 456 in
1719 438 1810 457 usum
1834 438 1928 458 suum
1953 427 2069 458 malam
2096 429 2200 460 bomi-

1235 476 1311 495 num
1337 466 1536 497 voluntatem
1560 469 1733 499 convertit:
1765 470 1810 500 sic
1834 477 1940 500 tamen
1967 476 2002 500 ut
2027 471 2196 503 hominum

1234 508 1396 546 iniquitati
1431 519 1493 539 non
1525 512 1747 549 communicet,
1779 523 1881 551 neque
1912 514 2013 552 possit
2044 521 2197 554 tanquam

1234 556 1328 581 autor
1351 551 1472 590 peccati
1496 551 1535 581 ab
1559 553 1634 591 ipsis
1647 555 1806 584 accusari:
1832 566 1904 585 nam
1918 556 2057 595 exempli
2082 557 2196 596 gratia,

1233 592 1340 623 odium
1366 593 1445 624 illud
1470 601 1500 625 et
1525 595 1645 625 invidia
1670 596 1919 628 Philistaeorum
1950 608 2012 637 qua
2038 599 2195 630 Davidem

1235 635 1524 674 persequebantur,
1560 639 1803 670 condemnanda
1836 648 1901 672 est.
1932 640 1986 671 sed
2019 651 2055 671 ea
2087 647 2195 673 tamen

1233 677 1323 708 Deus
1347 679 1458 714 utitur,
1489 686 1522 709 ut
1548 681 1686 719 ipsorum
1722 683 1868 713 manibus
1893 682 2001 713 David
2032 683 2195 721 liberetur,

1234 722 1439 760 quamobrem
1464 721 1527 752 Dei
1558 724 1680 753 iustitia
1711 735 1836 764 semper
1866 726 2021 762 consistit,
2052 726 2130 757 adeo
2161 732 2195 757 ut

1232 763 1394 803 improbos
1425 775 1565 804 quosque
1604 765 1747 796 homines
1784 774 1927 807 oporteat
1965 780 1999 799 os
2037 769 2195 806 claudere,

1233 807 1287 844 qui
1310 806 1430 845 alioqui
1461 813 1612 846 tanquam
1646 809 1747 839 rabidi
1770 820 1864 840 canes
1895 810 1932 841 de
1957 811 2018 841 Dei
2047 812 2196 851 operibus

1233 848 1402 879 detrahere
1425 857 1670 888 consueverunt,
1695 861 1792 890 quum
1819 853 1929 883 vident
1950 853 2056 884 Deum
2076 854 2196 894 glorifi-

1232 892 1297 921 cari
1321 892 1353 921 in
1379 893 1596 923 miserlcordia
1619 904 1682 932 qua
1701 893 1858 925 Davidem
1884 897 1965 926 eruit
1985 908 2023 927 ex
2044 897 2196 936 periculo,

1233 934 1306 964 licet
1328 944 1406 965 usus
1425 935 1521 965 fuerit
1539 935 1786 967 Philistaeorum
1807 939 1993 969 ministerio.
2021 939 2194 971 Adoranda

1232 977 1334 1016 igitur
1358 977 1448 1008 nobis
1471 979 1621 1008 omnibus
1645 978 1755 1010 divina
1778 981 1988 1019 providentia,
2013 983 2193 1014 rationibus

1233 1026 1329 1050 utens
1364 1020 1510 1051 sensibus
1546 1022 1664 1051 nostris
1698 1029 1727 1052 et
1763 1023 1906 1062 opinioni
1940 1025 2124 1055 contrariis:
2161 1030 2193 1056 et

1233 1062 1340 1101 ampla
1363 1062 1498 1093 offertur
1521 1063 1612 1094 nobis
1643 1064 1778 1095 fiduciae
1802 1067 1935 1096 materia
1963 1078 2060 1106 quum
2086 1067 2193 1098 Deum

1232 1115 1273 1135 ex
1298 1105 1438 1136 tenebris
1462 1106 1565 1136 lucem
1591 1106 1735 1141 educere,
1768 1113 1803 1138 ut
1825 1108 1948 1139 Paulus
1972 1110 2124 1149 loquitur,
2151 1111 2194 1141 vi-

1233 1147 1355 1186 demus,
1385 1148 1464 1178 adeo
1487 1148 1616 1188 quidem
1641 1156 1675 1179 ut
1699 1150 1773 1180 licet
1797 1151 1931 1190 improbi
1957 1151 2025 1182 dira
2049 1163 2192 1192 quaeque

1232 1191 1265 1220 in
1306 1201 1363 1220 nos
1406 1191 1597 1228 moliantur,
1640 1200 1670 1222 et
1704 1193 1767 1222 iam
1802 1194 1834 1223 in
1869 1194 2012 1233 ipsorum
2048 1196 2192 1227 faucibus

1233 1243 1363 1263 versare
1388 1234 1571 1272 videamur,
1602 1240 1753 1274 tanquam
1791 1238 1885 1266 morti
1921 1238 2192 1277 propinquissimi,

1232 1276 1321 1306 Deus
1353 1281 1461 1306 tamen
1491 1277 1523 1307 in
1555 1284 1701 1307 nostrum
1732 1278 1932 1309 commodum
1957 1286 1987 1310 et
2018 1281 2192 1312 utilitatem

1231 1318 1360 1349 illorum
1386 1319 1517 1350 consilia
1544 1326 1721 1356 convertat,
1753 1321 2021 1360 quemadmodum
2046 1323 2121 1354 alibi
2146 1324 2193 1354 di-

1231 1362 1315 1392 citur
1338 1362 1446 1392 omnia
1471 1362 1576 1393 Deum
1602 1363 1790 1394 timentibus
1813 1365 1844 1394 in
1866 1365 1983 1395 bonum
2004 1371 2035 1396 et
2054 1367 2192 1397 salutem

1231 1404 1374 1443 ipsorum
1409 1404 1529 1435 cedere.
1576 1405 1779 1445 Quapropter
1809 1406 1881 1437 licet
1917 1407 2024 1438 hostes
2055 1409 2192 1440 exitium

1232 1453 1378 1477 nostrum
1410 1448 1592 1483 moliantur,
1623 1454 1655 1478 et
1685 1449 1813 1488 laqueos
1845 1455 1976 1480 nectant
2007 1451 2122 1489 quibus
2145 1452 2194 1483 in-

1231 1497 1342 1520 cautos
1371 1489 1525 1527 obruant,
1564 1497 1593 1520 et
1624 1492 1710 1521 omni
1739 1492 1845 1522 studio
1877 1500 2011 1523 mortem
2049 1500 2192 1525 nostram

1232 1539 1398 1571 quaerant,
1423 1543 1481 1563 nec
1504 1532 1653 1564 deficiant
1677 1535 1760 1572 ipsos
1780 1536 1919 1565 rationes
1940 1546 2040 1575 prava
2059 1537 2192 1568 consilia

1232 1575 1270 1605 ad
1296 1576 1392 1605 finem
1417 1575 1620 1615 perducendi,
1646 1577 1804 1616 patienter
1835 1583 1942 1608 tamen
1967 1587 2192 1618 exspectemus

1232 1617 1308 1648 dum
1333 1619 1400 1658 ipse
1427 1619 1515 1649 Deus
1539 1629 1669 1648 manum
1695 1619 1860 1650 adhibeat:
1885 1631 1921 1651 ae
1945 1632 1984 1651 ne
2008 1622 2193 1654 dubitemus

1233 1661 1308 1699 quin
1334 1661 1442 1691 omnia
1472 1662 1613 1700 ipsorum
1644 1662 1751 1692 studia
1775 1669 1806 1692 et
1829 1663 1963 1694 consilia
1992 1665 2024 1694 in
2049 1671 2193 1696 nostram

1232 1704 1368 1734 salutem
1400 1714 1436 1735 ac
1461 1704 1545 1734 vitae
1576 1705 1849 1735 conservationem
1880 1713 2056 1743 convertat,
2087 1714 2117 1738 et
2140 1708 2194 1738 ad-

1232 1747 1387 1777 mirandis
1411 1747 1512 1777 modis
1542 1746 1694 1785 nobisque
1724 1748 1897 1788 incognitis
1921 1759 1962 1779 ex
1986 1750 2100 1781 mortis
2123 1751 2192 1782 fau-

1231 1789 1321 1819 cibus
1349 1790 1472 1829 eripiat.
1522 1790 1625 1828 Atque
1657 1790 1735 1821 haec
1766 1790 1910 1821 doctrina
1942 1794 2122 1824 necessaria
2146 1801 2195 1825 est

1231 1831 1302 1862 istis
1324 1832 1512 1871 praesertim
1538 1833 1737 1871 temporibus
1761 1833 1875 1872 quibus
1890 1834 1952 1864 Dei
1976 1836 2120 1867 inimicos
2144 1838 2193 1867 vi-

1232 1873 1344 1905 demus
1378 1876 1500 1914 spirare
1534 1885 1643 1904 necem
1678 1875 1834 1913 fidelium,
1879 1882 1911 1907 et
1944 1877 2095 1908 ecclesiae
2131 1879 2193 1910 Dei

1231 1918 1422 1957 sanguinem
1436 1918 1541 1947 sitire:
1567 1927 1602 1947 ac
1615 1918 1750 1956 proinde
1763 1929 1802 1949 ex
1817 1918 1949 1949 humani
1970 1920 2081 1951 iudicii
2094 1932 2192 1953 sensu

1231 1968 1411 1990 extremum
1432 1960 1602 1990 discrimen
1628 1961 1806 1996 imminere,
1839 1969 1871 1991 et
1898 1962 2096 2002 deploratam
2121 1975 2190 1995 esse

1231 2002 1378 2039 salutem⁷
1403 2014 1441 2032 ne
1461 2010 1565 2032 tamen
1586 2003 1729 2033 animum
1745 2003 2009 2043 despondeamus,
2034 2006 2089 2036 sed
2106 2016 2192 2039 certo

1231 2051 1410 2075 statuamus
1442 2045 1545 2075 Deum
1577 2045 1705 2084 quidem
1736 2047 1985 2085 permissurum,
2019 2054 2054 2078 ut
2085 2049 2193 2082 hostes

1230 2087 1384 2118 adversus
1407 2088 1570 2118 ecclesiam
1595 2089 1775 2128 insurgant,
1806 2096 1838 2120 et
1861 2101 1995 2130 magnos
2019 2100 2192 2131 apparatus

1231 2130 1356 2166 faciant,
1383 2137 1413 2160 et
1439 2132 1500 2160 iam
1525 2131 1693 2161 imminere
1717 2133 1907 2162 miserorum
1936 2133 2079 2165 faucibus
2104 2135 2192 2166 vide-

1230 2181 1339 2203 antur:
1364 2172 1419 2203 sed
1439 2172 1568 2203 tandem
1588 2174 1697 2203 omnia
1717 2175 1859 2214 ipsorum
1873 2176 2007 2206 consilia
2020 2183 2051 2207 et
2070 2179 2192 2209 machi·

1231 2217 1376 2246 nationes
1400 2215 1507 2246 irritas
1531 2216 1691 2246 facturum
1715 2227 1751 2247 ac
1782 2218 2055 2249 disturbaturum:
2088 2231 2191 2260 neque

1229 2258 1260 2288 id
1285 2264 1420 2294 tantum,
1443 2258 1498 2288 sed
1522 2259 1617 2288 etiam
1643 2269 1704 2298 quo
1728 2261 1831 2299 magis
1860 2261 2018 2291 increduli
2042 2263 2118 2292 elati
2142 2264 2192 2293 fu-

1229 2301 1314 2331 erint
1337 2307 1368 2330 et
1392 2300 1462 2331 dira
1485 2311 1628 2340 quaeque
1652 2302 1775 2338 minati,
1800 2302 1906 2333 Deum
1932 2304 2061 2335 tandem
2083 2306 2191 2336 omnia

1229 2344 1260 2373 in
1285 2350 1425 2373 nostram
1450 2343 1587 2374 salutem
1612 2351 1642 2374 et
1666 2345 1838 2375 utilitatem
1862 2357 2107 2378 conversurum.

1314 2386 1481 2416 Hactenus
1513 2387 1614 2426 igitur
1638 2386 1759 2417 dictum
1783 2394 1850 2418 esto
1882 2389 1920 2418 de
1945 2388 2055 2419 divina
2078 2391 2189 2428 provi-

1230 2428 1346 2463 dentia,
1378 2439 1439 2467 qua
1464 2430 1582 2459 factum
1608 2436 1657 2460 est
1680 2436 1716 2460 ut
1747 2430 1807 2469 ipsi
1832 2431 1999 2460 Philistaei
2024 2431 2187 2463 Davidem

1229 2482 1268 2501 ex
1293 2472 1406 2502 castris
1430 2471 1496 2501 suis
1525 2471 1686 2508 eiecerint,
1718 2478 1748 2502 et
1779 2473 1838 2502 hac
1869 2473 1995 2502 ratione
2020 2474 2127 2504 David
2148 2486 2190 2506 ex

1229 2524 1353 2544 summo
1376 2514 1517 2553 periculo
1541 2514 1694 2544 liberatus
1725 2514 1775 2550 sit,
1806 2521 1858 2544 aut
1886 2516 2047 2554 polluendi
2071 2527 2189 2549 manus

1228 2557 1386 2595 sanguine
1418 2556 1560 2593 innoxio,
1591 2563 1645 2586 aut
1676 2557 1709 2586 in
1733 2558 1947 2596 suspicionem
1970 2558 2053 2598 apud
2079 2570 2188 2599 regem

1228 2599 1328 2630 Achis
1358 2598 1526 2635 veniendi,
1557 2605 1613 2628 aut
1643 2600 1739 2629 etiam
1771 2600 1847 2638 ipsis
1878 2600 2025 2631 manibus
2055 2613 2187 2634 suorum

1229 2641 1369 2672 hostium
1393 2641 1612 2677 occumbendi,
1636 2647 1768 2681 propter
1787 2642 1896 2672 odium
1915 2653 1977 2682 quo
2000 2644 2106 2683 ipsum
2119 2655 2192 2686 per-

1934 2692 1983 2718 4:3¹·
