2551 3044
229 171 270 203 33
880 170 923 201 IN
948 168 973 200 Ι.
998 167 1086 199 LIB.
1110 166 1308 198 SAMUEL.
1332 166 1428 198 OAP.
1452 167 1545 199 XIV.
2154 169 2195 200 34

227 268 293 296 tem
324 270 486 296 servatum
518 265 565 300 iri,
593 264 668 295 licet
690 269 784 294 antea
808 272 960 293 numerus
983 261 1129 292 infinitus
1151 268 1183 291 et
1208 280 1209 287 1

226 307 401 339 multitudo
429 307 556 338 infinita
578 306 724 337 fuissent.
770 304 834 336 Sed
859 315 930 336 ecce
954 314 1051 344 quam
1074 303 1182 334 miseri

226 355 263 381 ut
291 349 383 382 velut
412 360 488 381 oves
511 350 542 380 in
568 348 693 380 leonum
720 354 888 378 versentur
911 346 1070 378 faucibus:
1104 356 1182 386 quos

227 393 280 424 vel
315 392 421 423 odium
457 392 634 422 vicinorum
668 391 795 430 premit,
830 390 880 421 vel
909 390 1097 426 calumniae,
1133 388 1209 425 vel,

227 435 365 475 denique
389 434 552 465 molestiae
572 434 681 464 variae
699 434 847 471 obruunt,
872 440 907 463 ut
926 432 1064 463 hostium
1082 431 1182 462 furori

226 478 363 518 expositi
398 476 612 516 undequaque
636 476 816 506 videantur.
862 475 926 506 Sed
950 485 1004 506 eos
1026 473 1182 514 propheta

226 519 420 552 consolatur.
466 519 509 550 Et
546 519 708 558 proposita
742 519 864 549 visione
897 528 992 557 quam
1026 516 1183 547 habuerat

226 563 265 594 de
302 562 492 594 candelabro
526 567 558 592 et
591 561 801 600 lampadibus,
844 560 951 591 adiicit-
985 560 1063 590 duas
1096 559 1182 590 oleas

225 605 333 640 fuisse,
364 605 481 644 quibus
511 603 709 644 figurabatur
739 609 831 634 vet-us
862 603 922 634 lex.
967 602 1074 641 Atque
1104 601 1182 632 duas

224 648 297 678 illas
321 647 406 678 oleas
429 647 520 678 docet
542 653 698 687 perpetuo
721 646 868 683 stillasse,
902 656 941 676 ne
965 643 1127 684 lampades
1149 644 1181 674 in

224 690 357 722 ecclesia
382 690 674 730 exstinguerentur.
701 688 826 720 Deinde
849 688 927 719 illud
952 697 1053 727 neque
1078 687 1108 718 vi
1132 697 1181 717 ar-

223 743 360 769 morum,
391 742 493 771 neque
517 732 580 762 alia
602 732 632 762 vi
657 731 834 771 perfectum
855 731 894 762 iri
918 730 1017 768 docet,
1041 729 1096 760 sed
1119 728 1182 769 spi-

224 775 289 806 ritu
313 776 381 814 ipso
406 775 556 806 lehovae.
602 774 653 805 Ex
677 774 792 814 quibus
812 773 965 805 discimus
984 772 1090 803 Deum
1109 782 1182 803 con-

223 819 314 849 iectis
344 818 411 849 suis
440 816 589 848 fidelibus
613 817 646 847 in
671 822 777 847 tantas
800 816 975 856 angustias,
1006 821 1040 846 ut
1063 814 1101 845 de
1124 824 1183 845 sua

224 861 329 892 salute
352 860 532 900 desperent,
556 859 640 899 quod
665 869 730 890 non
754 859 818 889 sint
841 869 934 898 pares
953 857 1096 888 hostibus
1115 857 1182 887 suis

223 903 410 938 resistendo,
434 904 487 942 qui
511 902 639 942 magnis
662 902 784 933 viribus
808 902 946 932 inermes
969 906 1002 931 et
1023 900 1182 930 inhabiles

222 945 424 983 adoriuntur,
450 946 557 976 hostes
576 944 652 981 ,illos
677 944 890 975 debellantem
914 950 945 974 et
964 942 1182 983 dissipantem,

223 989 308 1020 velle
332 999 425 1020 suum
449 998 528 1027 opus
547 987 687 1027 agnosci,
712 986 916 1026 debitumque
935 991 1104 1025 propterea
1124 985 1183 1016 sibi

223 1031 380 1062 honorem
425 1030 525 1061 reddi.
571 1029 790 1068 Quamobrem
833 1040 895 1059 non
929 1033 1054 1067 oportet
1087 1027 1182 1058 fidem

222 1080 365 1105 nostram
405 1073 466 1103 niti
501 1082 605 1112 neque
639 1072 848 1102 multitudine
882 1071 1034 1109 militum,
1080 1081 1183 1110 neque

222 1116 429 1147 terrestribus
460 1115 535 1146 ullis
565 1115 676 1146 rebus:
710 1114 765 1146 sed
792 1115 900 1154 potius
923 1124 992 1145 esse
1014 1123 1183 1153 persuasos

223 1159 319 1190 rebus
335 1159 404 1189 istis
421 1158 570 1189 omnibus
594 1157 772 1193 destitutos,
797 1164 904 1187 tamen
928 1156 1047 1196 reipsa
1069 1166 1182 1196 exper-

222 1206 312 1232 turos
341 1202 418 1232 satis
449 1210 600 1241 magnam
632 1210 701 1230 esse
725 1200 787 1230 Dei
812 1200 962 1230 virtutem
987 1199 1025 1230 ad
1050 1209 1107 1230 nos
1131 1203 1182 1229 tu-

223 1244 338 1275 tandos
371 1249 403 1275 et
434 1254 473 1273 ex
507 1243 642 1274 summis
670 1242 819 1282 periculis
843 1241 1010 1279 ervendos,
1044 1241 1076 1272 in
1100 1251 1182 1280 quae

223 1286 264 1317 ad
292 1296 351 1317 nos
372 1285 588 1326 explorandos
611 1286 680 1325 ipse
702 1285 881 1316 coniecerit.
926 1284 976 1315 Ad
1002 1294 1059 1314 nos
1081 1284 1182 1324 igitur

222 1329 319 1360 etiam
339 1329 394 1360 illa
414 1329 588 1368 prophetae
607 1328 705 1358 verba
727 1328 897 1366 pertinent.
942 1327 1075 1358 Certum
1095 1326 1180 1357 enim

221 1378 272 1403 est
301 1372 491 1411 prophetam
523 1371 586 1401 illis
618 1370 795 1401 declarasse
823 1370 928 1409 qualis
959 1370 1001 1400 sit
1030 1369 1181 1400 eeclesiae

221 1415 362 1446 conditio
395 1425 434 1445 ex
469 1424 529 1453 quo
553 1423 571 1443 a
594 1413 783 1452 captivitate
807 1412 995 1453 babylonica
1016 1412 1180 1452 redempta

221 1457 292 1497 fuit,
316 1458 379 1488 imo
402 1468 442 1487 ex
466 1467 527 1496 quo
552 1457 712 1486 Dominus
736 1461 845 1486 noster
867 1455 959 1487 Iesus
979 1455 1128 1486 Christus
1145 1455 1179 1485 in

221 1499 310 1531 hunc
326 1499 482 1530 mundum
503 1499 600 1530 venit.
640 1497 902 1538 Quotiescunque
920 1498 1018 1537 igitur
1038 1497 1179 1528 hostium

222 1542 429 1573 multitudine
452 1547 485 1572 et
506 1541 603 1572 minis
627 1541 828 1580 terrebimur,
859 1540 944 1580 quod
968 1541 1006 1571 ab
1029 1540 1093 1571 illis
1115 1541 1178 1570 iam

221 1585 287 1616 iam
309 1585 452 1615 laniandi
472 1584 646 1619 videamur,
671 1583 709 1613 ad
731 1583 823 1613 istam
845 1584 1085 1623 promissionem
1105 1593 1178 1614 con—

222 1628 394 1668 fugiamus,
417 1628 561 1658 futurum
586 1626 676 1656 nobis
696 1627 796 1656 instar
816 1625 1062 1657 fortissimorum
1082 1635 1177 1666 agge-

223 1682 294 1701 rum
314 1675 347 1701 et
359 1671 585 1707 munitionum,
610 1679 734 1707 nempe,
752 1680 814 1698 non
828 1668 1007 1699 habendam
1026 1669 1115 1699 nobis
1131 1678 1178 1698 ra-

221 1714 342 1744 tionem
378 1723 480 1752 neque
514 1711 693 1752 gladiorum
728 1722 830 1750 neque
867 1712 1082 1742 exercituum:
1123 1710 1177 1742 sed

222 1762 389 1787 contentos
422 1766 490 1786 esse
514 1761 661 1794 oportere
686 1755 802 1784 virtute
824 1754 957 1784 Domini
981 1754 1080 1785 nostri
1104 1754 1178 1784 Iesu

222 1799 356 1837 Christi,
397 1808 476 1837 quae
517 1798 556 1827 ad
592 1797 726 1827 salutem
761 1803 904 1827 nostram
940 1797 1104 1827 victoriam
1139 1796 1178 1827 de

220 1842 366 1872 hostibus
397 1846 597 1880 reportatura
630 1846 686 1870 est.
733 1841 839 1878 Atque
870 1850 908 1870 ex
932 1839 1080 1870 hocloco
1103 1839 1176 1871 doc-

219 1884 307 1914 trina
338 1884 416 1914 haec
440 1889 504 1913 tam
530 1883 618 1913 utilis
641 1881 781 1912 eruenda
804 1889 867 1913 est:
899 1888 930 1912 et
953 1888 1079 1922 praeter
1102 1882 1177 1913 doc—

220 1927 337 1957 trinam
371 1926 447 1957 utile
478 1932 526 1956 est
556 1925 652 1955 etiam
678 1924 835 1964 exemplis
857 1925 1049 1959 confirmari,
1082 1925 1176 1964 quale

220 1969 280 2000 hoc
310 1969 379 2000 loco
411 1968 519 2000 Saulis
541 1968 687 2005 occurrit,
718 1968 771 2006 qui
794 1978 868 1998 cum
892 1968 1051 1998 sexcentis
1073 1967 1174 1998 homi-

220 2012 313 2042 nibus
347 2019 474 2042 tantum
510 2011 665 2041 mansisse
689 2010 777 2040 solus
800 2010 926 2047 dieitur,
964 2010 1175 2050 undequaque

219 2060 327 2086 tamen
349 2055 491 2085 hostibus
509 2054 633 2092 ingenti
649 2052 856 2082 musstitudine
869 2053 958 2083 illum
971 2053 1175 2093 cingentibus

218 2103 256 2128 ut
286 2099 453 2136 desperata
481 2097 567 2126 salus
590 2096 821 2131 Israelitarum,
852 2102 884 2126 et
906 2095 1007 2126 facilis
1030 2097 1175 2127 hostibus

218 2141 363 2178 victoria,
386 2141 482 2170 etiam
503 2149 566 2169 non
586 2138 739 2168 districtis
758 2138 872 2177 gladiis
892 2138 1062 2170 videretur.
1109 2139 1175 2169 Ita-

218 2193 282 2223 que
306 2190 371 2212 tnm
397 2182 504 2212 hostes
528 2180 707 2220 triumphos
730 2182 819 2220 quasi
843 2181 906 2211 iam
930 2187 1021 2220 parta
1044 2182 1175 2213 victoria

219 2226 391 2256 canebant:
416 2231 447 2255 et
470 2225 602 2254 minime
626 2223 755 2254 dubium
781 2224 857 2262 quin
877 2223 938 2254 Dei
959 2234 1074 2255 nomen
1095 2225 1175 2255 blas-

218 2268 345 2308 phemis
381 2268 446 2298 suis
482 2267 612 2296 vocibus
647 2266 832 2296 lacerarent.
875 2266 943 2297 Deo
977 2266 1015 2297 ad
1049 2273 1175 2306 tempus

218 2310 291 2341 illos
322 2311 452 2341 ferente.
499 2308 564 2339 Sed
596 2309 725 2339 tandem
757 2319 790 2339 re
814 2309 881 2348 ipsa
904 2308 993 2340 Deus
1016 2310 1174 2349 patefecit,

218 2363 346 2384 omnem
381 2353 469 2382 illam
504 2351 643 2382 hostium
680 2362 747 2382 sese
782 2358 847 2382 tam
881 2353 943 2382 alte
971 2353 1173 2384 efferentium

218 2396 434 2436 arrogantiam
459 2395 491 2425 in
516 2404 677 2425 summum
696 2394 837 2433 ipsorum
858 2394 993 2426 dedecus
1011 2402 1043 2426 et
1061 2396 1173 2426 confu-

218 2439 341 2469 sionem
395 2438 485 2468 verti.
536 2436 752 2474 Quamobrem
797 2437 859 2468 Dei
903 2438 1175 2478 contemptoribus

217 2481 366 2521 superbia
399 2486 429 2511 et
464 2480 648 2520 arrogantia
682 2480 892 2519 turgentibus,
933 2487 962 2510 et
994 2481 1026 2511 in
1061 2481 1174 2512 fideles

217 2523 392 2555 crudeliter
409 2522 635 2555 saevientibus.
655 2529 743 2553 tanto
756 2522 1014 2563 propinquiorem
1027 2525 1173 2563 ipsorum

217 2567 349 2597 ruinam
379 2570 410 2596 et
440 2565 575 2596 dedecus
604 2575 673 2595 esse
702 2565 848 2596 sciamus.
892 2565 937 2597 Et
965 2566 991 2597 si
1021 2567 1108 2598 Deus
1136 2577 1173 2598 eo

216 2620 317 2650 usque
340 2619 399 2639 nos
422 2607 606 2647 explorafit,
630 2613 665 2638 ut
689 2608 794 2639 hostes
816 2608 970 2640 adversus
994 2619 1051 2640 nos
1073 2610 1174 2641 multa

334 2659 444 2686 calvini
458 2666 552 2692 opera.
573 2658 630 2684 Vol.
643 2658 738 2684 XXX.

1235 260 1409 291 moliantur
1431 266 1463 291 et
1486 261 1726 301 aggrediantur,
1749 262 1804 293 illo
1829 263 2043 302 permittente,
2075 268 2106 293 ct
2129 262 2193 294 illis

1235 312 1275 332 ex
1306 303 1404 333 animi
1436 304 1596 334 sententia
1626 315 1676 335 res
1706 305 1889 341 succedant,
1921 304 1998 336 adeo
2023 313 2056 336 ut
2083 311 2193 337 nostra

1235 345 1321 376 salus
1345 345 1509 385 deplorata
1533 346 1687 383 videatur,
1713 358 1752 379 ne
1776 355 1882 378 tamen
1908 348 2091 379 dubitemus
2115 348 2192 388 quin

1235 387 1302 426 ipse
1325 388 1463 419 debitam
1487 388 1551 419 illis
1575 390 1751 421 mercedem
1772 392 1986 430 praepararit:
2011 397 2041 420 et
2067 390 2132 421 loco
2156 400 2192 422 ac

1235 435 1379 471 tempore
1402 430 1572 470 patefaciat
1595 442 1628 461 se
1653 433 1751 463 nostri
1772 433 1950 471 misertum,
1975 434 2032 464 etsi
2052 432 2091 463 ad
2112 441 2190 464 tem·

1234 483 1294 512 pus
1319 474 1428 504 faciem
1453 484 1542 504 suam
1567 484 1585 504 a
1609 475 1698 505 nobis
1720 476 1895 507 occultasse
1918 476 2006 507 visus
2028 476 2078 506 sit.

1320 515 1362 546 Et
1392 515 1430 545 de
1460 515 1530 546 istis
1556 516 1726 555 hactenus;
1757 524 1957 549 transeamus
1989 517 2028 548 ad
2051 528 2087 548 ea
2111 528 2190 558 quae

1235 557 1273 588 de
1297 557 1478 589 Ionathano
1498 559 1657 590 dicuntur.
1691 560 1738 591 Ac
1762 562 1864 600 primo
1888 560 2014 600 quidem
2039 559 2191 600 adspectu

1237 601 1370 631 nimium
1400 601 1498 632 fuisse
1530 603 1718 633 temerarius
1748 603 1950 640 iudicabitur,
1981 603 2049 634 sine
2074 603 2190 634 iudicio

1234 650 1267 673 et
1296 644 1365 674 sine
1396 644 1622 675 moderatione.
1676 645 1756 675 Nam
1787 645 1867 677 Saul
1904 646 1989 677 solos
2025 654 2190 677 sexcentos

1234 686 1372 725 reliquos
1403 685 1522 716 milites
1552 694 1584 716 et
1607 688 1734 726 quidem
1759 689 1896 719 inermes
1920 688 2053 719 habebat
2077 688 2190 719 adver-

1233 739 1288 759 sus
1321 729 1462 759 hostium
1491 736 1538 760 tot
1562 730 1671 766 millia,
1704 730 1912 762 nihilominus
1944 737 2052 761 tamen
2076 731 2190 762 castris

1233 770 1316 801 clam
1350 771 1515 811 egreditur
1545 782 1614 802 cum
1648 774 1804 813 armigero
1833 784 1899 813 suo,
1933 779 1965 804 et
1994 773 2122 813 quidem
2154 783 2190 804 eo

1234 820 1380 854 tempore
1409 824 1471 853 quo
1500 820 1564 844 tres
1588 815 1725 846 hostium
1756 816 1902 846 cohortes
1926 826 2073 856 egressae
2097 822 2189 847 erant

1234 863 1308 887 ante
1331 857 1471 896 primum
1495 867 1609 897 agmen
1630 858 1668 888 ad
1689 859 1837 898 praedam
1857 859 2051 889 faciendam:
2074 859 2189 898 quibus

1234 899 1437 930 Ionathanus
1467 904 1587 930 temere
1618 902 1761 938 occurrit,
1792 906 1824 931 et
1852 900 1981 940 quidem
2013 902 2113 932 inscio
2135 911 2190 941 pa-

1235 948 1293 973 tre.
1340 943 1497 972 Armatus
1530 942 1656 982 quidem
1693 943 1731 974 ad
1767 943 1884 974 bellum
1920 944 1996 979 exit,
2030 943 2086 975 sed
2117 943 2194 984 quid

1235 995 1320 1016 unus
1344 985 1500 1016 adversus
1530 990 1575 1016 tot
1605 985 1771 1016 cohortes?
1818 986 1904 1025 Quin
1930 986 2071 1026 armiger
2094 987 2196 1026 ipsius

1235 1037 1325 1058 arma
1358 1028 1472 1067 quibus
1506 1038 1539 1058 se
1573 1034 1717 1059 tueretur
1747 1039 1811 1059 non
1842 1028 1987 1067 habebat,
2022 1029 2084 1060 nisi
2114 1030 2194 1060 forte

1235 1076 1363 1101 rutrum
1387 1076 1443 1101 aut
1466 1071 1614 1108 securim,
1638 1077 1669 1101 et
1693 1071 1821 1110 quidem
1845 1072 2055 1103 commodato.
2099 1071 2192 1103 Vidi-

1233 1123 1308 1143 mus
1338 1113 1424 1143 enim
1452 1123 1549 1153 supra
1581 1113 1830 1145 Philistaeorum
1862 1113 1972 1144 fraude
2003 1114 2123 1146 factum
2155 1122 2192 1145 ut

1234 1155 1319 1195 apud
1344 1155 1509 1187 Hebraeos
1533 1156 1640 1187 nullus
1665 1157 1751 1187 faber
1773 1157 1989 1187 inveniretur:
2014 1167 2050 1188 ac
2073 1157 2100 1187 si
2119 1161 2191 1188 tan—

1235 1198 1306 1229 dem
1338 1198 1518 1229 libertatem
1550 1199 1731 1229 habuerunt
1761 1199 1800 1229 ad
1830 1200 2026 1230 ferramenta
2061 1200 2190 1231 confici-

1234 1241 1326 1278 enda,
1357 1248 1387 1271 et
1418 1241 1534 1272 molam
1560 1241 1598 1272 ad
1622 1242 1815 1279 exacuenda,
1846 1252 1909 1272 non
1939 1242 2008 1272 sine
2031 1248 2120 1281 metu
2143 1248 2190 1273 ta-

1234 1295 1306 1314 men
1331 1289 1361 1315 et
1385 1289 1507 1315 terrore
1531 1285 1598 1315 fuit.
1645 1284 1752 1323 Quare
1776 1285 1888 1315 merito
1910 1284 2110 1316 Ionathanus
2134 1285 2192 1316 ho-

1234 1327 1357 1357 minum
1382 1327 1531 1367 opinione
1555 1328 1742 1357 temerarius
1766 1332 1849 1358 esset
1872 1326 2073 1364 iudicandus,
2106 1327 2189 1367 quod

1234 1369 1388 1401 adversus
1412 1375 1457 1400 tot
1481 1370 1589 1400 hostes
1612 1370 1699 1400 solus
1721 1379 1868 1410 egressus
1890 1369 1940 1408 sit,
1971 1375 2002 1400 et
2026 1375 2189 1409 praeterea

1233 1412 1377 1444 ordinem
1413 1413 1573 1443 everterit.
1618 1412 1700 1443 Nam
1733 1413 1760 1443 si
1796 1412 1868 1443 belli
1903 1417 2045 1452 tempore
2079 1412 2189 1444 liceret

1233 1456 1344 1494 positis
1367 1456 1488 1493 castris,
1519 1461 1551 1486 et
1574 1455 1718 1486 hostibus
1742 1454 1954 1494 undequaque
1977 1455 2188 1495 cingentibus,

1232 1504 1352 1529 temere
1375 1498 1490 1537 cuique
1513 1497 1620 1538 egredi
1644 1508 1660 1528 e
1683 1497 1830 1534 statione,
1859 1496 1933 1537 quid
1956 1497 2030 1528 inde
2054 1497 2188 1537 periculi

1232 1540 1418 1572 crearetur?
1464 1541 1533 1571 Nae
1562 1540 1691 1580 capitali
1724 1540 1877 1580 supplicio
1901 1540 1988 1580 digni
2018 1547 2102 1577 sunt,
2133 1541 2187 1580 qui

1232 1583 1306 1614 belli
1328 1589 1471 1623 tempore
1495 1584 1563 1614 sine
1583 1584 1669 1614 iussu
1690 1583 1890 1622 imperatoris
1909 1583 2081 1613 stationem
2102 1583 2188 1614 dese-

1231 1632 1323 1658 runt:
1354 1636 1427 1657 nam
1452 1626 1568 1665 alioqui
1593 1626 1715 1656 nullam
1739 1625 1944 1656 autoritatem
1970 1625 2132 1664 retineret,
2156 1633 2186 1657 et

1230 1679 1356 1700 summa
1386 1680 1494 1699 rerum
1518 1668 1727 1699 inveheretur
1750 1668 1903 1699 confusio.
1949 1667 2096 1707 Denique
2120 1679 2185 1699 me-

1230 1711 1350 1742 tuenda
1374 1719 1498 1751 strages
1522 1718 1614 1747 esset,
1645 1712 1670 1742 si
1696 1711 1787 1750 pauci
1811 1711 1880 1741 sine
1904 1716 2028 1741 maturo
2053 1711 2185 1742 consilio

1229 1761 1260 1785 et
1289 1755 1518 1786 deliberat-ione
1548 1754 1660 1785 castris
1683 1753 1919 1794 egrederentur.
1965 1752 2182 1791 Quamobrem

1230 1797 1331 1828 videri
1361 1804 1466 1838 potest
1494 1797 1696 1827 Ionathanus
1726 1803 1847 1835 patrem
1872 1795 1924 1826 hic
1946 1795 1977 1825 in
2003 1796 2181 1828 maximum

1228 1840 1400 1871 discrimen
1435 1840 1623 1871 coniecisse:
1666 1847 1695 1869 et
1729 1849 1785 1878 per
1818 1839 1922 1877 ipsum
1958 1848 2020 1868 non
2055 1839 2182 1871 stetisse

1227 1884 1302 1922 quin
1326 1883 1395 1923 ipse
1418 1890 1510 1923 pater
1532 1893 1602 1913 eum
1624 1882 1732 1921 paucis
1750 1881 1880 1920 reliquis
1899 1881 2056 1912 militibus
2074 1882 2180 1922 oppri-

1227 1931 1382 1957 meretur.
1434 1925 1559 1956 Deinde
1590 1935 1736 1965 egressus
1767 1923 1862 1954 audet
1893 1922 2042 1963 progredi
2079 1934 2180 1964 usque

1227 1969 1265 1999 ad
1291 1968 1408 1999 milites
1431 1969 1486 2008 qui
1509 1969 1540 1998 iu
1565 1967 1706 1998 excubiis
1730 1974 1829 1997 erant.
1876 1966 1917 1996 Et
1941 1965 2011 1996 ideo
2031 1966 2181 1997 dicuntur

1226 2012 1268 2042 ibi
1292 2012 1390 2042 fuisse
1414 2011 1475 2041 duo
1499 2010 1621 2050 scopuli
1640 2011 1670 2040 in
1692 2009 1820 2040 modum
1841 2008 1984 2038 dentium
2004 2010 2178 2049 praerupti.

1225 2053 1264 2084 Id
1288 2060 1422 2094 apparet
1443 2054 1476 2084 in
1500 2053 1662 2084 montibus
1686 2060 1714 2082 et
1740 2051 1874 2082 collibus
1897 2052 2020 2087 vicinis,
2055 2052 2084 2081 in
2110 2052 2178 2091 qui-

1226 2097 1285 2128 bus
1316 2097 1543 2127 eminentiores
1574 2095 1694 2135 scopuli
1726 2105 1802 2134 prae
1833 2105 1864 2124 se
1889 2094 1994 2124 ferunt
2018 2094 2178 2132 quandam

1226 2139 1332 2180 abyssi
1363 2140 1509 2179 speciem,
1545 2145 1600 2169 aut
1634 2138 1772 2177 ingentis
1806 2136 1971 2167 cuiusdam
2008 2137 2178 2176 voraginis.

1226 2183 1289 2213 Hie
1313 2183 1412 2222 igitur
1441 2181 1501 2212 duo
1526 2182 1622 2212 fuisse
1647 2181 1740 2211 vieini
1765 2179 1884 2218 scopuli
1907 2178 2067 2217 dicuntur,
2098 2190 2179 2218 quos

1227 2225 1396 2256 Philistaei
1426 2230 1669 2264 occupaverant,
1696 2231 1726 2252 et
1757 2222 1906 2252 excubias
1934 2221 1974 2251 ibi
2007 2221 2178 2258 habebant,

1227 2274 1263 2298 ut
1294 2278 1388 2298 nemo
1418 2267 1489 2298 illac
1519 2272 1629 2306 aperta
1653 2272 1683 2295 et
1708 2266 1795 2304 regia
1819 2265 1869 2294 via
1893 2271 1997 2303 posset
2022 2265 2177 2295 transire:

1226 2315 1316 2342 tanta
1340 2311 1424 2341 enim
1448 2316 1515 2340 erat
1539 2309 1677 2339 hostium
1699 2307 1870 2338 multitudo
1889 2313 1924 2337 ut
1945 2306 2053 2337 nullus
2071 2306 2178 2338 aditus

1225 2353 1263 2384 ad
1294 2353 1364 2383 illos
1395 2358 1526 2393 pateret.
1572 2351 1680 2390 Quare
1710 2349 1906 2380 Ionathanus
1929 2359 1964 2379 eo
1990 2348 2123 2388 pedibus
2147 2356 2178 2380 et

1225 2396 1373 2426 manibus
1397 2402 1528 2433 reptans
1557 2401 1689 2424 conatur
1713 2391 1892 2423 ascendere.
1937 2391 2001 2422 Sed
2027 2402 2066 2421 an
2091 2392 2176 2422 defa-

1225 2440 1344 2478 tigatus
1361 2449 1401 2468 ex
1419 2439 1468 2468 via
1493 2437 1580 2467 invia
1603 2442 1727 2475 poterat
1745 2445 1817 2465 cum
1838 2435 1982 2466 hostibus
2003 2434 2176 2474 congredi?

1225 2481 1311 2520 Quin
1333 2482 1428 2511 etiam
1462 2479 1624 2509 videamus
1648 2488 1710 2517 quo
1733 2478 1872 2508 maxime
1894 2476 2103 2507 fundamento
2127 2478 2175 2508 ni-

1226 2530 1328 2554 tatur:
1361 2523 1605 2558 Adscendamns,
1634 2521 1746 2560 inquit,
1778 2520 1818 2550 ad
1841 2519 2013 2550 incredulos
2035 2522 2061 2550 et
2083 2520 2176 2550 'incir-

1224 2566 1372 2597 cumcisos
1392 2566 1475 2604 istos,
1499 2567 1524 2594 cl
1546 2574 1601 2594 nos
1622 2563 1666 2594 eis
1688 2565 1867 2602 reteyamus.
1911 2562 1972 2601 Qui
1992 2562 2021 2592 si
2042 2562 2177 2593 dixerint

1224 2609 1395 2640 adscendite
1415 2608 1456 2638 ad
1478 2617 1541 2645 nos,
1564 2609 1628 2637 tum
1650 2606 1794 2637 audacter
1815 2605 1978 2636 adversmn
2000 2605 2085 2645 ipsos
2102 2615 2178 2644 pro-

1967 2655 1983 2680 3
