2551 3044
214 201 270 232 157

210 294 375 326 videatur:
415 295 504 326 cuius
538 294 633 325 etiam
667 294 788 324 fructus
822 293 876 323 diu
911 293 970 323 fuit
1003 290 1161 323 occultus:

212 338 314 378 primo
344 336 512 368 ridiculum
542 337 644 368 iocum
675 335 761 367 dieas
790 336 883 366 istam
907 334 1041 366 Davidis
1072 335 1161 364 inau-

212 380 422 420 gurationem,
453 380 505 419 qui
536 379 641 409 statim
672 378 710 417 ab
741 378 890 409 unctione
919 377 1092 409 revertitur
1122 374 1162 406 ad

212 423 318 453 ovium
339 427 437 461 septa,
460 421 611 452 fratribus
629 421 730 461 ipsius
749 420 876 451 interim
897 420 935 451 ad
955 419 1071 452 bellum
1093 427 1162 458 pro-

211 465 433 500 ficiscentibus,
463 469 500 494 ut
530 463 677 504 deinceps
700 463 839 494 audituri
862 473 980 499 sumus,
1012 468 1042 493 et
1066 460 1163 493 Saule

212 518 301 538 suam
342 506 530 547 dignitatem
571 506 677 537 adhuc
711 506 879 536 retinente.
945 503 1162 544 Quamobrem

212 549 370 580 discamus
390 559 452 579 non
475 549 558 579 ferre
581 548 730 580 iudicium
755 548 793 579 de
816 547 932 579 divinis
955 546 1101 587 operibus
1124 556 1163 576 ex

211 592 252 623 iis
282 601 364 631 quae
394 591 496 631 primo
519 597 686 630 apparent:
715 591 769 621 sed
793 591 930 621 sciamus
952 590 1057 620 Deum
1081 587 1163 619 velle

210 644 337 666 omnem
357 633 447 664 nobis
469 636 662 664 occasionem
687 633 796 664 tollere
819 633 938 673 gloriae
960 637 991 664 et
1013 641 1163 671 arrogan-

210 678 283 714 tiae,
305 686 403 715 quum
428 682 492 706 tam
517 676 653 706 infirmis
676 675 790 706 mediis
813 686 906 706 suum
929 685 1007 715 opus
1029 673 1163 715 perficit,

210 725 242 750 et
264 719 418 749 virtutem
442 718 510 749 eius
532 718 805 758 magnifaciamus,
837 728 873 748 ea.
895 718 1060 749 credentes
1082 725 1164 755 quae

211 762 328 792 nostris
341 761 486 792 sensibus
498 760 767 800 comprehendere
783 771 846 791 non
867 771 1044 801 possumus.
1078 758 1162 790 Nam

210 805 236 835 si
260 803 349 835 Deus
379 804 484 834 statim
516 802 555 833 ab
578 803 668 833 initio
691 802 853 834 brachium
877 813 970 834 suum
993 804 1164 838 exsereret,

210 847 396 886 coelumque
437 851 469 876 et
504 851 622 876 terram
655 851 855 883 concuteret,
894 851 926 877 et
958 850 995 876 ut
1027 844 1162 886 gloriam

210 899 299 920 suam
341 889 574 919 demonstraret
608 888 714 918 omnia
748 888 907 919 elementa
939 890 1162 924 commoveret,

210 932 280 972 quis
304 936 370 962 tum
395 931 483 962 locus
505 936 589 961 esset
610 930 692 967 fidei,
716 941 813 970 quum
840 931 888 962 vel
912 931 1029 962 invitos
1052 940 1162 961 omnes

211 975 249 1005 ad
281 980 345 1005 tam
377 972 533 1004 mirabilia
566 972 627 1004 Dei
658 983 756 1012 opera
787 973 1011 1013 obstupescere
1033 982 1162 1004 necesse

210 1016 315 1048 esset?
350 1016 396 1048 At
424 1016 501 1046 fides
522 1021 569 1046 est
592 1015 669 1046 illud
694 1026 755 1055 quo
778 1022 906 1047 exstant
928 1026 1009 1056 quae
1031 1025 1162 1056 speran-

209 1064 273 1098 tur,
296 1064 328 1090 et
351 1068 432 1098 quae
456 1057 651 1089 demonstrat
676 1068 757 1097 quae
781 1069 842 1089 non
867 1063 1052 1090 cernuntur.
1096 1058 1161 1089 Ita-

209 1112 270 1142 que
301 1112 397 1141 quum
423 1101 511 1131 Deus
542 1101 574 1131 in
609 1101 796 1131 infirmitate
824 1105 982 1140 operatur,
1012 1106 1044 1131 et
1070 1101 1162 1132 initia

209 1155 340 1185 operum
372 1143 471 1183 ipsius
499 1149 576 1174 sunt
605 1143 873 1183 contemptibilia,
903 1144 959 1174 illa
985 1150 1092 1175 tamen
1122 1142 1162 1174 ad

210 1187 333 1219 exitum
353 1185 498 1226 perducit
516 1185 746 1221 admirabilem,
771 1192 804 1216 ut
828 1187 970 1217 omnium
994 1186 1159 1217 hominum

210 1231 293 1260 vires
309 1238 459 1269 superare
475 1237 602 1260 necesse
625 1228 665 1258 sit
687 1229 839 1259 confiteri.
875 1228 948 1268 Qua
970 1229 1003 1259 in
1027 1238 1061 1258 re
1083 1229 1161 1259 satis

208 1272 351 1312 amplum
382 1270 535 1302 habemus
566 1276 792 1310 argumentum
817 1271 1011 1303 exercendae
1034 1276 1161 1302 nostrae

206 1314 288 1346 fidei.
334 1314 417 1345 Nam
446 1314 491 1343 ita
520 1323 589 1344 sese
611 1314 702 1345 nobis
726 1314 865 1344 maxime
888 1314 1038 1353 patefacit
1059 1313 1158 1344 admi-

206 1357 314 1388 rabilis
337 1356 392 1387 illa
413 1356 483 1392 Dei,
506 1366 601 1396 quam
626 1357 747 1395 profani
773 1356 918 1387 homines
941 1361 1158 1392 contemnunt,

209 1399 426 1440 providentia,
461 1399 492 1429 in
510 1409 573 1438 qua
595 1399 858 1439 conquiescimus,
880 1399 970 1430 illum
995 1405 1159 1439 sperantes

208 1442 416 1483 impleturum
434 1451 515 1481 quae
534 1441 651 1472 nostris
670 1441 829 1472 mentibus
853 1442 977 1482 assequi
1001 1452 1064 1472 non
1088 1452 1158 1481 pos-

209 1495 330 1516 sumus.
365 1486 470 1524 Atque
482 1483 541 1515 hac
554 1485 677 1515 ratione
700 1485 736 1515 fit
759 1485 927 1524 conspicua
947 1491 1053 1515 nostra
1072 1484 1158 1521 fides,

209 1533 239 1559 et
270 1528 358 1558 Deus
392 1527 426 1557 in
459 1526 525 1557 suis
560 1527 710 1566 operibus
740 1527 948 1567 glorificatur.
997 1527 1092 1558 Hane
1121 1526 1160 1557 ob

209 1580 334 1602 causam
367 1569 509 1600 videmus
534 1569 636 1600 Deum
668 1569 729 1600 iam
764 1570 837 1600 inde
867 1569 905 1600 ab
926 1570 1012 1600 omni
1035 1569 1160 1601 saeculo

210 1614 362 1643 virtutem
391 1622 483 1643 suam
510 1611 652 1643 obscuris
684 1612 798 1643 mediis
827 1611 1051 1651 illustravisse,
1089 1617 1159 1643 tan-

208 1665 302 1695 quam
334 1655 359 1686 si
383 1658 507 1685 tantum
532 1655 564 1684 in
588 1655 684 1690 coelo,
710 1665 774 1685 non
796 1659 904 1686 autem
925 1655 957 1684 in
982 1654 1032 1685 his
1053 1655 1158 1691 terris,

208 1697 397 1738 splenderet,
428 1707 490 1737 quo
520 1696 630 1727 fideles
661 1698 819 1737 patienter
848 1702 1033 1737 exspectare
1060 1698 1158 1728 disce-

209 1746 295 1777 rent,
335 1739 418 1780 quod
460 1740 658 1779 experientia
692 1751 755 1770 non
789 1744 913 1780 poterat
945 1739 1065 1771 docere.
1120 1740 1158 1770 In

209 1783 321 1824 primis
339 1787 445 1813 autem
466 1782 544 1814 haec
563 1782 706 1813 doctrina
724 1782 908 1822 usurpanda
927 1787 975 1813 est
992 1782 1025 1813 in
1049 1782 1160 1814 salutis

208 1831 335 1857 nostrae
364 1825 501 1865 negotio,
531 1831 562 1855 et
584 1825 697 1856 salutis
721 1830 847 1856 nostrae
870 1830 997 1856 auctore
1020 1824 1158 1856 Domino

206 1874 314 1899 nostro
337 1868 412 1899 Iesu
435 1867 579 1898 Christo:
604 1878 698 1907 quem
725 1868 868 1898 videmus
890 1868 991 1907 primo
1014 1868 1158 1899 exinani-

205 1916 273 1942 tum
304 1915 475 1950 antequam
506 1910 540 1940 111
571 1909 705 1951 gloriam
736 1910 936 1941 eveheretur.
987 1909 1070 1941 Nam
1099 1911 1158 1942 etsi

205 1954 293 1994 regia
322 1953 422 1992 stirpe
451 1958 544 1983 natus
575 1958 640 1987 est,
670 1953 748 1984 satis
778 1958 886 1984 tamen
915 1963 954 1983 ex
984 1953 1158 1993 prophetae

205 1996 332 2036 scriptis
361 2001 502 2036 apparet,
533 1995 654 2026 nullam
680 1995 816 2035 amplius
839 1996 870 2026 in
894 1995 948 2025 illa
970 1995 1061 2027 domo
1084 1996 1158 2027 reli-

205 2048 300 2078 quam
321 2039 427 2078 regiae
444 2037 609 2078 dignitatis
630 2044 747 2073 notam,
771 2037 1026 2078 quandoquidem
1050 2039 1158 2070 fideles

206 2081 246 2112 ad
277 2081 340 2112 lsai
368 2085 492 2120 patrem
524 2080 660 2111 Davidis
691 2086 892 2116 revocantur,
931 2081 984 2120 qui
1013 2081 1159 2121 privatus

205 2123 339 2160 vixerat,
363 2128 396 2153 et
419 2133 490 2153 rura
515 2128 649 2162 paterna
672 2122 771 2154 bobus
794 2123 961 2154 exercebat
984 2124 1058 2155 suis.
1093 2124 1158 2155 Ita-

205 2176 266 2206 que
307 2176 371 2196 non
410 2171 458 2196 est
496 2165 739 2205 inquirendum,
781 2165 864 2196 sitne
904 2165 1002 2196 nobili
1042 2177 1159 2207 genere

205 2213 310 2244 natus,
349 2210 442 2238 modo
481 2213 605 2239 constet
645 2208 816 2238 oriundum
857 2207 896 2239 ab
935 2208 990 2239 illa
1022 2208 1158 2240 Davidis

206 2251 323 2291 exigua
356 2250 485 2286 familia,
518 2256 550 2280 et
583 2250 675 2281 domo
710 2251 827 2280 rustica
858 2250 971 2282 abiecti
1001 2252 1157 2291 opilionis.

206 2295 253 2324 Ac
272 2303 347 2323 sane
366 2293 485 2323 scimus
498 2292 664 2324 Christum
688 2293 815 2323 venisse
838 2293 870 2323 in
895 2293 980 2325 hunc
1003 2294 1157 2325 mundum

205 2342 370 2375 assumpta
397 2336 480 2366 servi
511 2336 613 2366 forma
643 2340 674 2365 et
704 2335 820 2366 misero
847 2340 879 2366 et
901 2336 1033 2376 ignobili
1055 2342 1158 2368 statu:

204 2384 235 2410 et-
274 2378 362 2417 quasi
402 2384 493 2408 extra
533 2377 698 2408 hominum
740 2379 933 2409 consortium
966 2379 999 2409 in
1033 2379 1158 2412 stabulo

205 2427 325 2454 natum,
349 2424 379 2451 et
398 2420 486 2450 velut
505 2419 543 2450 ad
563 2420 682 2450 bestias
704 2420 890 2460 relegatum,
913 2425 948 2452 ut
970 2422 1157 2454 conveniret

204 2463 332 2494 veritati
362 2472 431 2493 cum
462 2463 575 2502 figura.
621 2461 731 2500 Quare
760 2463 851 2494 nobis
880 2464 962 2494 hanc
991 2464 1156 2496 historiam

203 2505 384 2546 legentibus
404 2505 588 2535 meditanda
605 2510 653 2535 est
666 2505 781 2536 Esaiae
799 2506 968 2544 sententia,
991 2507 1155 2539 surculum

203 2550 360 2579 oriturum
402 2557 443 2577 ex
474 2553 586 2578 trunco
616 2547 689 2578 lsai.
740 2548 914 2579 Surculum
944 2550 1028 2580 enim
1058 2561 1154 2590 quum

203 2590 287 2625 dicit..
308 2600 375 2620 rem
388 2590 543 2621 abiectam
556 2595 588 2620 et
606 2594 821 2630 contemptam
842 2591 970 2622 denotat
989 2592 1155 2624 hominum

201 2634 335 2665 iudicio:
367 2637 398 2663 et
432 2632 558 2672 quidem
594 2633 849 2672 germinatumm
883 2634 927 2664 ait
956 2639 1107 2675 tanquam
1139 2647 1155 2666 e

850 199 895 230 IN
922 199 946 229 I.
972 197 1058 229 LIB.
1079 197 1275 228 SAMUEL.
1300 196 1396 228 CAP.
1433 198 1523 229 XVI.

2103 199 2162 229 1:38

1214 289 1313 336 reciso
1333 294 1444 322 trunco
1464 292 1636 332 surculum,
1659 293 1747 324 cuius
1767 293 1854 323 nulla
1873 297 1947 323 ante
1970 291 2166 332 apparebant

1215 332 1356 372 vestigia.
1391 333 1433 363 Et
1457 334 1642 365 nominatim
1666 335 1813 365 meminit
1836 334 1909 372 Isa1
1933 339 1967 365 ut
1991 334 2164 365 desolatam

1214 378 1246 404 et
1279 375 1431 405 abiectam
1466 375 1593 407 domum
1627 377 1770 413 denotet,
1812 388 1849 408 ex
1885 377 1975 408 cuius
2008 377 2166 408 radicibus

1214 427 1348 457 surgens
1369 416 1420 448 hic
1439 419 1583 449 surculus
1606 420 1722 450 sensim
1747 419 1940 451 adolesceret
1964 421 1996 450 in
2021 420 2165 450 arborem

1214 459 1387 499 ingentem,
1409 460 1498 491 cuius
1518 461 1650 493 altitudo
1670 468 1699 493 et
1719 462 1907 503 magnitudo
1927 462 2036 493 cedros
2049 462 2166 493 Libani

1215 501 1310 542 longe
1339 508 1512 541 superaret.
1559 504 1726 535 Caeterum
1753 506 1870 536 nostris
1894 505 1988 535 ctiam
2013 504 2165 544 tempori-

1216 545 1273 575 bus
1310 545 1497 584 applicanda
1527 553 1600 576 sunt
1631 557 1709 586 quac
1738 548 1768 577 in
1801 548 1928 578 Domini
1959 547 2060 577 nostri
2091 547 2164 578 Iesu

1215 586 1338 617 Christi
1369 597 1502 626 persona
1532 589 1752 628 contigerunt:
1783 590 1897 629 quibus
1927 590 2074 620 videmus
2098 590 2166 629 qui-

1216 629 1347 660 busdam
1378 629 1454 660 locis
1484 630 1716 671 redintegratae
1743 640 1772 662 et
1796 638 1993 664 restauratae
2017 632 2168 663 ecclesiae

1215 671 1388 712 primordia
1419 677 1483 702 tam
1514 683 1612 712 parva
1645 680 1770 714 tamque
1800 676 1936 712 infirma,
1966 679 2003 705 ut
2030 675 2166 714 improbi

1215 714 1361 745 homines
1373 724 1410 744 ea
1422 714 1519 745 libere
1537 723 1741 747 contemnant
1761 722 1791 748 et
1810 717 1978 748 irrideant:
2000 722 2034 747 ut
2053 717 2167 748 merito

1215 757 1324 788 fideles
1354 757 1493 787 animum
1526 758 1677 790 abiecturi
1707 760 1886 798 videantur,
1917 761 1977 790 nisi
2001 759 2061 790 alia
2084 769 2167 799 spes,

1215 810 1307 840 quam
1329 809 1408 839 quae
1427 801 1459 830 in
1479 800 1586 831 0811108
1605 801 1782 840 incurrunt,
1802 803 1871 833 illos
1891 803 2019 833 foveret.
2043 801 2167 833 Verum

1215 853 1250 873 eo
1278 842 1380 882 magis
1410 843 1543 873 excitari
1566 854 1624 874 nos
1647 851 1777 884 oportet,
1807 851 1837 875 et
1861 844 1997 876 assiduis
2020 845 2168 885 precibus

1215 885 1254 916 ad
1283 884 1388 915 Deum
1420 885 1600 925 confugere.
1632 892 1665 916 ut
1696 887 1844 918 omnibus
1877 886 2107 918 tentationibus
2137 891 2170 918 et

1214 927 1386 958 insultibus
1412 928 1597 959 resistamus
1616 929 1732 969 alioqui
1758 931 1918 961 nocituris.
1964 929 2071 969 Quare
2095 930 2169 961 licet

1214 981 1251 1001 ea
1292 971 1334 1000 sit
1374 970 1618 1009 primordiorum
1653 972 1871 1011 imbecillitas,
1913 983 1952 1003 ne
1987 972 2170 1003 dubitemus

1214 1018 1321 1044 tamen
1343 1014 1419 1052 quin
1439 1024 1530 1043 suum
1551 1024 1628 1053 opus
1641 1014 1730 1044 Deus
1750 1015 1789 1045 sit
1810 1016 2023 1055 perfecturus:
2049 1019 2170 1046 metum

1215 1066 1341 1087 omnem
1373 1054 1572 1093 abiiciamus,
1613 1057 1864 1096 quandoquidem
1892 1058 2010 1088 laetum
2044 1058 2169 1088 exitum

1213 1098 1425 1139 experiemur.
1471 1098 1604 1129 Interim
1627 1106 1731 1130 tamen
1755 1101 1787 1130 in
1811 1101 1935 1131 silentio
1958 1108 1988 1131 et
2011 1100 2167 1140 patientia

1214 1140 1433 1181 possideamus
1452 1141 1576 1172 animas
1594 1148 1731 1180 nostras,
1753 1147 1784 1173 et
1803 1142 1864 1174 fide
1881 1142 2039 1183 quaelibet
2062 1143 2165 1173 obsta-

1213 1184 1284 1215 cula
1314 1194 1513 1223 superemus,
1542 1194 1637 1223 opera
1659 1184 1718 1215 Dei
1744 1186 1880 1216 scientes
1904 1186 1996 1225 longe
2019 1195 2088 1216 esse
2111 1185 2166 1216 ho-

1214 1227 1336 1258 minum
1377 1226 1525 1266 operibus
1565 1227 1800 1259 excellentiora.
1864 1227 2014 1258 Vidimus
2056 1232 2167 1259 nostro

1213 1270 1338 1301 saeculo
1366 1268 1523 1309 evangelii
1554 1271 1716 1310 repurgati
1749 1269 1930 1310 primordia,
1961 1270 2067 1310 ecquis
2092 1280 2166 1301 vero

1213 1316 1278 1343 tam
1309 1312 1425 1351 exiguo
1454 1312 1605 1351 temporis
1634 1313 1736 1352 spatio
1760 1318 1866 1344 tantos
1888 1323 2075 1353 progressus
2099 1313 2166 1343 fore

1212 1355 1439 1396 cogitavisset?
1477 1353 1563 1385 Sane
1586 1362 1648 1385 tam
1675 1356 1788 1395 exiguo
1811 1356 1962 1395 temporis
1985 1355 2165 1393 intervallo,

1213 1399 1331 1438 passim
1344 1403 1547 1437 repurgatam
1568 1398 1722 1437 evangelii
1743 1398 1920 1429 doctrinam
1942 1398 2165 1437 conspicimus,

1214 1446 1247 1471 ut
1280 1450 1410 1480 prorsus
1444 1440 1588 1470 divinum
1621 1450 1700 1480 opus
1734 1441 1825 1471 fateri
1861 1451 1986 1472 necesse
2021 1440 2071 1471 sit.
2121 1440 2166 1471 Et

1213 1489 1319 1514 tamen
1351 1483 1377 1513 is
1408 1486 1455 1512 est
1481 1482 1685 1513 ecelesiarum
1710 1483 1867 1523 plerisque
1889 1483 1964 1514 locis
1988 1487 2099 1519 status,
2130 1487 2165 1513 ut

1211 1525 1348 1566 improbi
1378 1525 1467 1556 virus
1489 1535 1582 1556 suum
1606 1531 1764 1562 evomant,
1790 1531 1982 1565 sperentque
2005 1525 2094 1556 brevi
2118 1525 2164 1556 ul-

1211 1573 1320 1599 timam
1345 1575 1465 1608 pestem
1489 1568 1615 1605 inferre,
1641 1574 1671 1598 et
1694 1568 1731 1598 ad
1756 1568 1922 1608 pristinam
1946 1568 2165 1599 confusionem

1211 1612 1317 1642 omnia
1340 1620 1499 1642 revocare.
1538 1610 1581 1641 Et
1603 1620 1678 1641 sane
1701 1611 1829 1641 infirma
1851 1615 1899 1641 est
1921 1610 2062 1648 ecclesia,
2085 1620 2166 1650 quae

1211 1664 1309 1694 quum
1332 1663 1520 1694 progressus
1542 1652 1664 1692 aliquos
1687 1653 1796 1684 fecisse
1820 1653 1955 1689 videtur,
1986 1658 2164 1683 retrorsum

1211 1696 1408 1737 regreditur:
1442 1706 1540 1736 quare
1576 1701 1665 1726 tanto
1695 1696 1795 1736 magis
1827 1702 1874 1726 est
1902 1695 2015 1726 animis
2047 1695 2165 1726 nostris

1211 1739 1290 1770 haec
1317 1739 1459 1770 doctrina
1477 1738 1639 1778 infigenda
1663 1743 1692 1768 et
1711 1737 1902 1778 usurpanda,
1926 1743 1960 1767 ut
1979 1737 2162 1769 unctionem

1210 1781 1273 1813 Dei
1301 1782 1391 1813 iussu
1422 1782 1537 1812 factam
1560 1781 1732 1819 intuentes,
1762 1787 1793 1811 et
1816 1780 1953 1811 scientes
1975 1790 2033 1811 nos
2057 1790 2074 1810 a
2098 1780 2168 1811 Deo

1211 1825 1242 1855 in
1262 1835 1398 1865 regnum
1418 1823 1611 1855 sacerdotale
1631 1823 1804 1863 adoptatos,
1828 1833 1867 1854 ne
1887 1822 2069 1853 dubitemus
2088 1823 2165 1862 quin

1184 1865 1251 1898 'sit
1284 1866 1365 1898 illud
1399 1866 1556 1897 adversus
1589 1866 1745 1905 quoslibet
1778 1865 1918 1896 insultus
1950 1870 2164 1905 protecturus.

1210 1910 1262 1941 Ita
1291 1909 1448 1950 propheta
1478 1909 1564 1940 Psal.
1593 1909 1612 1939 2
1642 1908 1846 1948 conqueritur
1875 1918 1975 1948 reges,
2006 1908 2166 1947 principes

1210 1958 1242 1983 et
1270 1953 1405 1993 populos
1434 1951 1675 1982 communicatis
1699 1950 1838 1982 consiliis
1862 1950 2013 1981 adversus
2036 1961 2068 1981 se
2092 1960 2166 1981 con-

1211 1996 1360 2035 spirasse,
1392 1994 1445 2025 sed
1478 1994 1581 2025 Deum
1615 1994 1658 2024 ait
1686 2004 1793 2034 regem
1823 2003 1916 2024 suum
1941 1992 2083 2028 unxisse,
2113 1992 2166 2032 qui

1210 2048 1346 2078 regnum
1370 2038 1470 2077 ipsius
1493 2036 1702 2067 administret.
1737 2035 1861 2074 Quibus
1885 2035 1991 2066 verbis
2004 2034 2167 2065 Dominus

1210 2091 1311 2112 vanos
1341 2085 1373 2111 et
1402 2081 1508 2110 irritos
1536 2080 1601 2110 fore
1623 2089 1733 2109 omnes
1756 2078 1897 2109 omnium
1921 2077 2086 2108 hominum
2111 2076 2166 2108 ad-

1210 2134 1321 2154 versus
1352 2133 1441 2154 suam
1471 2122 1635 2153 ecclesiam
1664 2126 1796 2152 conatus
1827 2120 2003 2160 pollicetur.
2057 2119 2167 2158 Quare

1210 2167 1243 2197 in
1268 2166 1406 2196 Domino
1430 2165 1700 2204 conquiescamus,
1727 2162 1981 2202 quandoquidem
2007 2162 2166 2193 Dominus

1210 2214 1320 2240 noster
1332 2209 1423 2239 Iesus
1437 2208 1586 2239 Christus
1609 2207 1727 2238 electus
1751 2213 1798 2235 est.
1821 2210 1915 2244 eaput
1939 2210 1969 2235 et
1993 2205 2166 2244 imperator

1211 2252 1318 2293 populi
1347 2251 1407 2289 sui,
1437 2249 1474 2280 ad
1503 2260 1612 2280 omnes
1641 2253 1844 2280 contumaces
1875 2254 1904 2277 et
1936 2246 2070 2278 rebelles
2093 2257 2165 2278 con

1211 2294 1391 2325 tundendos
1422 2299 1454 2323 et
1482 2291 1683 2332 frangendos.
1731 2292 1836 2330 Atque
1859 2289 1897 2319 de
1924 2289 2023 2329 ipsius
2048 2290 2168 2320 virtute

1211 2342 1242 2368 et
1265 2336 1406 2376 potentia
1430 2336 1476 2366 ita
1497 2335 1681 2368 sentiamus,
1712 2344 1750 2363 ne
1775 2332 1925 2363 ecclesiae
1948 2331 2167 2363 imbecillitate

1210 2390 1291 2419 quae
1310 2379 1342 2409 in
1363 2378 1470 2409 oculos
1489 2376 1624 2408 incurrit
1648 2376 1749 2406 territi
1771 2375 1808 2405 ab
1832 2375 1901 2414 ipso
1924 2385 2064 2414 unquam
2087 2375 2166 2405 resi-

1209 2422 1341 2453 liamus:
1365 2420 1419 2451 sed
1442 2426 1527 2450 certo
1550 2419 1694 2459 persuasi
1718 2419 1816 2448 simus
1840 2417 1945 2448 Deum
1969 2427 2048 2456 opus
2072 2426 2165 2448 suum

1209 2465 1247 2495 ad
1272 2474 1362 2494 suam
1386 2462 1610 2503 perfectionem
1636 2460 1874 2501 perducturum.

1294 2507 1361 2537 Iam
1387 2515 1461 2535 vero
1485 2505 1578 2545 agite,
1602 2506 1652 2534 etc.
