2551 3044
403 228 466 259 487

410 323 509 362 igitur
530 322 597 352 loco
621 321 784 352 discamus
806 330 903 361 quam
927 321 1079 361 proclivis
1102 321 1145 352 sit
1168 321 1266 352 etiam
1290 321 1324 351 in
1348 331 1381 353 re
1408 345 1410 359 ,.

409 365 496 396 licita
510 364 628 404 lapsus
647 368 679 394 et
699 374 797 404 quum
817 364 886 395 iure
907 363 1020 395 divino
1037 364 1132 394 liceat
1153 363 1217 395 vim
1239 363 1380 395 hostium

411 407 444 437 vi
479 407 650 446 repellere,
686 413 716 437 et
752 406 863 437 hostes
897 406 993 437 etiam
1029 406 1156 437 damnis
1189 406 1317 438 afficere
1350 412 1381 438 et

408 449 590 490 opprobrio,
621 458 716 489 quam
742 448 834 480 facile
857 448 964 489 aliquo
987 459 1120 481 excessu
1144 458 1323 498 peccemus,
1346 455 1381 480 ut

409 492 483 523 licet
514 502 565 523 res
595 492 664 532 ipsa
695 502 752 531 per
782 502 817 523 se
848 492 930 523 bona
959 497 993 523 et
1020 492 1105 523 iusta
1133 492 1184 530 sit,
1213 492 1247 523 in
1279 492 1380 532 ipsius

409 541 517 566 tamen
548 535 780 575 exsequutione
805 534 911 565 Deum
935 534 1148 566 offendamus.
1192 533 1266 574 Qua
1288 534 1322 566 in
1346 545 1380 566 re

408 576 503 608 multi
532 587 726 617 magnopere
749 577 923 614 falluntur,
955 578 986 608 in
1012 578 1130 609 cortice
1153 581 1280 609 tantum
1303 577 1378 608 hae-

408 626 525 651 rentes.
572 620 665 655 Nam.
694 620 794 658 aiunt,
817 620 904 660 prior
927 619 966 651 ab
991 620 1083 651 hoste
1107 620 1273 652 lacessitus
1297 630 1378 657 sum,

408 668 441 694 et
472 663 596 694 invitus
625 662 664 693 ad
696 663 757 694 mei
787 663 1007 694 defensionem
1039 667 1161 695 tractus
1190 673 1281 702 sum,
1313 673 1377 694 non

410 715 482 736 mea
511 705 687 741 voluntate,
718 705 772 736 sed
809 706 933 736 invitus
963 711 995 737 et
1025 704 1220 738 necessitate
1249 711 1378 737 coactus

409 758 462 780 me
491 754 614 779 tutatus
638 758 719 779 sum
766 747 858 787 Quae
881 749 990 779 omnia
1010 758 1089 780 vera
1112 759 1182 780 esse
1206 749 1320 785 fateor,
1345 755 1377 779 et

408 790 617 823 condemnari
649 800 711 821 non
736 800 844 831 posse:
875 790 930 822 sed
954 791 1084 822 interim
1108 791 1159 822 isti
1184 801 1250 822 nou
1274 792 1375 823 anim-

407 833 592 870 advertunt,
624 843 658 864 se
688 844 754 865 non
783 844 854 865 eam
885 834 1091 865 sobrietatem
1123 840 1154 865 et
1184 833 1375 865 modestiam

407 876 582 907 retinuisse
606 886 701 916 qnam
726 886 784 916 par
806 881 889 914 erat,
921 882 953 908 et
975 877 1121 917 appetitu
1145 876 1283 917 quodam
1306 877 1375 907 vin-

408 918 513 950 dictae
542 919 679 950 110108εο
708 918 890 951 libertatem
921 929 1018 960 quam
1042 919 1214 951 habebant.
1256 918 1377 958 Quam-

406 962 518 993 obrem
549 962 697 1002 exemplo
721 961 858 993 Davidis
889 962 1060 999 discamus,
1091 973 1150 994 nos
1173 962 1245 994 licet
1269 972 1375 993 coram

406 1003 593 1035 hominibus
635 1005 737 1035 iustas
777 1010 810 1036 et
851 1015 969 1045 aequas
1003 1005 1199 1037 defensionis
1234 1005 1402 1040 rationes,

407 1046 602 1084 habeamus,
634 1057 698 1078 uon
735 1047 806 1078 ideo
837 1053 946 1079 tamen
980 1057 1088 1079 coram
1119 1048 1189 1079 Deo
1220 1047 1260 1079 ab
1288 1048 1375 1078 omni

407 1089 501 1130 culpa
530 1100 660 1127 vacuos,
691 1090 775 1130 quod
807 1089 915 1130 aliqua
943 1091 1094 1131 passione
1116 1090 1242 1130 abrepti
1266 1100 1374 1131 pecca-

407 1133 550 1164 verimus
574 1133 606 1163 in
631 1143 775 1169 excessu,
799 1133 951 1173 viamque
975 1132 1115 1173 aliquam
1140 1133 1302 1173 obliquam
1327 1143 1374 1164 se·

406 1175 500 1215 qunti
539 1175 656 1206 simus:
699 1185 734 1207 ac
775 1175 907 1215 proinde
943 1176 1017 1207 licet
1050 1185 1158 1207 coram
1193 1175 1376 1207 hominibus

406 1228 513 1258 neque
536 1218 679 1249 accusari
704 1228 807 1257 neque
831 1218 979 1249 damnari
1003 1219 1170 1258 possimus,
1195 1228 1259 1250 non
1284 1228 1375 1259 posse

406 1266 516 1292 tamen
547 1260 690 1301 effugere
713 1261 790 1300 quin
815 1261 875 1292 Dei
900 1261 1016 1292 iudicio
1040 1261 1205 1299 feriamur,
1235 1261 1296 1292 nisi
1319 1271 1375 1300 pro

406 1303 537 1334 infinita
565 1314 623 1335 sua
653 1302 797 1334 bonitate
826 1309 954 1335 nostras
977 1304 1184 1336 infirmitates
1205 1303 1319 1335 toleret
1343 1309 1375 1334 et-

406 1351 505 1387 tegat.

490 1388 559 1419 Nos
599 1389 700 1428 igitur
742 1388 853 1419 eadem
896 1398 960 1428 qua
994 1387 1157 1420 Davidem
1192 1390 1374 1420 reverentia

405 1430 506 1462 divini
526 1431 666 1462 nominis
685 1431 760 1462 duci
783 1437 918 1471 oportet,
942 1432 1033 1463 cuius
1056 1431 1136 1463 haec
1159 1431 1256 1464 verba
1280 1437 1372 1462 sunt:

406 1472 568 1513 Propitius
601 1474 641 1504 sit
674 1473 752 1504 milii
786 1473 954 1513 Dominus,
987 1484 1024 1505 vie
1055 1475 1173 1514 faciam
1203 1474 1280 1506 hanc
1308 1484 1373 1505 rem

405 1516 527 1547 domim>
549 1526 614 1548 meo
628 1515 748 1548 Christo
767 1516 907 1554 Domini,
928 1519 962 1548 ut
982 1517 1103 1548 mittam
1123 1527 1250 1549 manum
1273 1527 1373 1548 meam

405 1559 440 1590 in
459 1569 536 1597 eiam,
559 1559 635 1599 qaia
649 1558 792 1591 Christus
809 1559 927 1590 domini
949 1562 1002 1591 est.
1038 1560 1147 1591 David
1166 1571 1200 1592 se
1219 1564 1372 1600 tanquam

405 1602 532 1633 iniectis
564 1602 700 1633 habenis
730 1602 860 1641 retinet,
887 1612 928 1633 ne
959 1601 1035 1642 quid
1058 1603 1091 1634 in
1115 1602 1248 1635 Saulem
1273 1603 1372 1634 susci-

405 1645 483 1685 piat,
507 1644 703 1684 cogitatione
726 1645 889 1676 unctionis
912 1644 1042 1676 divinae
1065 1655 1161 1686 quam
1181 1645 1262 1677 Saul
1285 1655 1371 1677 acce—

405 1694 507 1728 perat.
542 1688 614 1719 Non
639 1688 707 1718 sine
731 1697 827 1719 causa
854 1698 929 1719 vero
951 1688 1101 1719 meminit
1131 1688 1220 1720 Uncti
1232 1687 1372 1727 Domini,

405 1730 572 1770 quoniam,
607 1735 645 1761 ut
675 1735 749 1761 ante
779 1729 863 1768 dixi,
893 1740 1030 1771 regnum
1058 1730 1138 1762 illud
1169 1737 1239 1762 erat
1268 1732 1373 1771 figura

404 1773 497 1814 regni
532 1773 663 1804 Domini
698 1773 800 1804 nostri
834 1773 910 1805 Iesu
945 1773 1084 1805 Christi:
1121 1773 1205 1805 unde
1239 1778 1373 1814 apparet

406 1825 508 1855 quare
537 1821 630 1847 tanta
661 1816 842 1847 reverentia
871 1816 956 1848 colat
980 1815 1122 1853 Saulem,
1153 1816 1237 1857 quod
1262 1827 1281 1848 a
1304 1817 1374 1848 Deo

406 1858 443 1889 in
476 1858 566 1889 illum
603 1858 770 1899 dignitatis
802 1858 939 1899 gradum
974 1859 1088 1891 fuisset
1117 1866 1255 1891 evectus.

408 1901 508 1942 igitur
537 1900 661 1932 debitos
686 1901 822 1933 honores
845 1902 988 1933 tribuere
1012 1901 1173 1934 diseamus
1195 1902 1235 1933 iis
1259 1902 1374 1941 quibus

406 1944 498 1975 Deus
528 1944 723 1984 peculiarem
750 1945 913 1984 quandam
936 1950 1045 1976 notam
1069 1944 1167 1983 dedit,
1196 1955 1296 1985 quum
1320 1955 1374 1976 008

406 1986 447 2018 ad
478 1996 587 2017 rerum
618 1986 836 2027 gubernacula
864 1987 977 2019 sedere
1007 1987 1127 2026 voluit,
1155 1992 1188 2018 et
1216 1987 1373 2019 iustitiam
1398 2010 1399 2015 ,

407 2029 653 2060 administrare:
677 2030 822 2069 quisquis
843 2030 939 2068 enim,
961 2034 998 2061 ut
1019 2030 1065 2062 ait
1078 2030 1199 2062 Paulus
1222 2029 1374 2071 dignitati
1398 2053 1399 2059 ,

407 2072 567 2112 superiori
590 2072 721 2109 resistit,
745 2073 815 2103 Deo
834 2073 893 2112 ipsi
917 2073 1046 2104 resistit.

407 2200 536 2241 legibus
558 2200 627 2241 regi
650 2206 683 2231 et
703 2201 887 2232 conservari
909 2202 1021 2233 voluit.
1055 2201 1091 2234 Si
1114 2202 1210 2240 enim,
1233 2201 1374 2242 exempli

409 2243 525 2284 gratia,
548 2253 588 2274 ex
607 2243 707 2273 animi
727 2243 896 2275 voluntate
915 2245 1022 2275 omnia
1041 2245 1133 2277 nobis
1155 2244 1373 2282 succederent,

409 2292 442 2316 01,
475 2285 536 2317 01111
569 2296 606 2317 ac
639 2292 734 2326 potus
767 2287 891 2327 copiam
925 2286 1136 2326 haberemus,
1169 2287 1232 2318 nisi
1265 2292 1373 2318 tamen

408 2334 498 2360 certa
526 2328 636 2369 politia
666 2338 860 2368 regeremur,
889 2335 1012 2361 certum
1042 2335 1092 2362 est
1123 2339 1283 2362 suminam
1305 2321 1400 2361 fore¹

410 2371 555 2402 omnium
586 2381 694 2402 rerum
724 2371 963 2411 confusionem,
993 2372 1066 2404 aliis
1095 2373 1129 2404 10
1158 2372 1236 2405 alios
1265 2373 1372 2404 insur-

410 2414 573 2455 gentibus,
603 2419 635 2445 et
665 2425 735 2446 sese
765 2421 880 2446 mutuo
902 2415 1169 2454 confodientibus,
1193 2415 1242 2447 vel
1265 2420 1373 2447 contu—

409 2457 514 2489 meliis
543 2461 576 2488 et
605 2457 733 2488 iniuriis
763 2457 991 2490 afficientibus:
1022 2458 1160 2499 denique
1188 2468 1251 2489 non
1281 2467 1373 2498 posse

409 2500 496 2531 inter
525 2510 559 2531 se
589 2499 643 2530 diu
672 2509 782 2540 pacem
813 2500 917 2532 colere
947 2505 979 2532 et
1008 2501 1104 2533 simul
1134 2502 1260 2533 vivere:
1289 2500 1372 2541 quod

410 2541 507 2573 honio
536 2543 597 2574 nisi
628 2550 760 2583 regatur
790 2543 993 2575 immanitate
1023 2544 1107 2575 feras
1137 2554 1249 2575 omnes
1279 2544 1373 2584 longe

410 2592 548 2625 superet.
593 2585 811 2624 Quamobrem
841 2586 1025 2618 hominibus
1055 2597 1074 2618 a
1096 2586 1167 2618 Deo
1197 2587 1278 2618 bene
1300 2596 1373 2618 con-

410 2627 530 2658 sultum
576 2632 769 2666 statuamus,
821 2639 920 2668 quum
967 2630 1033 2670 regi
1078 2636 1110 2661 et
1154 2629 1371 2661 administrari

410 2668 588 2701 humanum
618 2681 720 2711 genus
744 2671 838 2702 certis
862 2671 986 2712 legibus
1010 2673 1121 2710 voluit,
1151 2678 1183 2704 et
1205 2672 1256 2703 vel
1281 2681 1372 2712 reges

1205 225 1408 258 HOMILIA
1429 225 1606 258 LXXXV.

1309 1859 1374 1890 Nos
1398 1865 1399 1871 ¹

1092 2073 1177 2105 Nam
1200 2083 1278 2104 sane
1323 2083 1373 2104 os—
1398 2100 1399 2106 ,

408 2125 523 2147 sumus
553 2120 704 2154 tanquam
729 2115 763 2145 in
787 2115 917 2155 speculo
939 2115 1151 2156 contemplari
1174 2083 1372 2148 001111οΙ810-
1398 2122 1399 2134 ³

407 2157 553 2198 gularem
567 2156 629 2188 Dei
649 2167 726 2198 erga
745 2168 804 2189 nos
827 2169 926 2198 quum
950 2169 1053 2199 genus
1076 2159 1254 2190 humanum
1278 2158 1374 2191 certis
1399 2188 1401 2205 k

2338 227 2401 258 488

1435 330 1471 352 ac
1493 321 1664 360 principes,
1689 321 1737 351 vel
1762 321 1841 352 alios
1864 321 2075 361 magistratus
2098 331 2156 362 pro
2178 323 2269 353 varia
2293 332 2400 354 rerum

1434 363 1634 403 publicarum
1655 363 1779 394 ratione
1797 364 1875 403 ipsis
1898 364 2146 412 0111010011.Αο
2169 364 2304 405 proinde
2323 374 2400 396 sane

1406 407 1407 427 l
1434 416 1498 436 non
1523 406 1578 436 abs
1603 416 1635 436 re
1659 404 1778 437 dicitur
1800 406 1833 437 in
1854 408 1954 437 sacris
1966 406 2056 438 Deus
2079 408 2210 448 cingere
2233 406 2397 438 baltheum

1433 448 1562 488 regibus
1591 457 1627 478 ac
1650 448 1859 488 principibus,
1890 460 1988 489 quum
2013 450 2099 490 ipsos
2119 449 2159 481 ad
2183 449 2269 481 huuc
2292 448 2348 490 dig
2350 449 2398 480 ni-

1405 434 1508 521 ltatis
1548 490 1686 531 gradum
1720 491 1839 523 evehit.
1896 491 2022 531 Quibus
2057 492 2163 524 verbis
2197 492 2400 533 significatur

1405 533 1407 567 i
1433 534 1504 564 illos
1535 533 1652 564 armari
1685 534 1857 565 autoritate
1880 534 2000 574 divina,
2028 545 2092 566 non
2116 540 2244 566 tantum
2268 534 2307 565 ad
2330 534 2398 576 gla-

1433 576 1520 606 diuui
1541 575 1768 616 exercendum,
1789 582 1824 607 ut
1843 583 2041 616 metuantur,
2065 582 2098 609 et
2116 582 2151 609 ut
2170 577 2204 609 in
2224 577 2399 618 flagitiosos

1432 618 1711 649 inimadvertant:
1743 619 1797 650 sed
1828 620 1925 650 etiam
1955 626 1991 651 ut
2014 620 2152 652 honores
2175 619 2299 651 debitos
2321 629 2398 652 con-

1431 668 1616 700 sequantur.
1651 661 1695 692 Et
1714 661 1775 693 hoc
1798 661 1872 692 alibi
1887 662 1993 694 David
2016 662 2162 703 pluribus
2185 663 2398 703 persequitur,

1430 714 1527 744 quum
1570 704 1615 734 ait
1648 703 1755 735 Deum
1799 704 1924 744 aliquos
1958 704 1998 736 ad
2033 715 2194 736 summum
2230 705 2398 753 dignitatis

1402 759 1404 775 1
1429 746 1564 795 gradum
1584 747 1786 784 evehentem‚
1810 747 2013 778 maiestatem
2033 747 2192 787 quandam
2211 747 2398 788 imprimere

1402 798 1403 802 ¹
1430 790 1518 829 ipsis,
1547 799 1610 829 qua
1640 799 1704 820 non
1737 795 1863 821 tantum
1894 789 2088 829 hominibus,
2119 790 2174 822 sed
2199 791 2276 830 ipsis
2299 790 2395 822 etiam

1429 832 1647 863 animantibus
1677 837 1796 870 terrae,
1832 838 1864 864 et
1892 832 2077 864 volucribus
2107 833 2186 865 coeli
2214 833 2257 864 sit
2286 832 2396 864 formi-

1401 874 1403 895 1
1429 874 1553 905 dabilis.
1584 874 1667 906 Nam
1691 875 1811 915 alioqui
1835 886 1898 906 non
1923 881 2031 907 essent
2055 875 2218 923 principes
2240 875 2396 914 diuturni,

1401 907 1403 953 ἕ
1429 928 1617 957 summaque
1653 927 1762 949 rerum
1801 918 1947 949 omnium
1977 919 2096 958 passim
2126 924 2211 950 esset
2239 918 2396 955 confusio,

1401 966 1403 983 1
1429 961 1476 990 018
1464 959 1594 991 ·1Ι)008
1618 961 1804 992 institutum
1829 971 1847 991 a
1870 971 1904 992 se
1927 961 2074 992 ordinem
2098 961 2229 999 foveret,
2252 966 2284 992 et
2305 966 2396 992 metu

1428 1003 1566 1042 quodam
1598 1003 1752 1043 populum
1784 1003 1938 1035 retineret
1968 1003 2007 1035 ad
2034 1003 2190 1035 honorem
2213 1004 2253 1035 iis
2276 1003 2396 1035 haben-

1400 1063 1402 1089 ξ
1429 1046 1504 1076 dum
1536 1055 1615 1085 quos
1636 1045 1726 1077 Deus
1756 1046 1790 1077 in
1823 1046 1964 1086 aliquam
1997 1046 2188 1087 dignitatem
2215 1046 2341 1078 evexit:
2364 1052 2397 1077 et

1400 1096 1401 1111 ¹
1429 1088 1644 1120 formidabiles
1668 1099 1731 1126 eos,
1755 1094 1790 1120 ut
1813 1093 1889 1120 ante
1913 1089 1990 1127 dixi,
2014 1100 2078 1121 non
2102 1094 2231 1121 tantum
2256 1088 2396 1121 homini·

1429 1131 1494 1168 bus,
1520 1131 1573 1162 sed
1598 1132 1675 1171 ipsis
1698 1132 1794 1163 etiam
1819 1132 2037 1163 animantibus
2059 1131 2217 1164 redderet.

1513 1174 1557 1205 Et
1576 1174 1615 1205 de
1629 1174 1684 1206 illo
1700 1174 1761 1206 Dei
1778 1174 1934 1206 beneficio
1957 1174 2085 1215 politias
2105 1178 2336 1212 conservante,
2359 1178 2396 1206 ut

1427 1227 1530 1257 genus
1561 1216 1740 1248 humanum
1772 1217 1937 1254 subsistat,
1969 1217 2126 1249 hactenus
2158 1216 2278 1250 dictum
2308 1220 2393 1248 esto:

1427 1260 1491 1290 iam
1523 1270 1598 1291 vero
1622 1260 1708 1301 agite
1730 1259 1895 1300 sigillatim
1920 1259 2004 1300 quod
2028 1260 2067 1292 de
2091 1260 2216 1292 Davide
2240 1259 2394 1291 recitatur

1427 1301 1659 1351 expendamus.
1704 1302 1788 1334 Nam
1819 1302 1904 1343 quod
1935 1302 2068 1335 Saulem
2097 1308 2231 1334 unctum
2259 1302 2393 1333 Domini

1427 1344 1502 1375 licet
1521 1345 1686 1377 inimicum
1707 1340 1800 1377 suuni
1820 1350 1869 1377 est
1888 1346 2056 1383 reveritus,
2076 1345 2227 1377 omnibus
2245 1343 2393 1377 fidelibus

1428 1387 1540 1419 utilem
1564 1387 1745 1419 doctrinam
1767 1389 1928 1428 proponit,
1960 1395 1996 1419 ut
2019 1399 2089 1420 sese
2113 1389 2266 1420 nimirum
2289 1387 2391 1428 magi-

1427 1431 1582 1461 stratibus
1606 1431 1690 1462 ultro
1712 1431 1913 1462 submittant.
1952 1431 2064 1471 Neque
2087 1431 2173 1462 enim
2197 1441 2278 1472 quos
2300 1430 2392 1462 nobis

1426 1473 1516 1505 Deus
1543 1474 1698 1514 praefecit
1720 1480 1864 1505 metuere
1886 1473 2039 1505 debemus
2061 1478 2199 1511 tantum,
2230 1480 2267 1505 ut
2287 1472 2393 1505 solent

1426 1515 1525 1556 fures,
1556 1516 1697 1548 latrones
1725 1522 1780 1548 aut
1808 1516 1946 1556 denique
1976 1516 2127 1556 flagitiosi
2150 1516 2312 1554 homines;
2334 1515 2390 1547 sed

1426 1558 1523 1590 alacri
1554 1558 1663 1590 animo
1693 1570 1751 1591 nos
1781 1559 1860 1600 ipsis
1891 1559 2066 1597 subiicere,
2094 1559 2164 1590 sive
2192 1569 2294 1600 reges,
2322 1558 2391 1590 sive

1426 1601 1597 1642 principes,
1629 1603 1699 1634 sive
1722 1602 1775 1634 alii
1799 1602 1864 1633 sint
1886 1603 2106 1643 magistratus,
2133 1601 2390 1642 quandoquidem

1426 1644 1516 1675 nulla
1545 1650 1604 1683 est,
1634 1651 1669 1676 ut
1698 1645 1744 1676 ait
1774 1644 1904 1681 Paulus,
1934 1645 1997 1676 nisi
2026 1655 2044 1676 a
2070 1644 2210 1676 Domino
2238 1649 2390 1685 potestas.

1426 1686 1519 1726 Quod
1550 1697 1650 1727 quum
1680 1688 1725 1719 ita
1756 1688 1806 1725 sit,
1842 1687 1928 1719 ultro
1959 1697 2018 1719 008
2047 1687 2127 1728 ipsis
2156 1687 2302 1719 submitti
2332 1696 2391 1728 par

1398 1729 1399 1732 ’
1425 1735 1491 1767 est,
1531 1730 1669 1762 scientes
1704 1740 1763 1762 nos
1796 1713 1907 1762 Deum
1941 1730 2044 1762 colere
2078 1734 2111 1761 et
2145 1730 2291 1762 venerari
2324 1739 2390 1761 non

1398 1775 1399 1780 ’
1425 1782 1526 1811 posse,
1561 1773 1622 1804 nisi
1656 1783 1736 1814 quos
1769 1773 1837 1814 ipse
1871 1773 1964 1805 nobis
1999 1773 2151 1813 praefecit
2184 1773 2389 1804 honoremus.

1398 1815 1520 1847 'Hanc
1553 1816 1652 1856 igitur
1684 1815 1863 1848 doctrinam
1897 1827 1937 1847 ex
1968 1815 2096 1847 Davide
2127 1816 2298 1852 discamus,
2333 1814 2390 1863 qui

1426 1857 1556 1889 Saulem
1592 1858 1666 1890 licet
1697 1859 1952 1890 infensissimum
1986 1858 2154 1890 inimicum
2188 1858 2322 1890 haberet
2354 1857 2389 1888 10

1426 1901 1585 1940 manibus,
1602 1902 1812 1950 considerans
1835 1906 1942 1932 tamen
1962 1911 2035 1932 euni
2060 1907 2195 1933 unctum
2218 1900 2390 1932 aDomiuo

1425 1944 1530 1981 tuisse,
1555 1949 1585 1975 et
1607 1944 1640 1975 iu
1660 1945 1782 1986 regiam
1802 1944 1992 1985 dignitatem
2012 1951 2167 1983 evectum,
2190 1944 2303 1975 statuit
2321 1943 2392 1975 abs-

1425 1969 1592 2018 tinendum
1633 1997 1703 2019 esse
1747 1987 1787 2018 ab
1827 1987 1914 2019 omni
1956 1987 2076 2018 iniuria
2116 1993 2148 2018 et
2187 1985 2390 2018 contumelia.

1427 2029 1572 2069 Denique
1606 2029 1767 2062 discamus
1800 2030 1870 2062 Deo
1903 2029 2025 2061 servire
2058 2029 2210 2068 volentes,
2243 2034 2390 2069 oportere

1424 2082 1481 2102 nos
1494 2072 1605 2104 subiici
1616 2072 1765 2104 omnibus
1776 2083 1854 2113 quos
1878 2072 1970 2103 nobis
1993 2073 2154 2112 praefecit,
2177 2077 2209 2104 et
2230 2071 2388 2103 iustitiam

1425 2114 1652 2147 administrare
1682 2115 1795 2152 voluit,
1823 2116 1849 2147 si
1880 2114 2063 2146 rebellionis
2093 2115 2215 2146 crimen
2246 2115 2388 2155 effugere

1425 2158 1601 2197 cupiamus.
1646 2158 1730 2190 Nam
1762 2157 1916 2190 adversus
1945 2157 2050 2197 ipsum
2083 2158 2187 2188 Deum
2218 2157 2389 2197 insurgere

1426 2201 1596 2239 1111011101,
1635 2202 1689 2241 qui
1730 2199 1972 2241 magistratibus
2006 2200 2173 2231 rebellant.
2229 2199 2276 2240 Sp
2279 2199 2388 2232 ecialis

1398 2224 1400 2268 l
1425 2243 1563 2282 quidem,
1592 2245 1703 2280 t',ateor
1726 2244 1807 2275 ratio
1831 2244 1890 2275 fuit
1913 2243 2003 2283 regni
2027 2242 2118 2274 istius
2141 2209 2276 2281 Iudaicip,
2293 2242 2388 2283 quod,

1398 2273 1400 2314 l
1427 2291 1461 2315 iit
1495 2292 1568 2317 ante
1602 2286 1752 2324 diximus,
1787 2287 1891 2335 figura
1925 2285 1986 2316 fuit
2016 2285 2148 2316 Domini
2176 2286 2279 2317 nostri
2309 2285 2386 2317 Iesu

1426 2328 1566 2359 Christi.
1598 2340 1634 2361 ae
1666 2329 1800 2369 proinde
1823 2329 1944 2360 maiore
1967 2327 2126 2359 Davidem
2150 2328 2334 2360 reverentia
2355 2333 2389 2360 et

1426 2371 1607 2402 humilitate
1620 2371 1750 2404 ductum
1765 2370 1940 2404 verisimile
1953 2376 2010 2408 est,
2033 2381 2130 2410 quum
2145 2370 2178 2401 in
2198 2371 2386 2402 memoriam

1423 2423 1545 2444 sacram
1565 2414 1653 2445 illam
1675 2415 1856 2446 unctionem
1874 2413 2046 2445 revocavit.
2077 2412 2142 2445 Sed
2161 2417 2269 2445 tamen
2287 2413 2386 2445 etiam

1428 2456 1516 2486 illam
1548 2457 1586 2487 ad
1618 2458 1902 2497 praeeminentiam
1933 2455 2022 2487 illam
2053 2466 2070 2487 a
2099 2456 2169 2488 Deo
2202 2465 2386 2488 concessam

1424 2500 1604 2538 respexisse
1627 2511 1689 2531 non
1714 2507 1761 2532 est
1785 2500 1937 2532 dubium:
1967 2509 2004 2530 ac
2027 2498 2161 2540 proinde
2182 2498 2386 2531 existimasse

1425 2540 1555 2572 Saulem
1586 2543 1640 2582 qui
1664 2542 1808 2574 Samueli
1837 2547 2034 2575 successerat
2064 2543 2096 2574 in
2127 2551 2254 2572 summa
2278 2552 2386 2573 rerum

1425 2583 1710 2624 administratione,
1728 2589 1875 2626 oportere
1894 2585 2094 2617 dominatum
2113 2584 2261 2622 retinere,
2285 2583 2386 2617 donec

1424 2627 1617 2659 constitutus
1652 2639 1670 2659 a
1703 2611 1774 2660 Deo
1807 2628 1963 2659 terminus
1997 2627 2196 2669 impleretur,
2230 2633 2261 2658 et
2294 2627 2385 2658 Deus

1424 2670 1492 2710 ipse
1516 2668 1645 2702 Saulem
1670 2677 1920 2703 exauctorasset.
1955 2670 2023 2702 Nos
2045 2681 2121 2702 vero
2144 2670 2307 2702 discamus
2327 2679 2384 2700 ex-
