2551 3044
333 220 395 251 563

333 315 432 345 vitain
464 321 555 343 suam
589 308 759 343 dedebant,
784 318 865 346 quos
889 318 906 338 e
931 318 1028 338 manu
1054 306 1310 338 Philistaeorum
1336 321 1337 326 =

333 366 427 395 saepe
452 355 627 393 eripuerat,
652 358 683 382 et
707 362 765 391 pro
790 351 868 390 ipsis
893 349 1052 380 adversus
1077 350 1310 381 infensissimos

333 399 442 429 hostes
474 397 517 427 itu
545 396 767 434 depuguarat,
805 400 841 422 ut
873 393 988 423 merito
1019 391 1105 432 apud
1135 403 1247 423 omnes
1278 393 1310 423 in

334 441 456 471 honore
487 446 519 469 et
549 438 653 477 pretio
685 447 754 467 esse
783 434 954 466 debuerit?
1000 435 1067 466 Sed
1093 435 1212 475 ingrati
1236 442 1310 466 sunt

334 491 365 513 et
397 482 496 521 iniqui
530 479 660 516 Davidi,
690 486 721 509 et
754 478 920 518 indignam
952 478 1134 509 mercedem
1165 477 1310 508 laborum

334 527 361 556 ci
398 525 592 558 tribuerunt,
629 532 727 561 quum
764 521 816 552 alii
850 521 955 560 ipsum
990 520 1220 560 prodiderunt,
1257 520 1311 550 alii

334 568 433 598 urinis
458 566 621 605 insequuti
645 570 731 595 sunt.
767 563 894 602 Quibus
921 563 1072 594 omnibus
1096 565 1237 603 peccatis
1263 564 1311 593 in-

336 610 455 648 voluti,
487 620 564 639 sanc
595 610 727 637 fuerunt
759 606 940 645 dignissimi
969 617 1048 646 quos
1072 607 1162 637 Deus
1186 606 1310 646 gravis-

336 664 415 683 sune
431 654 571 692 puniret.
596 650 766 688 Quantum
781 649 867 679 enim
883 656 1049 688 peecatum
1070 655 1119 680 est
1139 649 1309 679 innoxium

336 697 527 733 sanguinem
562 692 712 728 sundere,
747 699 894 731 potestne
925 693 1122 732 impunitum
1155 690 1309 722 manere?

337 738 407 768 Etsi
424 748 498 768 vero
517 736 673 767 Davidem
695 734 822 774 quidem
838 746 901 765 non
926 735 1169 774 interfecerunt,
1194 734 1311 764 millies

339 787 446 811 tamen
465 792 502 810 ex
527 780 668 819 ipsorum
691 778 857 808 voluntate
882 787 1029 808 mortuus
1053 784 1112 817 est,
1136 784 1171 808 ut
1196 777 1310 806 merito

337 824 445 853 caedis
479 823 563 853 illius
587 831 692 851 eoram
718 820 860 852 Domino
891 821 935 852 rei
967 821 1043 851 siut.
1089 820 1310 858 Quamobrem

340 877 379 895 ne
400 876 518 895 novutn
539 872 569 895 et
592 864 736 895 insolens
760 864 853 894 nobis
878 863 1027 894 videatur
1041 862 1148 893 Deum
1174 862 1311 902 punien-

339 915 400 938 teni
435 908 583 941 Saulem,
621 907 651 937 in
685 906 768 937 idem
801 906 996 946 supplicium
1028 907 1123 936 etiam
1157 904 1309 944 populum

338 951 532 987 involvisse,
574 948 834 989 quandoquidem
876 960 988 979 omnes
1026 949 1174 979 certatim
1211 947 1311 987 ipsius

338 994 418 1023 iram
450 993 608 1023 adversus
639 1003 673 1023 se
705 992 790 1031 ipsos
820 998 1046 1031 provocarant.
1092 991 1179 1021 Hine
1203 990 1311 1028 itaque

338 1036 499 1066 discamus
525 1035 633 1065 Deum
667 1034 834 1065 ardentius
869 1045 965 1074 quam
1000 1034 1141 1065 solemus
1166 1033 1309 1072 precari:

338 1079 428 1109 uobis
446 1079 531 1109 enim
550 1077 783 1117 persuademus
800 1077 904 1107 Deum
926 1078 952 1108 si
974 1088 1038 1107 non
1062 1077 1164 1115 prinu»
1185 1085 1311 1114 quoque
1336 1083 1337 1087 ¹

339 1131 481 1160 tempore
512 1120 636 1156 flagitia
662 1120 827 1150 hominum
854 1120 947 1159 punit
973 1119 1149 1149 eorundem
1174 1118 1310 1148 oblitum

333 1175 417 1199 esse,
450 1170 481 1194 et
516 1163 591 1194 inde
625 1163 834 1193 occasionem
859 1162 1018 1193 sumimus
1055 1161 1147 1192 nobis
1182 1160 1311 1190 delitias

335 1205 481 1243 faciendi,
516 1214 547 1237 et
579 1205 677 1236 veluti
711 1205 794 1235 laxis
829 1204 964 1235 habenis
989 1206 1021 1234 in
1047 1204 1208 1243 quaelibet
1235 1203 1310 1233 vitia

334 1260 390 1289 spe
411 1249 618 1288 impunitatis
639 1247 764 1279 ruendi.
789 1246 854 1278 Sed
872 1248 961 1277 Deus
986 1253 1115 1286 peccata
1140 1246 1311 1276 hominum
1337 1246 1338 1260 ¹

334 1303 399 1323 non
424 1291 636 1327 obliviscitur,
662 1301 745 1329 quae
771 1290 844 1320 licet
872 1296 981 1320 vetera
1005 1290 1071 1320 sint
1095 1300 1152 1319 suo
1178 1288 1310 1319 tandem
1337 1293 1339 1322 l

337 1343 482 1373 tempore
513 1334 619 1373 punit.
665 1333 714 1363 Ac
743 1343 821 1363 sane
845 1332 1046 1371 experientia
1070 1331 1173 1362 edocti
1198 1341 1311 1370 sapere

336 1377 501 1408 debemus.
548 1376 631 1407 Nam
664 1375 749 1405 unde
780 1376 824 1411 fit,
855 1375 996 1408 obsecro,
1031 1381 1066 1405 ut
1096 1374 1191 1404 multi
1215 1383 1311 1413 saepe

338 1421 406 1451 Deo
436 1419 524 1459 ipsos
553 1418 720 1458 affligente
749 1418 960 1448 vehementer
984 1417 1140 1453 laborent,
1165 1421 1196 1447 et
1220 1416 1312 1446 anxii

336 1463 416 1500 sint,
448 1471 626 1500 causasque
657 1461 827 1500 requirant
857 1471 955 1500 quare
986 1459 1094 1490 Deum
1127 1470 1200 1490 cum
1233 1459 1311 1498 ipsis

336 1511 413 1545 agat
438 1512 501 1534 tam
527 1502 664 1534 severe?
708 1503 771 1534 scd
799 1514 861 1533 non
887 1509 1039 1533 revocant
1063 1503 1095 1532 in
1121 1502 1310 1532 memoriam

337 1547 532 1587 praeteritos
565 1546 643 1584 dies,
673 1552 704 1576 et
735 1545 916 1585 superiores
947 1555 1051 1576 annos
1081 1545 1198 1585 quibus
1221 1544 1312 1574 Deus

338 1590 425 1630 ipsos
441 1589 602 1625 toleravit,
627 1595 657 1618 et
677 1588 794 1628 quibus
816 1594 922 1618 tamen
947 1587 1069 1618 malum
1093 1587 1179 1618 malo
1203 1597 1313 1617 cumu-

339 1633 405 1663 lare
438 1642 502 1662 non
534 1631 710 1667 desierunt,
741 1637 776 1661 ut
810 1631 923 1661 merito
954 1630 1106 1670 deinceps
1130 1640 1250 1670 poenas
1273 1629 1313 1660 ab

338 1675 418 1714 ipsis
443 1674 534 1704 Deus
571 1678 706 1713 repetat,
741 1672 826 1713 quod
859 1684 920 1704 non
957 1672 1113 1704 exciderit
1145 1673 1216 1703 iure
1247 1683 1314 1711 suo,

340 1727 445 1756 neque
477 1716 584 1747 deleta
609 1716 675 1747 sint
698 1716 842 1756 ipsorum
868 1722 1007 1755 peccata,
1039 1716 1099 1746 etsi
1122 1716 1161 1746 ad
1186 1719 1314 1754 tempus

340 1761 371 1791 in
397 1770 435 1790 ea
459 1769 522 1789 non
547 1758 789 1789 animadvertit.
814 1758 928 1798 Itaque
948 1758 1065 1789 animis
1090 1758 1208 1788 nostris
1228 1757 1314 1788 istud

340 1802 437 1833 altius
468 1801 641 1840 infigamus
664 1800 772 1832 Deum
805 1807 989 1841 peccatores
1021 1800 1061 1831 ad
1083 1806 1212 1839 tempus
1235 1800 1316 1830 tole-

342 1849 482 1881 rantem,
494 1844 520 1874 si
535 1844 768 1883 poenitentiam
784 1854 846 1874 uon
861 1844 999 1883 egerint,
1013 1854 1071 1874 nec
1091 1842 1131 1873 ad
1151 1842 1316 1873 meliorem
1342 1847 1343 1854 ¹

342 1888 470 1927 frugem
503 1885 668 1922 redierint,
702 1886 854 1926 colligere
886 1893 1040 1925 tanquam
1069 1887 1100 1915 in
1127 1885 1316 1916 fasciculum

343 1932 486 1969 ipsorum
519 1935 668 1968 peccata.
704 1934 735 1959 et
767 1929 960 1960 sententiam
996 1928 1124 1959 tandem
1162 1927 1318 1958 adversus

342 1973 430 2013 ipsos
455 1974 548 2003 ferre.
587 1970 807 2009 Quamobrem
833 1982 868 2002 eo
893 1972 997 2002 maior
1021 1970 1203 2001 adhibenda
1228 1971 1318 2000 nobis

345 2015 450 2047 cautio
464 2020 522 2051 est,
547 2024 587 2044 ne
608 2014 642 2044 in
663 2015 802 2053 peccatis
827 2014 947 2045 nostris
972 2013 1094 2044 diutius
1117 2013 1319 2047 haereamus,

344 2057 399 2089 sed
432 2063 541 2087 tamen
572 2056 712 2087 admisso
743 2056 900 2087 adversus
930 2056 1037 2087 Deum
1071 2063 1201 2096 peccato
1232 2056 1319 2095 inge·
1344 2070 1345 2079 κ

345 2100 532 2136 miscamus,
555 2104 587 2130 et
607 2099 738 2130 veniam
757 2099 796 2130 ab
816 2099 887 2139 ipso
911 2098 1130 2138 deprecemur,
1156 2104 1192 2128 ut
1213 2108 1319 2129 coram

345 2144 414 2182 ipso
438 2142 648 2181 sepeliantur.
1346 2135 1347 2149 ¹

434 2184 623 2223 Sequuntur
654 2184 770 2215 deinde
802 2184 902 2214 verba
925 2183 998 2214 illa:
1033 2182 1113 2215 Cras
1136 2183 1218 2213 enim
1241 2184 1274 2212 tu
1296 2185 1322 2212 et
1346 2163 1347 2209 l

345 2227 407 2267 filii
431 2228 476 2258 tui
500 2237 616 2258 mecum
639 2227 737 2258 eritis.
769 2226 897 2265 Quibus
921 2227 1028 2257 verbis
1052 2226 1181 2264 quidam
1208 2224 1322 2255 volunt
1346 2230 1351 2422 ι

348 2270 511 2301 diabolum
539 2270 705 2308 loquutum
731 2269 839 2305 fuisse,
865 2274 897 2299 et
920 2268 1053 2300 Saulem
1079 2267 1250 2308 reprobum
1266 2267 1322 2297 ho-

348 2313 471 2343 minem
503 2322 566 2342 non
598 2313 742 2351 potuisse
766 2322 783 2341 a
808 2311 879 2342 Deo
903 2311 1156 2342 misericordiam
1181 2320 1321 2350 sperare,

349 2366 385 2387 ac
410 2354 543 2394 proinde
568 2355 649 2385 filios
669 2355 766 2385 etiam
787 2354 898 2385 Saulis
919 2353 1021 2385 videri
1046 2364 1063 2384 a
1085 2354 1153 2384 Deo
1179 2353 1323 2390 reiectos,

350 2404 381 2429 et
405 2397 508 2427 eidem
535 2397 603 2428 irae
628 2397 690 2427 Dei
714 2397 764 2428 cui
788 2402 880 2437 pater
903 2397 1071 2427 obnoxios.
1105 2395 1170 2427 Sed
1196 2395 1265 2429 etsi.
1289 2401 1325 2425 ut

350 2445 427 2471 ante
450 2439 608 2477 diximus,
632 2444 795 2479 spectrum
821 2439 879 2469 fuit
903 2439 986 2479 quod
1011 2438 1144 2470 Saulem
1168 2437 1228 2468 sub
1251 2447 1324 2477 per·
1348 2439 1351 2484 l

351 2494 429 2514 sona
455 2482 619 2513 Samuelis
643 2482 876 2521 alloquebatur,
901 2488 1010 2512 tamen
1035 2492 1099 2512 non
1124 2480 1198 2511 inde
1221 2484 1325 2520 potest

352 2525 589 2556 maledictionis
606 2530 757 2555 aeternae
775 2524 939 2555 sententia
958 2524 1021 2555 dici
1044 2524 1218 2554 adversum
1242 2522 1326 2553 filios

354 2567 463 2599 Saulis
482 2567 557 2603 lata,
581 2567 637 2598 sed
659 2566 831 2598 vorborum
857 2567 991 2598 istorum
1017 2577 1132 2598 sensns
1156 2576 1226 2596 esse
1249 2565 1325 2596 sim-

353 2610 551 2650 plicissimus
584 2609 728 2647 videtur,
766 2609 907 2640 crastino
937 2610 988 2640 die
1018 2608 1152 2640 Saulem
1182 2613 1214 2638 et
1243 2607 1326 2638 filios

354 2653 541 2683 morituros.
567 2651 741 2691 Spectrum
765 2652 850 2683 enim
877 2651 956 2682 illud
981 2651 1064 2692 quod
1089 2651 1223 2683 Saulem
1248 2649 1326 2680 allo-

1203 213 1405 244 HOMILIA
1434 212 1489 243 CI.

2270 210 2333 239 664

1364 306 1524 346 quebatur
1565 315 1680 336 verum
1715 304 1902 336 Samuelem
1941 303 2115 334 simulabat
2150 313 2167 334 a
2201 305 2336 335 mortuis

1363 355 1542 380 evocatum.
1595 348 1710 387 Itaque
1745 346 1909 378 communi
1947 345 2001 376 illa
2037 345 2186 385 loquendi
2226 345 2336 386 phrasi

1363 392 1531 422 utebatur:
1556 391 1607 421 'ru
1632 401 1757 421 mecum
1782 390 1856 425 eris,
1882 388 1913 419 id
1937 395 1985 419 est
2011 393 2045 419 tu
2067 388 2224 419 morieris.
2268 389 2335 419 Alii

1363 445 1440 465 vero
1464 435 1497 464 in
1518 433 1569 464 his
1590 433 1697 463 verbis
1717 438 1879 473 quaerunt
1902 431 2101 461 iustificandi
2115 431 2225 462 Saulis
2249 440 2338 463 occa-

1363 478 1502 512 sionem,
1533 476 1625 516 quasi
1655 476 1887 515 poenitentiam
1920 474 2039 513 egisset
2069 479 2101 504 et
2132 484 2201 504 sese
2228 484 2336 505 eoram

1363 520 1434 550 Deo
1466 519 1680 556 humiliasset,
1708 518 1843 558 ideoque
1874 517 2010 547 meritus
2041 522 2125 547 esset
2149 521 2185 547 ut
2209 517 2338 547 veniam

1336 592 1337 603 ,
1363 572 1381 592 a
1404 562 1475 592 Deo
1506 567 1711 600 peccatorum
1735 565 1995 599 consequeretur,
2030 564 2062 590 et
2086 569 2158 589 cum
2184 558 2338 590 Samuele

1363 611 1458 634 esset.
1505 604 1629 634 Verum
1660 603 1749 634 nulla
1780 604 1903 633 ratione
1928 602 2044 631 nititur
2068 601 2147 633 haec
2169 602 2337 642 expositio,

1363 647 1521 686 siquidem
1554 647 1770 686 poenitentiae
1802 645 1912 677 Saulis
1944 644 2034 674 nulla
2062 644 2115 675 hic
2144 645 2181 675 fit
2205 645 2337 681 mentio,

1336 696 1337 733 l
1363 689 1559 720 sedtantum
1583 689 1714 728 pavoris
1737 688 1791 728 qui
1816 688 1956 718 multum
1981 687 2072 718 abest
2095 698 2114 718 a
2138 687 2339 727 poenitentia

1336 736 1337 763 i
1363 739 1394 763 et
1419 742 1495 762 vera
1518 731 1712 769 humilitate,
1739 737 1770 762 et
1793 730 1832 761 ad
1857 730 1964 760 Deum
1989 730 2211 761 conversione.
2248 728 2337 768 Qua-

1363 774 1506 806 mobrem
1540 786 1579 805 ex
1605 774 1712 805 verbis
1736 774 1806 804 istis
1830 773 1938 812 colligi
1963 783 2027 802 non
2049 777 2155 812 potest
2178 781 2338 812 quaenam

1363 817 1472 849 Saulis
1496 817 1593 848 fuerit
1624 823 1694 857 post
1719 823 1854 847 mortem
1880 816 1988 846 futura
2012 814 2165 851 conditio,
2190 814 2338 855 quando-

1363 861 1492 900 quidem
1537 870 1600 890 uon
1643 860 1726 890 alius
1765 865 1814 890 est
1844 859 2017 889 verborum
2054 858 2189 888 istorum
2224 867 2339 888 sensus

1364 914 1458 942 quam
1475 902 1606 934 Saulem
1630 913 1696 933 una
1719 913 1790 932 cum
1816 901 1891 932 filiis
1916 902 2001 931 inter
2025 908 2172 931 mortuos
2194 900 2338 932 crastino

1364 946 1414 976 die
1446 946 1524 976 fore.
1570 945 1673 976 Porro
1702 945 1736 975 in
1761 944 1835 976 filiis
1859 944 1922 974 illis
1946 943 1984 974 de
2008 943 2124 982 quibus
2148 944 2183 974 fit
2207 943 2338 981 mentio,

1364 989 1567 1019 Ionathanus
1590 988 1791 1024 censebatur,
1822 995 1959 1017 mortem
1984 996 2057 1017 cum
2083 986 2152 1025 ipso
2175 986 2338 1026 oppetitu—

1364 1042 1430 1067 rus,
1454 1032 1546 1063 cuius
1566 1036 1663 1061 antea
1682 1029 1826 1061 vidimus
1849 1029 1945 1060 fidem
1971 1036 2002 1059 et
2027 1028 2258 1069 integritatem,
2283 1028 2338 1068 qui

1363 1073 1492 1105 foedere
1531 1084 1603 1105 cum
1635 1072 1762 1103 Davide
1792 1073 1875 1103 facto
1905 1077 2020 1111 sponte
2050 1071 2113 1101 Dei
2146 1072 2273 1101 decreto
2307 1075 2340 1101 et

1364 1117 1522 1148 voluntati
1546 1126 1616 1147 sese
1640 1116 1784 1153 subiecit,
1813 1115 1965 1154 regiaque
1989 1114 2146 1153 dignitate
2170 1123 2253 1153 quae
2275 1113 2339 1153 ipsi

1336 1185 1338 1190 ,
1364 1159 1541 1190 debebatur
1564 1169 1633 1189 sese
1657 1158 1743 1189 ultro
1767 1156 1937 1193 abdicavit,
1962 1161 1998 1187 ut
2017 1167 2115 1196 quum
2136 1156 2339 1187 Ionathanus

1365 1209 1411 1232 tot
1443 1202 1620 1233 virtutibus
1651 1201 1789 1241 insignis
1821 1200 1919 1230 fuerit
1950 1209 2014 1229 non
2047 1200 2145 1238 possit
2172 1199 2203 1229 in
2229 1209 2339 1240 repro-

1364 1244 1480 1275 borum
1506 1255 1679 1274 numerum
1703 1243 1809 1280 referi,
1834 1241 1890 1273 sed
1914 1252 2000 1273 mors
2024 1242 2112 1273 illius
2143 1242 2194 1272 his
2230 1241 2340 1273 verbis

1365 1288 1578 1328 significetur.

1454 1330 1615 1369 Deinceps
1640 1339 1715 1359 vero
1739 1328 1857 1359 dicitur
1880 1327 1961 1358 Saul
1985 1327 2138 1358 cecidisse
2162 1327 2194 1357 in
2220 1332 2340 1357 terram

1365 1373 1475 1404 verbis
1499 1373 1564 1403 illis
1586 1370 1872 1403 Pseudosamuelis
1896 1371 2158 1409 perterrefactus.
2194 1370 2244 1400 Ex
2269 1369 2340 1409 qui-

1367 1416 1425 1446 bus
1461 1415 1570 1446 verbis
1604 1415 1766 1445 discamus
1800 1419 1920 1453 quanta
1955 1412 1997 1443 sit
2032 1412 2122 1443 verbi
2156 1411 2257 1443 divini
2291 1413 2342 1443 vis

1366 1459 1525 1489 adversus
1550 1463 1742 1497 peccatores,
1766 1461 1802 1487 ut
1826 1466 1862 1486 eo
1886 1455 2001 1485 terreri
2021 1454 2236 1485 vehementer
2254 1454 2341 1495 ipsos

1367 1506 1524 1541 oporteat,
1549 1506 1580 1531 et
1599 1499 1726 1539 quidem
1751 1499 1821 1529 sine
1846 1498 1912 1529 ulla
1935 1508 1991 1537 spe
2015 1497 2254 1528 misericordiae
2277 1497 2341 1528 nisi

1368 1544 1456 1575 Deus
1480 1545 1548 1583 ipse
1573 1542 1735 1573 mentibus
1759 1551 1869 1572 eorum
1894 1540 2148 1572 consolationem
2176 1540 2343 1577 immittat,

1367 1586 1451 1627 quod
1482 1586 1632 1625 exemplo
1655 1584 1767 1616 Saulis
1798 1584 1833 1614 fit
1866 1583 1959 1614 nobis
1990 1583 2206 1623 perspicuum.
2252 1582 2343 1613 Tulit

1367 1630 1453 1660 enim
1489 1629 1644 1660 adversus
1678 1637 1750 1658 cum
1782 1626 1873 1657 Deus
1907 1626 2121 1662 sententiam,
2155 1634 2342 1665 quanquam

1367 1673 1467 1713 ipsius
1499 1671 1618 1702 diaboli
1647 1670 1707 1701 sub
1738 1675 1865 1709 spectro
1896 1669 2060 1708 loquentis
2083 1668 2280 1706 ministerio,
2310 1670 2344 1698 et

1368 1714 1461 1746 Sauli
1482 1724 1575 1745 suam
1595 1713 1798 1743 voluntatem
1819 1711 1971 1751 patefecit
1994 1721 2032 1741 ea
2056 1712 2189 1747 ratione,
2214 1715 2250 1741 ut
2273 1710 2343 1741 sine

1368 1758 1482 1788 solatio
1508 1762 1694 1787 terreretur.
1726 1755 1810 1785 Nam
1834 1755 1859 1785 si
1884 1754 1954 1784 Deo
1979 1758 2093 1794 gratus
2118 1753 2230 1785 fuisset
2253 1752 2343 1791 Saul,

1368 1800 1460 1830 Deus
1492 1800 1588 1830 etiam
1623 1798 1673 1828 vel
1703 1808 1761 1838 per
1785 1797 1948 1837 angelum,
1982 1796 2031 1827 vel
2063 1806 2120 1836 per
2150 1795 2343 1836 prophetam

1370 1843 1414 1873 sic
1446 1842 1475 1873 ei
1500 1841 1701 1873 voluntatem
1725 1850 1816 1871 suam
1842 1839 2057 1879 patefecisset,
2081 1843 2118 1869 ut
2141 1844 2249 1870 tamen
2273 1848 2345 1878 per-

1371 1886 1577 1916 terrefactum
1602 1884 1771 1915 solaretur.
1807 1881 1871 1914 Sed
1896 1891 1992 1921 quam
2019 1882 2153 1912 meritus
2177 1887 2248 1912 erat
2269 1891 2343 1912 sen-

1371 1929 1505 1958 tentiam
1538 1927 1680 1962 audivit,
1709 1936 1771 1965 qua
1803 1926 1995 1956 terrefactus
2019 1923 2172 1961 concidit,
2203 1929 2236 1954 et
2260 1924 2345 1954 vires

1371 1981 1483 2001 omnes
1504 1969 1613 2000 amisit
1632 1979 1672 1999 ex
1697 1967 1879 1999 sententiae
1903 1967 2031 1997 divinae
2055 1966 2213 1997 adversus
2236 1966 2344 2005 ipsum

1344 2044 1345 2052 ,
1372 2013 1504 2044 horrore
1537 2012 1576 2043 ad
1604 2022 1697 2051 quem
1722 2011 1818 2042 etiam
1844 2009 2017 2041 accedebat
2040 2009 2190 2040 debilitas
2215 2009 2343 2046 virium,

1373 2055 1455 2095 quod
1470 2066 1586 2095 panem
1601 2061 1696 2085 antea
1715 2064 1777 2083 non
1803 2052 2002 2088 comedisset,
2027 2057 2058 2082 et
2081 2051 2217 2092 pedibus
2241 2057 2343 2081 totam

1344 2126 1346 2132 ,
1374 2104 1498 2128 noctem
1515 2098 1575 2127 iter
1594 2096 1793 2128 confecisset.
1818 2095 1920 2126 Porro
1941 2095 1993 2125 hic
2016 2093 2254 2125 observandum
2279 2104 2344 2124 nou

1374 2140 1485 2170 eodem
1507 2150 1636 2179 semper
1655 2139 1749 2169 modo
1768 2138 1924 2169 adversus
1945 2142 2126 2177 peccatores
2140 2135 2247 2167 Deum
2272 2146 2345 2167 sen-

1346 2210 1348 2226 ,
1375 2184 1510 2213 tentiam
1542 2184 1642 2213 ferre:
1675 2190 1906 2220 nonnunquam
1939 2180 2024 2209 enim
2050 2185 2178 2209 tantum
2201 2179 2347 2209 minatur

1375 2235 1473 2264 quum
1499 2225 1641 2255 maxime
1665 2223 1882 2264 propinquum
1907 2222 2039 2253 videtur
2057 2222 2158 2262 ipsius
2179 2222 2345 2252 iudicium.

1377 2268 1431 2298 sic
1452 2267 1564 2298 Ionam
1590 2267 1629 2297 ad
1652 2267 1817 2298 Ninivitas
1837 2265 1971 2295 missum
1997 2264 2148 2294 videmus
2176 2264 2238 2294 Dei
2262 2263 2347 2294 iudi-

1375 2311 1459 2341 cium
1490 2316 1642 2349 tanquam
1674 2309 1848 2340 imminens
1879 2307 2022 2347 ipsorum
2059 2307 2132 2337 urbi
2168 2306 2342 2337 denuncia-

1377 2358 1494 2386 turum,
1530 2363 1630 2392 quum
1667 2358 1772 2381 tamen
1810 2350 1868 2381 hae
1900 2350 2023 2380 ratione
2047 2349 2138 2380 Deus
2170 2349 2208 2380 ad
2236 2349 2348 2389 poeni-

1377 2395 1510 2425 tentiam
1543 2395 1640 2425 vellet
1671 2394 1757 2434 ipsos
1780 2402 1956 2433 provocare
1980 2392 2199 2432 quadraginta
2222 2391 2349 2422 dierum

1376 2438 1481 2476 spatio
1505 2447 1666 2468 concessO.
1701 2435 1788 2467 Sane
1814 2435 1902 2465 Dens
1926 2434 1986 2465 hac
2009 2434 2261 2465 comminatione
2284 2443 2348 2464 non

1377 2486 1441 2509 tam
1457 2479 1673 2510 condemnare
1693 2479 1778 2518 ipsos
1801 2483 1833 2507 et
1856 2477 1974 2507 iudicio
1998 2487 2056 2507 suo
2080 2476 2228 2508 addicere
2252 2485 2349 2516 quam

1377 2521 1551 2552 admonere
1583 2521 1691 2558 voluit,
1720 2526 1753 2551 et
1780 2519 1820 2550 ad
1851 2525 2057 2559 peccatorum
2087 2519 2287 2560 agnitionem
2318 2522 2352 2549 et

1378 2564 1613 2603 poenitentiam
1643 2563 1794 2598 excitare,
1827 2569 1863 2593 ut
1894 2562 2041 2602 precibus
2071 2562 2111 2592 ad
2138 2561 2246 2592 Deum
2278 2570 2351 2591 eon-

1379 2607 1464 2637 versi
1496 2607 1623 2637 veniam
1646 2606 1866 2645 impetrarent,
1898 2605 1983 2644 quod
2008 2610 2040 2635 et
2063 2604 2102 2635 ab
2125 2604 2204 2644 ipsis
2228 2603 2350 2635 factum

1380 2648 1538 2680 videmus.
1562 2649 1669 2688 Atque
1688 2648 1767 2678 haee
1787 2648 1868 2678 ratio
1893 2651 1941 2678 est
1964 2651 2150 2687 peccatores
2174 2646 2214 2677 ad
2238 2645 2350 2686 poeni-
