2551 3044
136 209 195 239 421

398 296 641 339 HOMILIA
666 293 832 334 LXXX.

222 387 251 418 6.
275 386 318 417 Et
346 383 466 416 audivit
497 381 576 413 Saul
605 378 687 419 quod
715 378 916 418 apparuisset
942 377 1050 409 David
1072 380 1098 408 et
1123 391 1125 400 ι

137 430 200 463 viri
221 429 275 469 qui
297 425 383 459 erant
404 435 471 457 cum
494 434 535 455 eo.
567 422 644 454 Saul
666 423 767 452 autem
790 431 886 460 quum
907 423 1043 451 maneret
1064 421 1097 451 in

140 472 261 510 Gabaa,
283 473 309 501 et
330 471 405 501 esset
425 469 459 499 in
481 475 600 498 nemore
622 464 703 503 quod
722 466 765 495 cst
788 464 822 494 in
838 463 953 501 Rama,
976 463 1099 494 hastam

137 525 233 547 manu
255 517 366 551 tenens,
395 510 551 549 cunctique
573 508 654 539 servi
677 507 744 538 eius
766 507 997 538 circumstarent
1020 516 1098 545 ema,

137 558 182 590 ait
204 557 245 588 ad
265 564 368 587 servos
388 562 461 584 suos
482 552 537 591 qui
565 549 750 581 assistebant
777 550 821 580 ci:
863 549 891 580 7.
915 549 1033 580 Audite
1053 559 1099 579 me

136 609 215 632 nunc
232 598 294 638 filii
314 596 445 628 Ienzini:
467 593 619 633 numquid
641 592 782 623 omnibus
802 592 886 623 vobis
908 591 992 622 dabit
1011 591 1099 630 filius

137 642 208 674 Isai
229 649 320 681 ayros
342 641 369 670 et
389 638 506 675 vineas,
528 639 556 667 et
579 636 741 666 universos
758 645 812 666 vos
832 635 926 674 faciet
948 633 1098 672 tribunos,

135 686 162 717 et
182 681 394 715 centuriones?
427 680 455 711 8.
482 679 636 719 Quoniam
658 677 846 709 coniurastis
868 687 971 708 omnes
990 677 1099 708 adver-

133 736 203 758 sum
234 735 291 762 me,
324 727 352 756 et
383 733 442 754 non
472 724 514 754 est
536 722 590 761 qui
613 720 691 752 milii
713 721 880 758 renunciet,
914 720 1051 751 maxime
1073 722 1100 751 et

132 769 220 809 filius
241 777 327 799 meus
347 766 457 806 foedus
479 765 584 795 inierit
605 773 673 795 cum
694 762 760 801 filio
774 763 868 794 Isai?
893 763 966 794 Non
985 765 1028 794 est
1045 762 1100 802 qui

134 812 228 844 vicem
248 819 348 842 meam
370 809 468 840 doleat
489 818 526 839 ex
537 806 620 838 vobis
640 806 694 845 qui
709 805 952 837 anuntietmilii:
975 815 1007 836 eo
1018 805 1101 844 quod

134 853 327 886 suscitaverit
346 851 435 892 silius
457 860 543 882 meus
566 859 688 881 servum
710 858 811 879 meum
832 849 997 879 adversum
1019 848 1100 879 insi·

134 897 269 929 diantcm
287 905 383 935 usque
403 894 501 925 hodie.
533 893 563 924 9.
588 892 790 930 Respondens
810 893 911 922 autem
924 890 1011 931 Doey
1023 891 1100 922 Idu-

133 949 239 971 maeus
257 939 311 979 qui
332 937 504 975 assistebat,
527 938 554 967 et
573 937 638 966 erat
654 935 784 973 primus
801 934 880 965 inter
897 944 999 965 servos
1012 933 1100 964 Saul.

142 982 224 1020 Vidi,
259 981 368 1021 inquit,
395 979 498 1019 filium
524 978 595 1010 Isai
621 978 656 1008 in
680 977 765 1008 Nobe
793 977 879 1016 apud
908 976 1101 1008 Aeliimelecli

132 1025 236 1065 filium
257 1022 396 1055 Achitob.
443 1021 490 1053 10.
520 1021 581 1060 Qui
607 1020 760 1052 consuluit
785 1030 845 1059 pro
872 1029 906 1050 eo
929 1019 1102 1051 Dominum

134 1070 161 1099 et
182 1067 302 1099 cibaria
324 1066 408 1097 dedit
429 1065 475 1096 ei:
496 1065 550 1096 sed
572 1066 598 1095 et
618 1063 762 1104 {stadium
787 1062 915 1094 Goliam
934 1062 1102 1094 Pltilistaei

134 1110 218 1142 dedit
240 1110 299 1141 illi.

219 1194 311 1234 Quae
351 1198 532 1234 sequuntur
564 1191 657 1223 nobis
698 1190 892 1231 explicanda
931 1190 1101 1222 continent

135 1248 244 1270 eorum
267 1241 421 1269 eventum
444 1246 525 1276 quae
549 1234 658 1266 David
680 1234 853 1266 formidare
876 1237 1035 1273 potuerat,
1065 1237 1100 1264 ut

133 1280 234 1321 ipsius
256 1279 450 1311 tentationes
470 1279 680 1310 vehementer
699 1282 813 1309 auctae
836 1276 917 1308 sint:
941 1286 1018 1307 nam
1037 1286 1100 1316 quo

133 1327 275 1363 tempore
304 1322 462 1362 propheta
495 1321 590 1352 iussit
621 1320 783 1351 Davidem
814 1319 847 1350 in
873 1324 996 1350 terram
1018 1319 1100 1350 Iuda

133 1366 254 1404 venire,
283 1375 355 1405 spes
385 1365 491 1405 aliqua
521 1364 653 1396 suberat
683 1363 826 1404 mitigari
859 1372 952 1402 posse
983 1372 1001 1392 a
1030 1362 1100 1393 Deo

135 1408 243 1441 Saulis
261 1408 413 1445 furorem,
447 1413 478 1438 et
505 1407 649 1447 aliquam
668 1406 809 1437 inveniri
828 1415 920 1446 posse
940 1405 1100 1436 rationem

133 1461 197 1492 qua
218 1450 327 1483 David
350 1450 443 1482 Sauli
466 1450 702 1487 conciliaretur,
726 1453 759 1480 et
782 1458 855 1480 cum
877 1448 946 1488 ipso
970 1448 1004 1478 in
1027 1457 1099 1488 gra-

133 1494 211 1525 tiam
233 1493 361 1532 rediret,
389 1493 594 1534 prioremque
624 1492 731 1522 locum
761 1501 798 1523 ac
829 1490 1021 1532 dignitatem
1047 1490 1100 1521 ob-

133 1537 260 1575 tineret,
283 1546 364 1576 quae
386 1536 523 1567 mutatio
545 1545 609 1566 non
632 1539 702 1566 erat
724 1534 866 1565 Domino
890 1533 1040 1572 difficilis,
1069 1538 1101 1565 et

134 1579 252 1611 idcirco
282 1579 388 1610 David
419 1577 570 1610 omnibus
594 1577 838 1609 difficultatibus
864 1586 977 1608 ansam
1008 1586 1101 1617 prae-

137 1622 246 1661 scidit,
283 1622 398 1662 quibus
437 1626 565 1662 poterat
597 1620 635 1651 ab
669 1620 820 1660 obsequio
853 1624 885 1651 et
918 1619 1101 1651 obedientia

136 1664 362 1696 mandatorum
385 1664 449 1695 Dei
472 1664 640 1696 dimoveri.
676 1663 802 1694 Verum
826 1673 924 1702 quum
945 1661 1025 1694 Saul
1043 1673 1101 1693 au-

136 1707 202 1739 dito
225 1707 340 1739 nuntio
364 1707 402 1739 de
426 1707 565 1739 Davidis
588 1707 622 1737 in
652 1706 807 1737 Iudaeam
831 1705 974 1737 adventu
997 1705 1101 1746 magis

134 1759 230 1790 quam
249 1754 324 1782 ante
342 1751 438 1787 furat,
461 1756 493 1781 et
511 1749 597 1790 apud
617 1759 727 1780 servos
746 1749 785 1779 de
803 1748 939 1789 perfidia
956 1748 1101 1788 ipsorum

136 1793 344 1824 vehementer
367 1799 592 1833 conqueratur,
623 1796 749 1824 certum
773 1796 823 1822 est
844 1801 978 1832 gravem
1001 1791 1101 1822 fuisse

136 1836 358 1875 tentationem,
387 1835 473 1876 quod
504 1841 571 1867 tam
605 1835 699 1866 facile
733 1834 890 1875 simplicis
923 1834 1101 1874 prophetae

135 1878 233 1910 verbo
255 1878 451 1916 credidisset,
475 1883 508 1910 et
529 1889 564 1910 se
586 1878 620 1909 in
644 1888 799 1918 praesens
821 1877 1001 1918 periculum
1025 1887 1101 1908 con-

134 1921 277 1953 iecisset:
308 1932 382 1953 nam
405 1921 596 1962 plerumque
619 1920 691 1952 fieri
715 1920 863 1952 videmus
885 1924 922 1951 ut
944 1920 1039 1951 multi
1061 1919 1101 1951 ad

134 1964 289 2005 temporis
311 1969 514 1995 momentum
536 1964 611 1996 forti
634 1964 742 1995 animo
766 1974 800 1995 se
820 1964 890 1994 Deo
913 1963 1101 1995 subiiciaut:

135 2006 192 2037 sed
219 2007 246 2038 si
269 2017 321 2039 res
344 2012 474 2047 praeter
496 2008 641 2048 ipsorum
663 2007 848 2046 opinionem
871 2006 1038 2044 cesserint,
1069 2011 1101 2037 et

135 2059 200 2080 non
223 2049 301 2090 ipsis
324 2050 413 2081 Deus
443 2050 623 2090 opituletur
646 2060 708 2090 quo
731 2049 826 2080 modo
850 2049 910 2080 sibi
933 2059 1100 2090 persuase-

135 2095 218 2133 rant,
248 2093 459 2124 vehementer
486 2093 710 2134 indignentur,
738 2096 770 2123 et
792 2091 1039 2129 excandescant,
1068 2096 1101 2124 et

136 2134 289 2167 adversus
318 2136 425 2167 Deum
464 2136 668 2167 differentem
698 2135 856 2166 auxilium
886 2135 1100 2175 obloquantur

137 2181 169 2209 et
189 2178 442 2210 obmurmurant.
488 2179 545 2211 Sic
567 2179 670 2216 multi,
695 2189 795 2218 quum
821 2178 902 2209 bene
925 2179 1099 2218 coeperint,

138 2226 297 2252 momento
320 2227 427 2252 tamen
451 2221 604 2253 deficiunt.
623 2231 659 2252 ut
679 2222 770 2252 initio
790 2221 863 2252 finis
883 2232 948 2252 non
968 2232 1098 2261 respon-

139 2262 220 2299 deat,
249 2263 332 2303 quod
362 2264 421 2295 sibi
446 2265 659 2304 persuadeant
682 2264 789 2295 Deum
812 2264 899 2304 ipsos
921 2275 985 2294 non
1009 2264 1100 2295 adiu-

139 2315 223 2378 ἔατε,
254 2316 354 2346 neque
376 2317 428 2337 res
449 2308 592 2347 ipsorum
613 2318 653 2338 ex
676 2307 777 2338 animi
800 2308 963 2338 sententia
985 2318 1101 2338 seeun—

161 2358 224 2378 are.

140 2432 313 2473 prophetae
337 2433 441 2466 verbis
464 2435 716 2476 obtemperasset
734 2436 905 2475 Deumque
928 2435 1028 2466 videri
1054 2436 1101 2475 ip-

140 2485 211 2506 sum
235 2475 275 2506 ad
297 2476 458 2508 lanienam
478 2479 625 2510 traxisse.
649 2479 886 2510 Verumtamen
909 2484 945 2509 ut
967 2485 1101 2518 apparet
1126 2482 1128 2509 J

140 2527 179 2548 ex
204 2519 256 2549 Ps.
280 2518 330 2555 34,
353 2529 446 2558 quem
470 2520 508 2551 de
531 2521 591 2552 hac
613 2522 749 2553 historia
771 2521 983 2561 compositum
1008 2532 1101 2561 supe-

140 2561 215 2591 riori
239 2562 390 2592 concione
413 2562 569 2595 diximus:
598 2564 759 2595 Davidem
784 2564 864 2596 istae
890 2564 1100 2604 cogitationes·

140 2613 305 2643 nunquam
335 2604 374 2634 ab
398 2604 503 2636 officio
533 2605 749 2645 dimoverunt,
778 2618 882 2647 neque
904 2607 1008 2646 ipsius
1031 2607 1100 2637 ani-

140 2657 228 2677 mum
255 2656 396 2686 unquam
420 2652 676 2686 prostraverunt.
709 2650 793 2681 Nam
817 2649 876 2681 etsi
900 2660 933 2680 se
957 2649 1100 2680 delatum

778 199 823 230 IN
848 200 873 230 I.
898 199 986 230 LIB.
1010 198 1210 230 SAMUEL.
1235 199 1332 230 CAP.
1358 199 1470 229 XXII.

269 2348 400 2380 Talibus
430 2350 531 2390 igitur
561 2350 810 2391 cogitationibus
841 2349 949 2381 David
983 2351 1101 2390 agitari
1126 2379 1127 2382 ,

140 2395 296 2430 potuerat,
319 2391 379 2422 sibi
392 2392 546 2424 nimirum
570 2393 653 2424 male
677 2393 821 2431 cessisse,
845 2392 928 2432 quod
954 2398 1019 2423 tam
1040 2393 1101 2424 cito
1126 2404 1128 2431 ξ

2056 197 2118 228 422

1150 291 1236 331 apud
1260 290 1394 323 Saulem
1425 302 1443 322 a
1466 292 1578 332 Doego
1607 291 1737 330 sciebat,
1769 296 1969 331 mortemque
2000 290 2060 322 sibi
2085 291 2118 322 in

1149 334 1256 374 specie
1279 335 1502 365 imminentem
1522 333 1669 365 videbat:
1694 340 1802 365 tamen
1823 334 1862 365 ad
1882 334 1988 364 Deum
2009 343 2118 365 assur-

1150 387 1233 416 gere,
1258 383 1290 407 et
1312 377 1346 407 in
1370 377 1439 417 ipso
1462 377 1613 408 fiduciam
1637 387 1730 408 suam
1753 377 1907 408 collocare
1931 386 1994 407 non
2019 376 2118 407 desti-

1151 420 1206 450 tit:
1238 419 1322 459 quod
1348 429 1388 450 ex
1417 420 1511 450 initio
1536 419 1658 451 Psalmi
1681 419 1723 450 52
1754 421 1835 451 satis
1858 424 1993 459 apparet
2015 429 2118 459 quum

1150 462 1183 492 in
1207 462 1357 502 Doegum
1381 462 1453 493 istis
1478 462 1582 493 verbis
1603 462 1785 493 invehitur:
1813 462 1896 501 Quid
1913 462 2064 502 yloriaris
2085 462 2120 493 in

1150 505 1274 535 malitia
1303 505 1358 544 qui
1383 508 1490 544 potens
1518 515 1549 535 es
1572 505 1605 535 in
1635 505 1822 543 iniquitate?
1852 504 1979 543 Quibus
2010 504 2120 536 verbis

1150 547 1246 587 paulo
1269 552 1340 588 post
1363 548 1548 587 subiungit:
1580 546 1648 587 Eyo
1676 550 1778 578 autem
1801 548 1879 579 sicut
1902 548 1986 579 oliva
2006 547 2120 586 fructi·

1148 590 1219 630 fera
1241 590 1275 620 in
1297 590 1385 621 danto
1409 590 1471 621 Dei
1494 591 1617 629 speravi
1640 591 1674 621 in
1690 590 1905 621 misericordia
1926 590 1990 621 Dei
2013 590 2047 620 in
2069 599 2119 621 ac-

1149 635 1280 664 ternum.
1304 632 1431 671 Quibus
1457 632 1561 663 verbis
1586 633 1692 663 David
1716 633 1861 672 agnoscit
1884 644 1917 664 se
1936 632 1999 663 Dei
2019 633 2120 672 ipsius

1151 685 1250 706 manu
1280 675 1482 706 sublevatum
1514 685 1616 715 saepe,
1647 681 1679 705 et
1701 675 1944 706 imminentibus
1966 674 2119 715 periculis

1152 722 1308 758 ereptum,
1339 719 1430 749 cuius
1460 719 1493 748 in
1523 728 1557 749 se
1581 717 1812 757 benignitatem
1836 717 1903 749 fore
1926 722 2119 758 perpetuam

1152 760 1323 792 concludit.
1364 761 1449 791 Nam
1474 761 1644 801 diligenter
1667 761 1809 791 notanda
1831 766 1908 792 sunt
1930 760 2030 791 verba
2053 760 2118 798 illa,

1152 814 1186 835 se
1215 803 1470 835 misericordiam
1494 803 1555 833 Dei
1587 813 1716 842 sperare
1747 803 1780 833 in
1812 808 1991 843 aeternum,
2022 808 2054 834 et
2084 803 2119 833 in

1152 846 1315 878 saeculum
1338 846 1468 877 saeculi.
1513 845 1619 886 Igitur
1648 846 1721 876 licet
1745 845 1851 876 David
1883 845 1972 877 duris
2002 845 2120 876 ictibus

1152 893 1325 929 quassatus
1356 889 1406 927 sit,
1436 889 1552 928 quibus
1580 888 1658 919 fides
1690 888 1758 919 eius
1782 899 1847 919 non
1869 888 1964 919 modo
1986 887 2120 919 labefac—

1153 932 1225 969 tari,
1272 931 1327 963 sed
1366 941 1497 972 prorsus
1531 931 1624 962 deiici
1660 941 1751 970 posse
1785 930 1965 968 videbatur,
2011 935 2119 962 tamen

1153 980 1245 1006 tanta
1267 974 1385 1005 fiducia
1407 974 1470 1005 fide
1492 974 1525 1004 in
1540 973 1646 1005 Deum
1670 973 1826 1011 incubuit,
1850 978 1887 1004 ut
1909 974 2052 1005 favorem
2071 974 2119 1013 ip-

1153 1018 1220 1049 sius
1249 1022 1281 1048 et
1311 1017 1545 1058 protectionem
1574 1026 1741 1056 nunquam
1765 1016 1827 1047 sibi
1850 1016 2035 1047 defuturam
2058 1016 2121 1048 sibi

1152 1061 1368 1100 persuaserit:
1399 1070 1436 1091 ac
1458 1059 1594 1100 proinde
1618 1059 1693 1089 licet
1715 1058 1755 1089 ad
1779 1064 1905 1099 tempus
1929 1060 2027 1090 variis
2050 1063 2122 1090 ten-

1153 1103 1330 1134 tationibus
1349 1107 1565 1140 exerceretur,
1589 1107 1696 1132 tamen
1710 1101 1773 1133 Dei
1795 1111 1903 1139 manu,
1927 1112 2027 1142 quum
2039 1112 2120 1142 opus

1152 1146 1246 1185 foret,
1270 1145 1495 1177 sustinendum
1518 1155 1552 1176 se
1575 1145 1714 1176 confisus
1736 1145 1788 1176 sit.

1239 1188 1306 1220 Sed
1338 1194 1512 1228 antequam
1542 1188 1678 1219 ulterius
1708 1186 1964 1227 progrediamur,
1995 1197 2117 1227 expen-

1154 1231 1260 1262 denda
1290 1231 1389 1263 verba.
1418 1231 1474 1261 illa
1496 1231 1610 1271 quibus
1635 1230 1750 1261 dicitur
1774 1229 1853 1261 Saul
1878 1232 2042 1269 postquam
2063 1240 2119 1261 au-

1153 1275 1279 1306 divisset
1298 1274 1457 1306 Davidem
1477 1273 1673 1314 apparuisse,
1699 1273 1818 1304 stetisse
1841 1273 1876 1303 in
1900 1282 2020 1304 nemore
2036 1273 2119 1312 quod

1153 1320 1197 1349 est
1229 1318 1263 1348 in
1298 1317 1414 1355 Rama,
1458 1319 1485 1348 et
1517 1326 1623 1347 servos
1652 1325 1725 1346 suos
1756 1325 1933 1347 convocasse
1961 1316 1998 1346 de
2028 1315 2119 1347 rebus

1153 1361 1277 1401 magmis
1299 1370 1367 1391 cum
1390 1360 1470 1399 ipsis
1492 1359 1751 1391 deliberaturmu:
1775 1357 2047 1398 quemadmodum
2070 1368 2119 1389 re-

1154 1413 1210 1444 ges
1234 1403 1391 1441 videmus,
1422 1403 1449 1434 si
1479 1402 1551 1442 quis
1581 1411 1674 1433 casus
1704 1401 1854 1432 acciderit
1877 1405 1932 1431 aut
1955 1400 2119 1433 tumultus

1154 1446 1272 1486 aliquis
1290 1446 1387 1477 fuerit
1399 1445 1567 1481 excitatus,
1585 1454 1764 1476 convocare
1779 1443 1986 1475 consiliarios.
2010 1444 2119 1476 Locus

1154 1494 1263 1520 autem
1285 1489 1341 1520 ille
1363 1489 1426 1519 fuit
1449 1488 1592 1525 celebris,
1620 1491 1657 1518 ut
1680 1497 1745 1517 non
1768 1487 1888 1517 mirum
1912 1487 1954 1517 sit
1976 1497 2012 1517 eo
2038 1486 2120 1518 Sau-

1153 1533 1219 1563 lem
1248 1542 1323 1563 cum
1354 1532 1421 1563 suis
1454 1531 1654 1562 convenisse.
1699 1529 1840 1561 Habitus
1870 1534 1978 1560 autem
2009 1528 2120 1560 Saulis

1154 1575 1349 1606 describitur
1372 1579 1527 1614 tanquam
1551 1573 1690 1604 hominis
1710 1571 1769 1603 sibi
1793 1572 1832 1603 ab
1856 1572 1948 1603 hoste
1971 1576 2119 1603 metuen-

1154 1618 1206 1655 tis,
1239 1618 1367 1648 hastam
1396 1627 1496 1648 manu
1526 1616 1681 1647 nimirum
1710 1615 1866 1646 tenentis:
1898 1625 2002 1655 neque
2032 1615 2120 1646 enim

1154 1661 1312 1692 usitatum
1331 1660 1462 1701 regibus
1479 1660 1538 1691 hoc
1556 1659 1669 1690 habitu
1688 1658 1848 1698 progredi,
1871 1658 1936 1689 nisi
1955 1668 2121 1689 summum

1154 1703 1285 1744 aliquod
1304 1704 1478 1735 imminens
1497 1701 1676 1742 periculum
1695 1705 1850 1732 metuant.
1874 1699 2026 1741 Denique
2040 1700 2121 1733 Saul

1154 1752 1330 1778 convocato
1355 1746 1488 1778 consilio
1511 1755 1544 1777 se
1567 1745 1718 1776 maximis
1741 1744 1850 1785 urgeri
1875 1743 2121 1776 difficultatibus

1155 1789 1256 1826 docet,
1280 1793 1312 1820 et
1334 1789 1396 1821 sibi
1420 1789 1459 1820 ab
1484 1787 1629 1820 hostibus
1651 1792 1804 1819 metuere.
1835 1786 1976 1827 Ideoque
1995 1787 2035 1819 de
2053 1798 2121 1820 om-

1154 1832 1249 1864 nibus
1272 1832 1426 1872 conqueri
1449 1832 1562 1872 coepit,
1593 1831 1685 1871 quasi
1714 1829 1904 1870 proderetur
1927 1830 1966 1862 ab
1989 1831 2068 1871 ipsis
2091 1835 2123 1863 et

1153 1875 1235 1907 fides
1266 1875 1341 1906 data
1370 1876 1583 1915 frangeretur.
1634 1874 1754 1905 Audite
1783 1874 1880 1913 iqitur
1911 1883 1973 1914 me,
2007 1874 2121 1914 inquit,

1151 1918 1215 1958 filii
1239 1918 1372 1950 Iem'ini:
1403 1927 1586 1949 sermonem
1608 1927 1702 1948 suum
1733 1916 1927 1947 nominatim
1959 1916 1999 1947 ad
2029 1916 2120 1949 illam

1154 1961 1312 1992 familiam
1343 1961 1485 2002 dirigens
1512 1964 1668 2000 tanquam
1702 1958 1743 1990 ad
1776 1959 1836 1990 sibi
1871 1960 2013 1991 maxime
2047 1971 2121 1992 con-

1153 2005 1307 2041 iunctam,
1339 2005 1430 2045 quasi
1454 2004 1588 2036 diceret:
1620 2003 1700 2043 Ego,
1730 2002 1790 2033 filii
1813 2002 1941 2041 Iemini,
1971 2003 2123 2036 fiduciam

1153 2058 1259 2079 meam
1279 2058 1407 2087 semper
1427 2048 1461 2078 in
1475 2047 1564 2078 vobis
1585 2045 1749 2084 collocavi,
1774 2052 1806 2076 et
1824 2045 1944 2078 avobis
1962 2047 2122 2079 auxilium

1153 2091 1188 2121 in
1220 2091 1317 2122 rebus
1347 2091 1479 2122 incertis
1510 2089 1711 2129 exspectavi:
1742 2088 1799 2119 sed
1829 2099 1881 2120 me
1910 2089 2058 2129 proditis,
2089 2095 2122 2122 et

1153 2144 1281 2165 mecum
1316 2133 1485 2173 perfidiose
1516 2133 1621 2172 agitis.
1667 2131 1718 2162 Ad
1741 2141 1820 2171 quos
1850 2132 1951 2172 igitur
1980 2134 2120 2173 amplius

1153 2176 1359 2216 confugiam?
1385 2176 1468 2207 Nam
1492 2186 1550 2215 ego
1574 2175 1681 2214 potius
1705 2174 1861 2205 mundum
1884 2175 1965 2206 mihi
1989 2176 2120 2208 defutu-

1152 2230 1235 2256 rum,
1259 2230 1357 2259 quam
1380 2229 1438 2249 vos
1462 2218 1540 2249 mihi
1564 2218 1722 2257 sanguine
1742 2218 1928 2249 coniunctos
1952 2219 2119 2251 existima-

1153 2263 1202 2294 vi:
1233 2262 1288 2293 sed
1318 2262 1410 2293 video
1442 2261 1563 2292 nullam
1594 2261 1627 2291 in
1651 2259 1740 2291 vobis
1769 2271 1838 2291 esse
1860 2260 1966 2291 fidem.
2010 2262 2120 2301 Quum

1154 2306 1254 2345 igitur
1284 2305 1366 2336 filios
1397 2304 1513 2335 Iemini
1544 2308 1647 2340 vocat,
1677 2303 1758 2333 illud
1788 2304 1822 2333 in
1853 2304 2119 2343 exprobationem

1154 2348 1238 2383 facit,
1263 2348 1354 2387 quasi
1373 2358 1429 2378 rex
1449 2346 1508 2377 sibi
1528 2347 1685 2386 sanguine
1703 2346 1898 2384 coniunctos,
1922 2354 1953 2377 et
1975 2348 2119 2379 maxime

1153 2391 1350 2422 necessarios
1379 2389 1598 2429 compellaret,
1630 2395 1661 2419 et
1690 2388 1806 2428 probro
1839 2389 2009 2429 perfidiam
2039 2391 2119 2431 ipsis

1154 2433 1253 2465 daret.

1238 2475 1359 2506 Adiicit
1381 2480 1487 2505 autem
1506 2475 1544 2504 ad
1570 2473 1810 2513 praecedentia:
1836 2474 2000 2514 Numquid
2018 2477 2117 2507 omrzi-

1153 2520 1208 2550 bus
1236 2518 1319 2550 robis
1349 2517 1433 2549 dabit
1460 2517 1549 2556 filius
1572 2516 1642 2548 Isai
1672 2527 1765 2557 aqrcs
1791 2520 1818 2548 et
1844 2518 1960 2556 vineas,
1991 2521 2016 2549 et
2049 2519 2119 2550 uni-

1128 2565 1129 2572 *
1153 2572 1254 2593 versos
1277 2571 1328 2591 vos
1349 2561 1441 2599 faciet
1462 2560 1600 2590 t›·2‘bzmos
1617 2562 1643 2591 et
1659 2561 1857 2598 centuriones,
1882 2562 2029 2600 quoniam
2051 2571 2117 2592 con-

1126 2601 1129 2642 ,¹
1154 2605 1285 2636 iurastis
1307 2613 1410 2634 omnes
1432 2603 1597 2633 adversum
1620 2613 1674 2641 me,
1697 2606 1723 2633 et
1745 2613 1807 2634 non
1829 2606 1873 2634 est
1895 2604 1949 2643 (sui
1973 2604 2046 2635 mibi
2070 2615 2118 2635 re-

1126 2646 1128 2671 !
1154 2648 1289 2686 nuntiet,
1320 2647 1455 2677 massinw
1478 2656 1574 2685 (suurn
1597 2648 1623 2677 et
1649 2646 1736 2685 filius
1758 2656 1843 2677 meus
1871 2646 1982 2686 foedus
2012 2647 2120 2679 inierit

1914 2698 1963 2724 Ξῖ*
