2551 3044
404 225 464 256 611

408 331 472 361 quo
502 320 561 350 tuti
590 327 666 349 suut
699 317 866 348 violemus.
913 317 952 348 ln
985 317 1096 357 primis
1128 327 1204 348 vero
1235 319 1373 350 sciamus

410 363 515 394 Deum
541 372 609 392 csse
635 370 757 400 regum
790 360 984 399 principum.
1016 368 1047 391 et
1078 361 1280 408 superiorum
1306 372 1372 392 om-

410 406 498 436 nium
523 412 735 444 protectorem
767 410 797 433 et
821 402 1032 439 defensorem,
1066 414 1105 434 ne
1134 404 1204 443 quis
1228 403 1374 444 privatus

409 448 524 479 audeat
565 446 661 477 ullam
699 445 776 484 ipsis
811 445 964 475 iniuriam
1000 428 1128 476 inferre.
1180 446 1264 477 Tum
1300 456 1374 478 vero
1399 373 1403 470 i

409 490 550 521 maxime
573 500 670 529 quum
696 487 734 519 de
754 498 905 534 supremo
918 488 972 518 illo
992 488 1049 518 filii
1064 489 1125 519 Dei
1145 499 1246 529 regno
1259 490 1374 530 agitur,
1399 485 1403 529 l

410 532 585 564 tenendum
609 539 656 562 est
680 531 779 570 ipsius
803 531 1006 561 mut—statem
1026 541 1108 570 quae
1130 532 1161 562 in
1181 542 1217 562 eo
1236 533 1375 563 maxime
1400 551 1402 565 ,

408 584 542 616 apparet
568 573 795 609 ι’,ειιθιιιιιιιιιιιι
819 581 849 603 et
875 574 1007 604 Domini
1033 574 1134 604 nostri
1159 574 1229 605 lesu
1250 574 1373 606 Christi
1400 570 1402 583 ¹

410 629 527 649 nomeu
552 628 610 664 pro
631 624 745 647 merito
769 615 957 647 colendum:
981 626 1017 647 ac
1041 616 1174 656 proinde
1194 618 1270 655 fore,
1295 626 1329 648 ut
1348 617 1374 648 si

409 661 566 693 adversus
589 661 689 700 ipsius
719 658 853 690 verbum
877 658 978 690 simus
1007 659 1185 700 blasphemi
1209 668 1241 691 et
1265 659 1375 691 turbas
1399 631 1402 716 1

409 705 443 735 ιιι
469 705 567 744 ipsius
591 703 726 733 ecelesia
750 701 943 736 dederimus,
967 710 998 732 et
1011 702 1214 734 offendiculis
1237 703 1374 734 occasio-

410 758 484 778 nem
510 746 762 794 praebuerimus,
795 745 884 775 Deus
902 751 1057 781 coerceat,
1089 754 1120 776 et
1143 752 1296 786 tanquam
1319 745 1373 776 ad-

412 801 525 822 versus
557 790 657 828 ipsius
689 788 890 818 maiestatem
921 787 1126 828 insurgentes
1163 797 1196 819 et
1225 777 1402 820 cornibus¹
1400 805 1402 821 ι

409 832 455 864 illi
472 832 662 863 insultantes
676 838 865 870 compr-scat.
891 829 1110 869 Quamobrem
1130 841 1255 862 summo
1269 828 1401 862 studio

410 875 579 907 nitendum
603 882 662 911 est,
692 881 726 904 ut
758 872 797 903 ad
827 872 913 904 iliius
943 873 1130 913 obsequium
1154 880 1185 905 et
1210 874 1374 921 honorem,

410 929 505 958 quem
530 917 620 948 nobis
643 898 735 947 Deus
757 926 921 947 summum
946 927 1055 956 regem
1080 917 1240 956 praefecit,
1273 916 1374 956 parati

409 962 520 997 simus,
550 968 582 991 et
606 960 640 990 in
665 959 753 989 omni
777 958 935 990 modestia
966 970 1024 990 nos
1054 959 1113 990 sub
1143 971 1251 990 coium
1283 969 1374 990 auto·

409 1004 506 1035 ritate
529 1003 764 1039 contineamus,
787 1012 866 1042 quos
879 1002 990 1032 Deus
982 1013 1014 1032 in
1029 1012 1191 1033 summum
1206 1001 1374 1042 diguitatis

408 1046 545 1087 gradum
569 1053 697 1076 evectos
721 1045 812 1076 nobis
835 1045 996 1084 praetecit.

495 1089 715 1120 Transeamus
734 1086 774 1118 ad
799 1087 922 1127 reliqua
936 1087 1072 1119 Davidis
1092 1088 1199 1118 verba.
1224 1087 1373 1127 Ideoque,

409 1133 523 1172 inquit,
555 1142 628 1162 ecce
651 1129 924 1178 quemadmodum
949 1131 1016 1162 vita
1048 1139 1102 1161 tua
1125 1131 1234 1171 magni
1259 1131 1318 1161 tuit
1341 1131 1373 1160 in

408 1175 508 1207 oculis
533 1175 621 1212 meis,
654 1175 699 1203 ita
732 1173 840 1213 magni
870 1175 929 1203 crit
955 1173 1020 1204 vita
1044 1184 1114 1204 mea
1142 1174 1175 1204 in
1199 1173 1299 1204 oculis
1323 1172 1373 1203 Ic—

410 1218 522 1254 hovae,
547 1226 578 1248 et
602 1216 717 1256 eripiet
741 1226 791 1246 mc
815 1215 854 1246 ab
875 1216 963 1246 omni
986 1217 1146 1257 angustia.
1183 1216 1234 1246 Ex
1259 1216 1375 1255 quibus

411 1260 517 1292 verbis
540 1264 676 1307 apparet
699 1258 872 1296 Davidem,
904 1259 964 1288 etsi
988 1260 1084 1299 probe
1107 1268 1241 1290 noverat
1265 1258 1374 1290 Saulis

409 1305 574 1344 ingratum
588 1303 742 1341 animum,
757 1312 818 1332 non
833 1308 940 1332 tamen
961 1303 1057 1333 tuisse
1078 1301 1303 1333 benetaciendo
1329 1302 1373 1332 fa-

411 1347 557 1387 tigatum.
594 1344 688 1384 Quod
712 1343 869 1384 singulari
893 1344 1117 1375 οὺ5ῡιιιιῑιοιιθ
1147 1345 1374 1384 dignissimum

410 1397 468 1426 est,
491 1387 648 1428 siquidem
666 1395 814 1418 anatura
831 1387 979 1418 omnibus
1003 1388 1134 1418 insitum
1158 1395 1217 1425 est,
1241 1395 1278 1418 ut
1301 1387 1372 1418 uni-

409 1433 524 1472 cuique
549 1429 763 1470 rependamus
794 1437 891 1469 prout
915 1430 1006 1461 nobis
1030 1430 1149 1466 lecerit,
1180 1435 1211 1461 et
1242 1429 1373 1470 quidem

410 1486 448 1506 ea
471 1474 579 1514 opinio
603 1472 683 1513 legis
696 1473 763 1503 vim
788 1472 873 1511 apud
887 1484 998 1504 omues
1010 1472 1148 1504 obtinet:
1172 1473 1227 1504 sed
1241 1478 1374 1513 apparet

410 1523 524 1549 contra
549 1516 655 1547 Deum
680 1514 800 1553 iubere,
830 1522 866 1545 ut
897 1515 1036 1547 inimicis
1059 1523 1089 1546 et
1114 1516 1299 1547 hominibus
1322 1516 1372 1546 in-

411 1559 613 1601 dignissimis
637 1559 717 1589 bcue
742 1558 904 1589 faciamus.
929 1558 1147 1596 Quamobrem
1173 1559 1291 1590 imitari
1315 1569 1374 1590 nos

412 1602 550 1635 Davidis
573 1601 760 1640 exemplum
782 1608 916 1640 oportet,
940 1609 972 1632 et
993 1610 1147 1641 tanquam
1161 1602 1200 1632 ad
1220 1604 1373 1633 amussim

412 1646 504 1677 nobis
527 1645 728 1685 propositam
753 1644 895 1675 actiones
919 1653 1046 1675 nostras
1070 1646 1209 1684 exigere,
1242 1653 1277 1675 ut
1300 1645 1375 1676 licet

412 1699 514 1729 prava
537 1688 579 1718 sit
611 1686 751 1717 hostium
775 1686 936 1725 voluntas,
967 1695 998 1717 et
1026 1688 1058 1717 in
1088 1688 1254 1718 maleficiis
1274 1687 1373 1718 obdu·
1400 1703 1403 1716 ι

411 1739 541 1768 rentur,
583 1740 619 1760 ac
653 1729 746 1760 novis
784 1729 912 1759 iniuriis
946 1730 1081 1760 subinde
1116 1740 1173 1761 nos
1207 1730 1375 1769 lacessant,

412 1773 624 1806 nihilominus
651 1780 757 1802 tamen
781 1777 929 1811 oportere
953 1784 1010 1804 nos
1033 1780 1218 1804 constanter
1241 1774 1274 1803 in
1298 1773 1375 1813 ipsis

412 1814 643 1848 benefaciendo
678 1825 900 1854 perseverare,
934 1826 1037 1855 neque
1071 1815 1146 1847 ullis
1179 1816 1304 1847 iniuriis
1337 1811 1403 1847 ab*

411 1860 515 1891 officio
540 1865 647 1889 nostro
671 1857 839 1888 dimoveri.
873 1857 961 1896 Quid
985 1857 1050 1889 ita?
1081 1858 1204 1898 Nempe
1227 1859 1376 1898 quoniam
1402 1855 1403 1864 ¹

413 1912 534 1934 merces
566 1907 677 1931 nostra
708 1907 755 1931 est
791 1900 875 1940 apud
898 1900 1005 1932 Deum
1034 1902 1180 1941 reposita.
1220 1902 1269 1933 Ac
1299 1912 1376 1932 sane

413 1946 477 1976 nisi
512 1955 569 1975 nos
600 1943 810 1974 incredulitas
849 1951 880 1974 et
911 1943 1116 1984 impatientia
1150 1953 1375 1982 remoraretur,

413 1989 491 2020 satis
514 1986 770 2027 perspiceremus
793 1985 887 2026 longe
911 1987 1021 2018 utilius
1049 1998 1118 2018 esse
1142 1987 1242 2024 nobis,
1270 1988 1296 2018 si
1322 1987 1376 2018 lio—

414 2031 517 2062 mines
540 2029 780 2060 benefactorum
812 2037 996 2060 nostrorum
1025 2029 1265 2069 obliviscantur,
1296 2040 1376 2069 quae
1403 2045 1405 2060 ι

415 2082 520 2105 tamen
535 2072 627 2103 Deus
651 2072 847 2112 recordetur,
873 2082 969 2112 quam
993 2083 1020 2103 5ι
1033 2073 1072 2103 ab
1096 2072 1281 2104 hominibus
1293 2083 1376 2103 mer-

414 2117 524 2149 cedem
549 2122 580 2146 et
603 2114 900 2154 compensationem
925 2126 964 2146 ex
989 2115 1089 2146 animi
1112 2116 1274 2146 sententia
1298 2115 1376 2146 reci-

415 2169 574 2206 peremus.
598 2157 668 2188 Nao
692 2158 719 2188 si
743 2158 814 2197 quis
837 2165 968 2198 quaerat
992 2168 1010 2189 a
1033 2169 1096 2198 quo
1121 2158 1269 2189 malimus
1292 2168 1376 2188 com-

415 2212 556 2242 pensari,
570 2199 700 2231 Deone
695 2211 735 2231 an
750 2200 944 2240 hominibus,
958 2200 1065 2232 Deum
1081 2211 1193 2232 omnes
1212 2201 1378 2241 elegerint,

416 2254 447 2276 et
464 2251 572 2275 tamen
597 2243 624 2274 si
648 2244 720 2283 quis
739 2243 778 2274 ab
797 2243 983 2274 hominibus
1001 2243 1139 2283 gratiam
1158 2243 1299 2291 aliquam
1323 2250 1379 2274 aut
1404 2250 1406 2273 5

416 2287 562 2320 beneficii
585 2286 881 2326 compensationem
895 2292 1059 2325 exspectet
1077 2286 1250 2317 maioribus
1273 2287 1378 2326 ipsum

417 2330 580 2362 beneficiis
603 2328 829 2366 denierebitur,
858 2329 936 2360 adeo
961 2337 996 2359 ut
1019 2340 1082 2360 non
1105 2340 1186 2369 opus
1209 2330 1251 2360 sit
1275 2329 1380 2360 verbis

417 2373 532 2414 quibus
555 2371 594 2402 ad
615 2372 803 2411 obsequium
817 2373 1004 2409 excitemur,
1029 2371 1286 2412 quandoquidem
1306 2372 1379 2411 plus

418 2425 520 2455 aequo
543 2425 657 2446 sumus
680 2415 719 2445 ad
745 2414 825 2445 illud
849 2415 1009 2455 propensi.
1033 2416 1155 2446 Contra
1179 2426 1253 2446 vero
1271 2414 1299 2446 si
1312 2415 1379 2445 fue-

418 2459 484 2490 rint
515 2458 635 2497 ingrati
668 2457 830 2497 homines,
867 2465 900 2489 et
929 2457 1157 2490 beneficiorum
1195 2464 1379 2488 nostrorum

417 2502 632 2537 immemores,
658 2500 736 2531 adeo
761 2507 797 2530 ut
815 2511 870 2540 spe
893 2500 981 2531 omni
1006 2501 1274 2532 remunerationis
1298 2499 1381 2531 exci-

419 2545 550 2580 damus,
583 2543 692 2583 frigidi
724 2553 836 2574 sumus
865 2551 897 2574 et
924 2543 1010 2583 ipsos
1039 2543 1277 2575 contemnimus
1307 2542 1381 2573 licet

418 2587 512 2618 Deus
536 2585 715 2617 mercedem
739 2585 940 2625 polliceatur,
970 2592 1002 2617 ct
1026 2597 1084 2618 nos
1107 2586 1146 2618 ab
1169 2587 1238 2626 ipso
1260 2595 1380 2617 merce-

1228 223 1431 256 HOMILIA
1450 224 1573 257 XCVI.

1405 2301 1407 2318 ι
1432 2288 1463 2317 ιιι
1489 2288 1697 2326 reproborum
1727 2297 1863 2318 numero
1895 2287 2005 2318 haberi
2034 2286 2150 2318 voluit.

1405 2345 1407 2370 g
1433 2330 1558 2361 ratione
1581 2330 1671 2361 Deus
1694 2330 1728 2360 in
1750 2340 1881 2361 sensum
1906 2329 2076 2369 reprobum
2101 2339 2155 2361 eos
2177 2329 2315 2367 coniicit,
2339 2329 2395 2369 qui

421 2629 492 2661 dem
505 2638 635 2668 sperare
649 2628 758 2660 iubeat
769 2629 969 2660 cessantibus
990 2629 1185 2669 hominibus,
1209 2636 1241 2660 et
1262 2627 1381 2668 ingrati
1406 2626 1407 2631 ¹

421 2672 520 2702 animi
556 2671 633 2701 vitio
669 2671 900 2703 laborantibus.
946 2670 1032 2710 Quid
1067 2682 1144 2713 ergo
1177 2672 1232 2702 fiet
1266 2669 1379 2702 nobis?

2328 222 2391 254 612

1399 329 1564 372 lquamve
1595 317 1836 349 excusationem
1868 323 2093 357 praetexemus
2124 316 2208 357 quod
2232 317 2301 348 Deo
2324 327 2390 349 non

1399 330 1586 417 ifidamus?
1618 360 1766 391 Profecto
1789 370 1950 390 summam
1974 359 2242 399 ingratitudinem
2266 370 2300 391 re
2321 360 2391 400 ipsa

1426 404 1635 440 ostendimus,
1660 402 1735 433 licet
1759 402 1865 433 verbis
1888 402 2075 442 obsequium
2096 409 2242 434 nostrum
2267 409 2298 434 et
2316 402 2390 434 obe-

1428 447 1580 478 dientiam
1605 446 1823 493 piofiteamur,
1853 452 1886 476 et
1910 444 2122 476 diffidentiam
2145 453 2290 476 nostram
2313 446 2391 477 satis

1428 497 1586 521 testamur
1610 487 1696 528 quod
1721 488 1820 528 ipsius
1842 488 2008 528 promissis
2033 499 2096 518 non
2116 489 2390 537 conquiescamus.

1428 531 1561 564 Accedit
1585 530 1624 562 ad
1648 530 1735 562 istud
1754 531 1872 561 vitium
1884 530 1982 568 aliud,
2007 531 2159 562 nimirum
2180 531 2391 572 impatientia,

1400 595 1402 621 3
1427 574 1511 615 quod
1542 583 1709 621 nunquam
1733 581 1907 604 venturum
1940 580 2065 613 tempus
2094 574 2315 605 existimemus
2344 585 2391 606 re-

1399 616 1672 664 munerationis,
1697 616 1855 656 siquidem
1879 626 2046 656 nunquam
2059 615 2148 648 Deus
2172 618 2310 654 festinat,
2334 616 2391 649 sed

1427 669 1602 700 suspensos
1627 666 1715 690 tenet
1728 659 1822 695 diem,
1843 669 1998 697 mensem,
2021 669 2153 696 annum,
2177 660 2391 692 utxideamur

1400 718 1401 738 ς
1427 712 1556 743 operam
1580 702 1695 733 lusisse
1718 712 1816 742 quum
1841 702 1942 742 ipsius
1965 702 2065 732 cultui
2090 713 2149 733 nos
2172 702 2328 741 dedimus,
2359 708 2391 735 et

1427 746 1547 776 frustra
1571 750 1718 776 nostrum
1742 744 1885 775 studium
1909 745 1942 775 in
1966 745 2066 785 ipsius
2084 745 2273 786 obsequium
2297 746 2390 777 adhi-

1429 788 1545 826 buisse,
1574 798 1655 828 quae
1679 797 1754 818 sane
1777 787 1971 828 gravissima
1993 788 2127 818 tentatio
2150 796 2207 819 est.
2251 788 2390 820 Verum-

1400 846 1402 869 1
1427 831 1594 862 enimvero
1617 830 1778 861 diseamus
1799 830 1858 861 Dei
1883 830 2052 866 voluntati,
2077 841 2158 871 quae
2179 832 2390 863 immutabilis

1428 882 1485 910 est,
1510 874 1711 913 acquiescere
1733 880 1764 903 et
1783 873 1924 904 vicissim
1955 874 2101 904 fraenum
2126 874 2245 905 nostris
2268 874 2390 906 affecti—

1428 917 1486 948 bus
1510 917 1700 949 iniiciamus.
1723 926 1901 955 sensusque
1920 924 2047 947 nostros
2059 917 2205 957 captivos
2224 916 2390 956 ducamus,

1428 966 1462 990 ut
1486 970 1560 990 vere
1588 969 1661 990 cum
1685 958 1813 989 Davide
1841 958 1947 990 dicere
1977 960 2138 999 possimus
2169 959 2285 997 Deum,
2315 960 2390 991 licet

1428 1003 1576 1033 homines
1598 1002 1809 1042 ingratissimi
1840 1001 1916 1039 sint,
1946 1001 2076 1032 tandem
2107 1003 2335 1042 aequissimum
2358 1010 2391 1034 et

1426 1046 1640 1076 iustissimum
1664 1043 1800 1075 iudicem
1825 1045 2059 1084 appariturum,
2090 1051 2123 1076 et
2153 1055 2187 1076 re
2210 1045 2279 1085 ipsa
2301 1052 2390 1086 pate-

1427 1089 1587 1119 facturum
1612 1087 1712 1118 vitam
1732 1094 1887 1123 nostram,
1910 1097 1992 1126 quae
2005 1087 2078 1118 vilis
2097 1095 2128 1118 et
2147 1093 2332 1128 contempta
2344 1092 2393 1120 est

1426 1130 1511 1170 apud
1537 1130 1693 1166 homines,
1718 1131 1780 1169 ipsi
1803 1140 1873 1160 csse
1897 1130 2173 1170 pretiosissimam.

1511 1174 1556 1204 Et
1590 1173 1629 1203 de
1652 1172 1793 1203 Davidis
1824 1173 1931 1204 verbis
1964 1172 2130 1210 hactenus,
2163 1173 2279 1213 quibus
2308 1183 2343 1205 se
2371 1184 2392 1206 a

1427 1216 1498 1247 Deo
1522 1215 1672 1256 pendere,
1695 1223 1728 1246 et
1741 1216 2036 1246 remunerationem
2054 1224 2241 1256 exspectare
2254 1222 2391 1249 testatus

1427 1267 1492 1290 est:
1522 1258 1562 1290 ad
1586 1258 1696 1290 Saulis
1719 1268 1909 1298 responsum
1935 1260 2112 1295 veniamus,
2143 1259 2330 1291 Benedictus
2351 1270 2393 1298 es,

1425 1302 1474 1342 fila·
1496 1302 1540 1332 mi
1555 1301 1674 1337 David,
1697 1304 1724 1332 et
1745 1300 1886 1340 conficies
1892 1301 1990 1340 plane
2001 1304 2028 1332 et
2045 1303 2170 1333 omnino
2185 1301 2392 1342 praevalebis.

1428 1344 1537 1384 Quum
1552 1344 1712 1375 Davidem
1726 1343 1929 1375 benedictum
1943 1344 2029 1382 dicit,
2041 1345 2115 1376 inse
2128 1356 2284 1393 suumque
2296 1350 2394 1385 caput

1428 1388 1491 1418 Dei
1514 1387 1772 1418 maledictionem
1797 1387 2002 1426 pronuntiat·
2026 1398 2088 1418 iox
2113 1389 2197 1418 enim
2222 1388 2276 1419 illa
2296 1388 2392 1420 bene-

1429 1430 1508 1462 dicti'
1528 1429 1636 1460 Deum
1660 1430 1800 1469 respicit,
1827 1429 2086 1469 quandoquidem
2111 1441 2205 1461 nemo
2229 1431 2298 1461 sine
2321 1431 2392 1462 Deo

1428 1473 1626 1504 benedictus.
1651 1473 1711 1504 Est
1735 1473 1821 1503 enim
1844 1474 1871 1503 is
1893 1472 2080 1504 benedictus
2104 1483 2200 1522 quem
2223 1473 2314 1505 Deus
2336 1483 2392 1513 ap·

1429 1516 1550 1556 probat,
1582 1516 1668 1546 etin
1697 1515 1840 1546 filiorum
1872 1515 1969 1546 habet
1997 1526 2141 1553 numer0,
2171 1517 2264 1556 eique
2297 1516 2392 1548 bene-

1429 1559 1515 1590 dicit.
1550 1559 1650 1598 Atqui
1674 1557 1755 1589 Saul
1778 1557 1938 1589 Davidem
1963 1558 2048 1590 ultro
2071 1559 2332 1599 persequebatur,
2361 1562 2395 1591 et

1429 1610 1584 1642 tanquam
1608 1601 1733 1632 hostem
1756 1601 2020 1641 capitalissimum
2045 1601 2085 1632 ad
2109 1608 2245 1633 mortem
2258 1612 2393 1642 quaere-

1430 1646 1492 1676 bat.
1537 1644 1646 1675 David
1671 1650 1780 1675 autem
1803 1652 1871 1675 erat
1896 1655 1914 1675 a
1936 1643 2007 1675 Deo
2031 1644 2227 1683 benedictus,
2256 1644 2393 1685 ideoque

1429 1687 1562 1719 Saulem
1577 1688 1683 1727 ipsum
1704 1694 1952 1727 persequentem
1971 1688 2116 1727 oportuit
2128 1698 2198 1719 esse
2209 1687 2273 1718 Dei
2293 1687 2393 1719 male-

1402 1730 1563 1773 ¹dictioni
1597 1730 1788 1768 obnoxium,
1826 1730 2085 1770 quandoquidem
2127 1731 2284 1762 adversus
2317 1740 2393 1762 eum

1429 1773 1595 1813 pugnabat
1628 1773 1679 1804 cui
1707 1773 1799 1804 Deus
1828 1773 1966 1804 favebat.
2012 1773 2127 1813 Neque
2157 1774 2245 1804 enim
2272 1774 2393 1805 frustra

1430 1817 1521 1848 Deus
1545 1815 1634 1847 dicit:
1667 1816 1733 1847 Ero
1757 1816 1880 1847 amicus
1903 1817 2081 1847 amicorum
2105 1823 2246 1849 tuorum.
2278 1824 2310 1847 et
2331 1816 2393 1847 ini-

1429 1859 1532 1890 micus
1559 1859 1787 1896 inimicorum,
1818 1867 1849 1890 et
1879 1858 1975 1898 plena
2006 1866 2056 1890 est
2091 1861 2252 1899 scriptura
2288 1859 2395 1890 istius-

1429 1901 1515 1933 modi
1538 1901 1601 1932 Dei
1634 1901 1909 1941 promissionibus,
1937 1902 2054 1941 quibus
2082 1913 2115 1933 se
2140 1901 2230 1933 Deus
2261 1911 2394 1934 suorum

1429 1946 1587 1986 clypeum,
1605 1955 1722 1982 arcem,
1746 1944 2022 1985 propugnaculum
2036 1955 2105 1976 esse
2119 1945 2299 1984 profitetur,
2322 1954 2394 1976 cau-

1402 1996 1403 2027 }
1429 1997 1561 2028 samque
1591 1997 1724 2019 suorum
1756 1993 1952 2021 tutaturum,
1980 1994 2012 2018 et
2042 1998 2097 2019 eos
2126 1987 2344 2018 iudicaturum
2374 1997 2394 2019 a

1430 2031 1546 2070 quibus
1569 2031 1713 2070 oppressi
1738 2031 1869 2061 fuerint.
1898 2029 1993 2069 Quod
2006 2040 2107 2070 quum
2121 2029 2200 2062 Saul
2214 2041 2280 2061 non
2303 2032 2392 2071 igno-

1403 2099 1405 2103 ,
1431 2074 1562 2109 raverit,
1586 2073 1747 2113 siquidem
1770 2084 1788 2103 a
1812 2081 1929 2104 natura
1952 2072 2038 2104 istud
2060 2081 2109 2104 est
2127 2073 2273 2104 omnium
2296 2073 2393 2105 nimis

1403 2136 1405 2142 ι
1430 2117 1573 2153 insitum,
1597 2122 1731 2156 apparet
1744 2115 1879 2147 Saulem
1903 2116 2020 2156 spiritu
2039 2116 2158 2147 furoris
2176 2121 2209 2147 et
2231 2116 2393 2147 amentiae

1431 2159 1606 2198 impulsum
1646 2158 1746 2190 fuisse
1769 2169 1867 2198 quum
1887 2158 2048 2189 Davidem
2071 2169 2168 2198 quem
2188 2157 2393 2190 benedictum

1431 2202 1560 2241 fatetur,
1586 2202 1686 2233 tantis
1708 2201 1787 2232 odiis
1813 2208 2075 2241 persequeretur:
2101 2211 2175 2232 nam
2195 2200 2256 2232 hac
2269 2201 2393 2232 ratione

1431 2255 1464 2275 se
1488 2245 1593 2284 ipsum
1617 2244 1833 2275 maledictioni
1858 2244 1989 2275 divinae
2011 2244 2158 2283 subiecit,
2189 2250 2225 2318 (X
2251 2243 2394 2318 ultrohse

2227 2292 2303 2326 tque
2357 2296 2395 2318 ao

1432 2372 1467 2402 ιιι
1490 2372 1578 2404 vitiis
1600 2374 1804 2410 indurantur,
1828 2379 1860 2404 et
1883 2371 2038 2404 adversus
2061 2373 2161 2412 ipsius
2183 2372 2320 2404 verbum
2342 2382 2394 2404 oo-

1433 2414 1617 2453 callescunt,
1646 2422 1683 2447 ut
1711 2415 1850 2455 amplius
1880 2415 2001 2446 bonum
2031 2426 2050 2446 a
2079 2415 2164 2446 malo
2187 2425 2251 2446 non
2276 2415 2395 2447 discen

1433 2464 1523 2495 nant,
1548 2458 1685 2498 denique
1697 2459 1731 2489 in
1744 2458 1808 2490 illis
1830 2458 1983 2498 impletur
2003 2458 2087 2498 quod
2099 2457 2142 2488 D.
2155 2457 2278 2489 Paulus
2290 2458 2394 2498 primo

1433 2501 1535 2540 capite
1558 2501 1711 2540 epistolae
1734 2501 1774 2532 ad
1786 2501 1952 2532 Romanos
1975 2502 2028 2539 ait,
2051 2511 2105 2532 eos
2128 2501 2183 2540 qui
2200 2501 2306 2532 Deum
2329 2511 2395 2531 non

1433 2542 1714 2582 glorificaverunt,
1745 2543 1880 2575 traditos
1911 2544 2011 2575 fuisse
2040 2554 2059 2574 a
2088 2543 2158 2574 Deo
2187 2543 2222 2574 in
2251 2549 2394 2574 mentem

1406 2615 1408 2623 ,
1433 2586 1538 2616 omnis
1568 2586 1677 2618 iudicii
1708 2593 1890 2626 expertem,
1921 2592 1956 2616 ut
1979 2586 2123 2618 facerent
2153 2585 2185 2616 id
2215 2585 2300 2626 quod
2329 2595 2394 2617 non

1435 2634 1569 2667 oportet.
1594 2629 1741 2661 Profecto
1765 2630 1793 2660 si
1816 2628 1896 2661 Saul
1909 2627 1971 2660 Dei
1996 2629 2111 2660 timore
2134 2628 2250 2660 ductus
2273 2629 2394 2665 fuisset,

1408 2678 1409 2700 1
1435 2681 1498 2701 non
1530 2680 1598 2702 sese
1629 2672 1663 2702 in
1694 2682 1763 2703 cam
1793 2682 1887 2712 quam
1919 2671 2104 2702 audivimus
2137 2670 2394 2704 maledictionem
