2551 3044
234 163 274 194 53
879 164 926 195 IN
951 164 974 195 1.
1000 164 1086 195 LIB.
1112 162 1309 195 SAMUEL.
1334 163 1430 195 OAP.
1454 165 1547 195 XIV.
2157 169 2200 199 54

234 258 442 299 quamobrem
484 258 540 289 lux
575 258 628 290 illa
662 259 700 290 de
731 268 793 298 qua
827 258 948 289 Paulus
981 258 1121 297 loquitur
1155 258 1187 287 in

235 301 343 332 anima
365 301 518 338 consistit,
541 311 603 341 qua
629 301 842 333 discernimur
858 310 876 330 a
896 300 1024 340 reliquis
1043 300 1188 330 animan-

236 344 320 374 tibus
347 344 451 374 omnis
471 344 602 375 rationis
621 349 652 375 et
670 343 853 374 intellectus
874 342 1065 383 expertibus.
1090 342 1188 379 Haec,

234 387 374 426 inquam,
405 385 572 426 praecipue
604 387 669 417 vita
701 393 808 417 nostra
831 391 887 422 cst,
919 395 1080 425 nunquam
1104 385 1188 425 peri-

235 433 316 465 tura,
340 430 458 468 quippe
481 429 684 460 immortalis:
709 428 764 460 sed
787 428 886 459 vitam
910 427 1071 467 quandam
1096 427 1189 458 habe-

234 481 305 502 mus
328 481 527 502 communem
552 481 623 502 cum
648 471 772 502 bestiis:
797 481 877 511 quae
901 470 932 500 in
957 481 993 501 eo
1016 470 1118 510 posita
1141 474 1189 500 est

235 518 271 544 ut
290 513 488 544 naturalibus
507 513 656 544 omnibus
673 513 914 545 necessitatibus
929 513 1059 544 obnoxii
1073 513 1187 550 simus,

235 561 266 586 et
295 555 410 593 cibum⁷
445 561 565 595 potum,
597 567 742 587 somnum
774 561 805 586 et
836 555 952 587 similia
982 561 1187 595 appetamus:

235 608 316 637 quae
340 597 408 628 vita
430 598 581 629 sensitiva
601 603 631 629 et
650 598 872 630 substantialis
891 598 1082 629 nominatur.
1107 597 1188 629 Cae-

233 644 466 680 terum.quum
491 641 556 671 vita
580 651 649 672 esse
670 641 703 672 in
727 640 884 681 sanguine
907 640 1033 679 dicitur,
1063 640 1108 671 ita
1130 638 1186 670 do-

233 692 342 713 cemur
378 683 417 712 ab
448 683 533 713 omni
564 684 697 714 saevitia
727 688 758 714 et
787 683 976 715 crudelitate
1006 682 1183 719 abhorrere,

233 725 330 756 etiam
371 736 447 764 erga
480 726 564 765 ipsas
599 726 724 757 bestias.
771 725 856 757 Sane
890 725 1002 756 licebat
1037 724 1185 756 carnibus

234 768 317 799 vesci
341 769 570 799 animantium:
593 768 647 800 sed
671 778 807 808 quarum
831 769 919 799 fusus
942 772 1025 799 esset
1043 767 1184 807 sanguis:

233 820 328 850 quem
352 821 391 841 ne
415 810 584 851 degustare
607 811 736 850 quidem
761 811 911 851 cuiquam
935 810 1057 848 licebat,
1091 820 1130 840 ue
1152 810 1183 840 in

231 853 386 892 pecudem
411 853 630 884 transformari
654 853 815 884 videretur
834 853 989 894 sanguine
1008 853 1183 893 degustato.

232 895 301 926 Iam
344 906 417 926 vero
452 895 515 936 legi
549 895 677 935 quidem
711 896 764 927 isti
798 906 861 926 non
896 906 1004 927 sumus
1038 895 1180 926 obnoxii:

232 938 314 978 quod
340 938 427 969 Deus
449 945 590 975 veterem
616 938 705 968 illum
729 938 882 978 populum
907 938 975 969 istis
993 937 1184 968 rudimentis

232 990 313 1020 quae
343 990 460 1020 pueros
490 979 645 1011 decebant
668 980 794 1011 erudire
817 981 968 1011 voluerit:
998 980 1052 1012 sed
1077 986 1183 1011 tamen

232 1023 300 1054 eius
339 1023 457 1054 veritas
494 1027 526 1053 et
562 1023 739 1054 substantia
773 1022 934 1054 remansit.
979 1022 1184 1063 Quapropter

231 1066 481 1105 quotiescunque
512 1065 669 1105 scriptura
692 1065 883 1103 violentiam,
914 1066 987 1102 vim,
1020 1065 1131 1096 caedes
1151 1069 1184 1096 et

231 1108 351 1140 similes
384 1108 519 1138 iniurias
553 1108 711 1148 prohibet,
752 1114 841 1138 tanto
875 1108 1007 1139 horrore
1040 1108 1093 1138 illa
1126 1118 1183 1139 nos

231 1150 408 1182 abominari
431 1156 578 1190 oportere
601 1151 746 1188 sciamus,
770 1154 806 1181 ut
828 1161 927 1190 quum
948 1150 998 1182 vel
1017 1150 1183 1190 sanguinis

232 1193 366 1224 effusam
398 1198 521 1233 guttam
555 1192 712 1230 audimus,
746 1193 881 1224 fremere
915 1198 946 1224 et
975 1193 1182 1233 ingemiscere

231 1246 288 1267 nos
306 1239 464 1277 oporteat:
487 1235 742 1275 quandoquidem
764 1235 853 1266 Deus
872 1240 1011 1267 veterem
1031 1236 1182 1275 populum

231 1278 332 1310 voluit
361 1278 536 1309 bestiarum
564 1278 705 1318 ipsarum
729 1278 918 1318 sanguinem
941 1277 1113 1316 effundere,
1146 1283 1182 1309 ut

231 1321 270 1352 ad
304 1320 583 1352 mansuetudinem
614 1325 645 1351 et
676 1321 907 1352 humanitatem
939 1326 1081 1351 mutuam
1104 1320 1180 1352 alio-

231 1374 301 1394 rum
340 1373 415 1404 erga
449 1363 527 1394 alios
557 1363 745 1394 erudiretur.
790 1363 838 1394 Ac
867 1373 942 1394 sane
971 1373 1027 1403 per
1057 1374 1090 1394 se
1117 1374 1181 1395 non

228 1405 290 1437 fuit
312 1411 376 1437 tam
400 1406 596 1446 flagitiosum
621 1406 809 1446 sanguinem
833 1405 941 1436 edere:
966 1405 1020 1437 sed
1039 1406 1180 1437 mandati

226 1449 299 1479 finis
319 1453 350 1480 et
368 1459 484 1488 scopus
503 1449 623 1479 crimen
644 1449 790 1489 augebat.
831 1448 954 1480 Idcirco
974 1448 1025 1479 hic
1044 1449 1179 1489 populus

226 1491 369 1530 graviter
411 1501 556 1530 peccasse
598 1491 713 1522 dicitur
753 1491 942 1531 sanguinem
977 1490 1178 1522 comedendo.

226 1533 340 1574 Neque
370 1534 454 1564 enim
487 1533 526 1565 de
556 1533 622 1564 sola
645 1533 844 1564 caeremonia
867 1533 918 1564 hic
941 1534 1054 1574 agitur,
1087 1538 1119 1564 et
1142 1534 1180 1565 de

228 1576 296 1607 sola
325 1581 458 1607 externa
487 1576 727 1607 observatione:
759 1575 813 1607 sed
836 1575 873 1606 de
896 1576 1114 1607 caeremoniae
1138 1577 1179 1607 le-

227 1619 307 1659 galis
338 1619 401 1650 fine
432 1624 463 1650 et
486 1618 666 1650 substantia
689 1619 728 1649 ad
752 1629 846 1658 quam
866 1618 955 1650 Deus
974 1619 1111 1650 maxime
1131 1629 1179 1650 re-

226 1661 389 1702 spiciebat.
424 1660 524 1700 Quasi
549 1661 668 1693 diceret
689 1662 775 1692 Deus
798 1671 832 1692 se
856 1661 914 1691 hac
937 1661 1006 1700 lege
1028 1667 1178 1702 tanquam

226 1704 334 1735 fraeno
359 1704 440 1735 velle
463 1704 608 1735 homines
631 1704 778 1741 retinere,
803 1709 838 1734 ut
857 1703 910 1734 alii
928 1714 1001 1735 cum
1021 1704 1091 1735 aliis
1109 1705 1178 1735 sine

225 1747 352 1785 iniuria,
376 1751 407 1777 et
429 1747 498 1778 sine
521 1746 631 1778 fraude
650 1751 868 1777 versarentur.
915 1746 1082 1778 Caeterum
1103 1747 1178 1779 hinc

225 1794 357 1830 apparet
371 1789 502 1821 Saulem
524 1789 628 1821 adhuc
651 1789 785 1829 aliquem
801 1789 861 1819 Dei
884 1789 1032 1819 timorem
1056 1791 1178 1820 retinu-

225 1832 298 1868 isse,
329 1832 383 1871 qui
413 1832 555 1872 graviter
584 1832 638 1862 tali
667 1832 774 1872 populi
804 1836 933 1870 peccato
962 1832 1004 1862 sit
1025 1831 1176 1863 offensus.

224 1874 290 1907 Sed
313 1875 521 1905 nihilominus
540 1879 648 1905 manet
666 1874 766 1913 ipsius
786 1879 959 1914 peccatum,
983 1874 1066 1914 quod
1086 1885 1175 1906 exse-

225 1918 365 1948 cratione
399 1917 552 1957 populum
588 1917 769 1948 obstrinxit.
815 1916 897 1947 Nam
931 1917 1009 1956 quis,
1038 1917 1175 1954 obsecre,

226 1961 284 1991 fuit
321 1960 407 1991 illius
447 1960 570 1991 fructus
611 1964 665 1991 aut
702 1958 860 1990 eventus?
907 1959 1007 1990 Miser
1040 1960 1175 2000 populus

223 2002 309 2034 fame
333 2002 515 2033 debilitatus
539 2007 607 2033 erat
630 2007 659 2032 et
682 2002 801 2032 fractae
824 2001 924 2041 ipsius
947 2001 1047 2033 vires:
1071 2003 1124 2034 sed
1149 2004 1174 2034 si

223 2045 255 2076 in
286 2045 423 2076 frustum
453 2045 543 2084 panis
573 2051 629 2075 aut
659 2045 790 2075 alterius
819 2044 880 2074 cibi
908 2044 1078 2082 incidisset,
1110 2055 1174 2076 non

222 2097 319 2119 ausus
357 2093 463 2118 tamen
501 2092 585 2118 esset
615 2088 781 2127 attingere.
827 2087 914 2117 Sane
943 2088 968 2117 si
999 2087 1175 2127 prudenter

223 2141 331 2161 secum
346 2129 478 2161 Samuel
487 2129 516 2171 a)
536 2129 622 2160 illius
642 2130 870 2160 exsecrationis
889 2134 1038 2160 eventum
1059 2141 1175 2170 expen-

222 2172 329 2210 disset,
353 2183 415 2203 non
440 2178 506 2203 tam
529 2173 717 2203 temerarius
743 2172 861 2203 fuisset.
907 2172 999 2210 Nam,
1030 2178 1066 2203 ut
1089 2174 1174 2204 vide-

221 2225 301 2249 mus,
330 2215 368 2245 ad
400 2215 564 2246 vitandam
597 2214 847 2246 exsecrationem
877 2215 910 2245 in
940 2215 1029 2254 peius
1053 2216 1172 2247 malum

220 2257 343 2297 plebem
375 2257 516 2288 induxit:
548 2263 579 2288 et
610 2259 676 2297 ipse
705 2257 904 2288 Ionathanus
934 2257 971 2288 de
1000 2259 1067 2290 vita
1090 2259 1172 2299 peri-

220 2299 348 2331 clitatus
382 2305 446 2336 est,
481 2310 577 2339 quam
611 2301 680 2331 sinc
704 2299 804 2339 plebis
832 2300 1058 2332 intercessione
1093 2302 1171 2332 ami-

220 2342 328 2373 sisset:
364 2341 419 2372 sed
462 2342 549 2373 Deus
572 2342 673 2382 plebis
702 2343 926 2374 intercessione
957 2343 1055 2374 voluit
1085 2349 1173 2375 tanto

219 2384 303 2415 malo
327 2383 457 2424 mederi,
481 2390 516 2415 ut
539 2390 611 2415 ante
635 2384 785 2422 vidimus,
809 2390 840 2416 et
859 2385 1007 2425 deinceps
1027 2387 1173 2426 pluribus

219 2427 323 2458 adhuc
346 2426 425 2457 illud
449 2437 687 2467 persequemur.

304 2469 371 2500 Iam
396 2480 471 2500 vero
494 2479 602 2501 coram
626 2469 687 2500 Dei
714 2472 764 2501 etc.

303 2604 330 2637 *)
351 2604 394 2631 Sic
412 2604 501 2635 codex,
520 2605 587 2637 leqe:
607 2605 678 2631 Saul.

1506 260 1748 301 ssoMlLIA
1775 261 1925 302 XLIX.

1324 342 1373 372 35.
1398 342 1581 381 Aedificavit
1603 348 1702 375 autem
1725 345 1803 377 Saul
1825 347 1922 378 altare
1940 348 2091 380 Domino:
2113 350 2196 380 tunc-

1240 394 1295 422 que
1317 385 1411 423 coepit
1426 385 1567 423 primum
1590 388 1749 425 aedificare
1771 389 1871 420 altare
1896 390 2033 422 Domini.
2079 391 2129 422 36.
2153 390 2197 421 Et

1239 426 1319 457 dixit
1350 426 1443 459 Saul:
1490 428 1656 460 Irruamus
1689 441 1780 469 Super
1810 432 2018 464 Pliilisthacos
2047 437 2138 473 nocte,
2170 436 2196 464 et

1239 471 1391 500 vastemus
1420 480 1468 501 eos
1497 480 1592 510 usquc
1622 473 1694 503 dum
1723 474 1877 505 illucescat
1899 485 1996 514 manc,
2028 487 2079 507 nec
2101 477 2195 508 relin-

1239 521 1370 550 quamus
1394 522 1430 542 ez
1453 513 1497 543 eis
1519 514 1630 552 virum,
1660 515 1796 555 dixitque
1812 518 1966 556 populus:
1999 518 2093 550 Omne
2115 519 2194 558 quod

1239 553 1347 585 bonum
1381 555 1500 586 videtur
1529 556 1561 586 in
1591 557 1685 588 oculis
1707 560 1777 598 tuis,
1809 560 1877 598 fac:
1910 560 1952 590 Et
1974 561 2019 591 ait
2036 562 2191 593 sacerdos:

1239 596 1430 628 Accedamus
1461 597 1518 628 huc
1550 599 1591 629 ad
1623 599 1733 631 Deum.
1778 601 1827 632 37.
1862 602 1904 633 Et
1936 604 2086 634 consuluit
2115 603 2194 635 Saul

1239 638 1361 670 Deum:
1395 639 1480 670 Num
1496 651 1667 681 persequar
1688 642 1890 684 Plzilisthiim,
1919 646 1947 676 si
1969 646 2071 677 trades
2094 657 2141 677 eos
2160 647 2193 676 in

1238 691 1350 712 manus
1373 682 1491 713 Israel:
1520 683 1573 713 sed
1595 695 1653 715 non
1675 687 1830 724 respondit
1852 687 1880 717 ei
1904 688 1934 718 in
1958 688 2007 719 die
2029 689 2094 720 illa.
2140 689 2189 720 38.

1238 723 1389 764 Dia-itque
1417 724 1511 756 Saul.-
1541 726 1703 765 Applicate
1731 728 1788 759 huc
1806 730 1967 761 universos
1988 731 2117 771 anyulos
2133 741 2192 771 po-

1233 767 1316 805 puii,
1345 770 1371 798 ct
1400 768 1510 806 scitote,
1541 771 1566 798 et
1587 770 1681 801 videte
1697 781 1756 809 per
1778 782 1864 810 quem
1887 773 2029 804 acciderit
2051 773 2104 806 hoc
2120 784 2192 813 pec-

1237 812 1336 840 catum
1372 809 1469 841 hodie.
1514 810 1563 842 39.
1606 812 1687 843 Vivit
1724 813 1877 845 Dominus
1909 815 2044 846 salvator
2077 817 2190 854 Israel,

1236 852 1311 891 quia
1332 852 1362 883 si
1379 862 1437 891 per
1461 853 1613 884 Ionatham
1634 855 1735 893 filium
1756 866 1854 887 mcum
1870 857 1985 896 factum
2004 861 2054 897 est,
2079 859 2190 899 absque

1236 895 1445 926 retractatione
1472 896 1627 927 morietur.
1672 899 1725 928 Aa
1761 899 1839 938 qaod
1867 900 1972 931 nullus
2000 902 2189 933 contradixit

1236 937 1264 968 ei
1287 947 1325 968 ex
1346 938 1428 968 omni
1445 938 1571 977 populo.
1609 939 1658 971 40.
1683 940 1725 971 Et
1747 942 1790 971 ait
1813 942 1854 972 ad
1875 943 2051 974 universum
2071 943 2189 975 Israel:

1238 979 1438 1019 Separamim'
1467 991 1518 1011 vos
1548 982 1580 1012 in
1605 986 1726 1022 partem
1748 994 1851 1022 unam,
1881 987 1907 1015 et
1929 995 1979 1025 eqo
2003 996 2069 1017 cum
2094 987 2188 1018 Iona-

1234 1022 1329 1054 thano
1360 1022 1425 1062 filio
1459 1033 1521 1054 meo
1554 1034 1604 1054 ero
1638 1025 1669 1055 in
1698 1029 1788 1065 parte
1810 1027 1917 1058 altera.
1964 1027 2189 1069 Responditque

1231 1065 1366 1147 populfus
1404 1066 1446 1097 ad
1486 1065 1580 1097 Saul.-
1617 1068 1701 1106 Quod
1733 1068 1840 1100 bonum
1873 1070 1992 1101 videtur
2024 1072 2057 1102 in
2091 1072 2188 1104 oculis

1234 1109 1297 1139 tuis
1334 1117 1378 1140 ac.

1319 1193 1492 1233 Superiore
1515 1194 1665 1226 concione
1688 1195 1836 1234 pietatem
1861 1196 1970 1229 Saulis
1993 1198 2186 1237 audivimus,

1235 1236 1289 1276 qui
1315 1237 1468 1276 populum
1492 1248 1533 1267 ne
1556 1237 1707 1268 adversus
1731 1237 1833 1278 legem
1857 1239 1992 1279 pecudes
2015 1251 2086 1272 cum
2112 1252 2185 1273 san-

1235 1279 1332 1318 guine
1354 1279 1547 1310 comedendo
1570 1286 1714 1320 peccaret
1748 1280 1947 1313 cohibuerat:
1972 1293 2068 1323 seque
2098 1285 2129 1315 in
2149 1295 2185 1316 eo

1234 1321 1316 1352 facto
1341 1321 1468 1352 fortiter
1499 1327 1654 1362 gesserat:
1688 1322 1739 1354 hic
1768 1323 1915 1355 adiicitur
1944 1325 2034 1356 illum
2059 1333 2185 1358 exstru-

1234 1366 1318 1395 xisse
1342 1364 1482 1396 Domino
1506 1365 1606 1395 altare
1628 1365 1666 1395 ad
1691 1365 1953 1398 sacrificandum:
1976 1369 2057 1408 quod
2077 1380 2133 1409 per
2152 1380 2185 1401 se

1234 1406 1327 1438 laude
1350 1406 1483 1447 dignum
1509 1412 1567 1438 est:
1599 1408 1653 1438 sed
1677 1408 1832 1444 adiicitur,
1868 1408 1996 1441 Saulem
2020 1411 2097 1442 illud
2121 1413 2184 1452 pri-

1235 1460 1322 1480 mum
1349 1450 1449 1481 altare
1479 1451 1686 1481 exstruxisse.
1731 1450 1866 1489 Quidam
1892 1463 1967 1484 vero
1997 1454 2185 1485 existimant

1233 1492 1296 1523 illis
1326 1492 1434 1523 verbis
1462 1493 1635 1533 significari
1666 1493 1724 1524 hoc
1754 1494 1890 1533 primum
1922 1494 2021 1527 fuisse
2043 1496 2142 1528 altare
2166 1508 2184 1528 a

1234 1534 1331 1566 Saule
1364 1540 1573 1566 exstructum.
1619 1535 1719 1575 Atqui
1748 1542 1867 1567 certum
1890 1543 1938 1568 est
1961 1539 2090 1570 unicum
2115 1546 2185 1570 tan-

1234 1581 1302 1608 tum
1334 1588 1403 1608 esse
1438 1578 1537 1609 altare
1571 1579 1746 1618 oportuisse
1781 1580 1812 1609 in
1846 1580 1961 1619 populo
1994 1582 2183 1614 israelitico:

1232 1630 1330 1660 quare
1353 1620 1379 1651 si
1410 1621 1481 1660 quis
1504 1620 1635 1652 Saulem
1666 1626 1734 1651 utet
1765 1622 1856 1660 plura
1878 1625 2094 1660 exstruxisse,
2127 1632 2183 1656 aut

1231 1662 1314 1703 quod
1339 1667 1407 1694 tum
1432 1663 1519 1694 nulla
1538 1669 1644 1694 essent
1663 1670 1826 1694 exstruere
1844 1666 1994 1704 coepisse,
2019 1677 2081 1697 non
2102 1667 2181 1699 bene

1231 1706 1401 1737 conveniet
1431 1716 1526 1746 supra
1549 1705 1655 1737 dictis:
1688 1706 1944 1746 quandoquidem
1968 1708 2030 1739 iam
2055 1720 2180 1741 sacrum

1231 1749 1349 1779 fecerat
1377 1748 1455 1779 Saul
1486 1753 1674 1788 exspectans
1697 1748 1856 1780 Samuelis
1879 1750 2062 1783 adventum.
2087 1754 2180 1792 quod,

1231 1796 1265 1821 ut
1305 1796 1381 1821 ante
1421 1791 1570 1829 diximus,
1611 1792 1678 1822 sine
1719 1792 1810 1822 altari
1845 1792 1914 1822 fieri
1950 1803 2012 1824 non
2047 1801 2179 1834 poterat.

1230 1833 1339 1872 Quare
1362 1835 1566 1864 statuendum
1590 1840 1636 1865 est
1659 1845 1719 1864 non
1744 1834 1841 1864 fuisse
1863 1835 1947 1865 istud
1972 1837 2110 1875 primum
2135 1839 2180 1869 al·

1229 1880 1298 1907 tare
1334 1887 1351 1907 a
1385 1876 1484 1908 Saule
1517 1882 1748 1908 constructum:
1787 1882 1817 1907 et
1850 1879 2046 1909 contrarium
2082 1880 2178 1911 etiam

1229 1924 1370 1959 apparet.
1416 1919 1498 1950 Nam
1530 1924 1602 1950 ante
1633 1919 1767 1949 vidimus
1797 1918 1888 1949 illum
1919 1921 1997 1952 satis
2028 1923 2136 1961 procul
2161 1934 2179 1954 a

1228 1962 1412 1992 Philistaeis
1444 1962 1552 2000 fuisse,
1583 1969 1614 1993 et
1637 1961 1868 2000 quodammodo
1891 1968 2085 1995 metuentem
2109 1965 2178 1996 illo-

1229 2015 1300 2034 rum
1325 2004 1562 2035 multitudinem
1586 2004 1782 2035 continuisse
1805 2014 1838 2034 se
1860 2005 1947 2035 intra
1969 2012 2083 2038 castra.
2107 2007 2177 2038 Iam

1229 2057 1304 2078 vero
1335 2047 1452 2078 dieitur
1479 2047 1549 2078 illos
1578 2047 1765 2086 insequutus
1794 2046 1830 2076 ad
1856 2053 1981 2078 noctem
2006 2059 2113 2089 usque,
2145 2056 2177 2081 et

1227 2089 1422 2129 percussisse
1452 2089 1570 2130 insigni
1594 2089 1687 2130 plaga
1711 2099 1728 2119 a
1754 2089 1929 2120 Michmaso
1954 2101 2054 2131 usque
2077 2092 2178 2123 Haia-

1227 2132 1342 2163 lonem.
1388 2132 1496 2170 Quare
1529 2138 1659 2172 apparet
1693 2142 1755 2162 non
1789 2131 1849 2162 alio
1880 2132 1946 2163 loco
1977 2140 2177 2166 exstructum

1227 2175 1336 2211 altare,
1366 2185 1460 2214 quam
1491 2175 1523 2205 in
1548 2185 1608 2214 quo
1631 2175 1692 2205 iam
1717 2175 1925 2212 sacrificarat‚
1956 2186 2056 2216 neque
2080 2177 2176 2208 etiam

1227 2218 1311 2248 aliud
1343 2228 1359 2247 a
1390 2218 1493 2257 priore
1522 2217 1576 2247 illo
1605 2217 1643 2247 de
1672 2227 1732 2256 quo
1763 2223 1836 2247 ante
1866 2218 1948 2248 facta
1979 2220 2099 2250 mentio
2119 2226 2175 2251 est.

1226 2260 1394 2299 Quomodo
1423 2261 1530 2299 itaque
1562 2260 1701 2290 dicemus
1731 2259 1938 2298 intelligenda
1968 2260 2045 2292 haec
2070 2262 2174 2297 verba,

1226 2302 1350 2334 Saulem
1393 2303 1589 2342 exstruxisse,
1633 2304 1659 2332 et
1701 2301 1752 2332 hoc
1786 2302 1925 2340 primum
1957 2305 2174 2336 exstruxisse?

1225 2346 1347 2385 Nempe
1378 2346 1573 2376 exstruxisse
1603 2344 1641 2374 ad
1673 2344 1870 2374 durationem
1895 2344 2044 2376 dicemus.
2091 2347 2174 2378 Nam

1226 2388 1319 2419 facile
1360 2387 1538 2427 colligimus
1580 2386 1771 2426 peculiarem
1805 2386 1945 2426 aliquam
1979 2394 2173 2421 structuram

1226 2431 1339 2461 notari.
1385 2430 1466 2460 Nam
1497 2430 1522 2460 si
1554 2429 1652 2460 altare
1689 2439 1726 2459 ex
1764 2428 1869 2469 politis
1901 2430 2057 2469 lapidibus
2088 2439 2172 2463 stru-

1226 2475 1332 2509 xisset,
1351 2473 1491 2512 graviter
1510 2471 1599 2502 illum
1620 2472 1678 2502 hac
1698 2472 1728 2502 in
1748 2478 1837 2511 parte
1856 2472 1951 2503 fuisse
1969 2480 2172 2512 peccaturum

1225 2516 1325 2546 cuivis
1358 2520 1468 2545 notum
1503 2519 1565 2545 est:
1599 2512 1683 2553 quod
1716 2513 1832 2545 diserte
1861 2521 1987 2545 cautum
2018 2522 2101 2548 esset
2133 2528 2173 2548 ne

1227 2558 1296 2598 quis
1319 2557 1382 2588 tale
1404 2557 1503 2587 altare
1526 2556 1714 2588 aedificaret.
1760 2556 1855 2587 Ratio
1876 2557 1934 2588 fuit
1952 2558 1984 2588 in
2005 2566 2175 2600 promptu:

1226 2611 1265 2631 ne
1288 2599 1424 2640 populus
1447 2599 1505 2630 sibi
1529 2609 1626 2630 novos
1649 2599 1752 2631 cultus
1775 2604 1805 2630 et
1824 2599 2005 2632 devotiones
2024 2602 2173 2643 fingeret,

1936 2650 1967 2675 4*
