2551 3044
416 231 478 262 559
1262 226 1464 258 HOMILIA
1489 227 1578 259 XCI.

419 322 676 365 perventurum?
713 322 934 362 Quamobrem
966 332 1002 353 eo
1039 321 1197 362 insignior
1229 320 1386 361 Abigailis

420 367 508 403 tides,
542 377 606 405 quo
639 365 842 397 constantior
876 365 946 402 fuit,
979 369 1011 394 ot
1043 364 1204 404 superatis
1237 364 1387 395 omnibus

419 410 481 440 illis
505 408 750 440 difficultatibus
773 407 889 447 quibus
908 407 1050 438 exerceri
1064 405 1227 437 Davidem
1247 406 1386 443 videbat,

417 451 608 491 simpliciter
650 450 712 482 Dei
751 449 1020 490 promissionibus
1060 449 1252 489 acquiescit:
1291 459 1386 489 quem

417 495 543 526 fidelem
579 505 648 525 esse
682 498 894 534 cognoverat,
928 503 964 524 ac
1002 491 1139 532 proinde
1172 502 1252 532 quae
1285 492 1386 532 ipsius

416 537 570 568 mandato
591 536 753 577 praedicta
774 540 850 566 sunt
880 545 939 567 suo
965 539 1110 575 tempere
1133 536 1296 575 perficere.
1332 534 1385 565 Id-

416 580 500 612 circo
525 579 662 611 Davidis
686 589 822 619 regnum
836 577 967 618 Abigail
987 584 1095 608 mente
1113 578 1270 617 concepit,
1294 578 1386 608 cuius

419 623 588 654 hominum
613 621 730 652 iudicio
754 621 843 652 nulla
868 626 938 651 crat
960 630 1042 659 spes.

504 666 663 705 Deinceps
701 664 849 704 sequitur
880 662 1041 694 Davidem
1079 662 1127 694 illi
1164 663 1383 694 benedixisse:

419 708 475 740 sed
506 709 540 739 in
572 708 684 748 primis
716 708 821 738 Deum
854 705 1021 743 laudasse,
1051 711 1084 736 et
1111 705 1214 737 eidem
1245 705 1385 746 Abigaili

417 752 617 791 gratulatum
648 751 757 787 fuisse,
788 755 819 780 et
850 750 972 789 gratias
1002 749 1123 789 egisse,
1153 747 1238 788 quod
1270 748 1385 788 optimi

417 794 542 826 consilii
567 794 679 824 fuisset
701 793 763 832 ipsi
786 799 906 829 auctor,
937 796 969 822 et
992 791 1032 822 ab
1055 790 1197 822 humano
1227 791 1385 831 sanguine

417 837 580 868 fundendo
603 835 784 866 avertisset.
822 834 872 865 Ex
896 844 958 874 quo
981 840 1114 874 apparet
1132 833 1293 864 Davidem
1317 834 1385 864 suis

417 879 584 911 affectibus
609 889 672 909 non
695 877 885 909 indulsisse:
910 876 965 908 sed
991 877 1078 908 velut
1100 877 1226 908 iniectis
1251 876 1385 907 habenis

417 933 435 953 a
466 922 606 953 Domino
637 922 719 952 iram
751 920 952 961 repressisse,
984 926 1015 950 et
1046 930 1065 950 a
1095 919 1259 959 proposita
1287 918 1384 950 caede

416 1007 501 1038 malo
529 1017 587 1038 sua
619 1005 821 1047 providentia
855 1006 1055 1037 occurrisset.

418 1051 546 1082 vatione
570 1049 729 1090 singulari
753 1049 884 1080 factum.
930 1047 1014 1079 Nam
1045 1048 1237 1088 plerumque
1260 1047 1384 1078 vindic-

418 1101 469 1124 tae
492 1091 600 1133 cupidi
624 1093 783 1129 homines,
807 1097 839 1122 et
862 1091 928 1122 suis
947 1090 1115 1122 affectibus
1136 1090 1240 1121 locum
1261 1090 1384 1125 dantes,

418 1146 584 1176 nunquam
615 1135 848 1175 conquiescunt
876 1134 938 1164 nisi
971 1144 1005 1164 re
1035 1133 1194 1174 perfecta,
1225 1137 1257 1163 et
1287 1142 1385 1172 quam

418 1178 502 1219 apud
527 1189 560 1210 se
583 1182 767 1210 statuerunt
797 1177 919 1208 ultione
948 1176 1046 1207 sacta:
1079 1176 1158 1206 adeo
1189 1175 1317 1215 quidem
1350 1180 1386 1205 ut
1410 1178 1412 1211 ζ

418 1223 446 1253 si
481 1232 577 1262 quam
611 1221 677 1252 illis
712 1220 803 1251 Deus
837 1229 994 1250 remoram
1030 1226 1085 1250 aut
1118 1218 1384 1258 impedimentum

417 1264 548 1300 iniiciat,
574 1263 724 1295 dentibus
747 1262 962 1297 infrendeant‚
987 1268 1018 1292 et
1042 1269 1195 1301 tanquam
1215 1261 1301 1291 ferae
1325 1261 1384 1291 im-

421 1318 534 1338 manes
558 1308 705 1338 fraenum
729 1305 906 1341 mordeant,
930 1310 963 1335 et-
975 1304 1132 1335 adversus
1146 1303 1252 1334 Deum
1277 1305 1383 1343 ipsum
1410 1326 1411 1330 ,

419 1351 601 1391 ringantur.
647 1349 700 1380 At‘
720 1355 834 1380 contra
858 1347 967 1378 David
997 1346 1049 1377 hic
1079 1346 1185 1386 palam
1216 1346 1385 1386 profitetur

420 1403 454 1424 se
477 1393 516 1424 ab
540 1391 722 1423 istiusmodi
747 1390 916 1422 affectibus
939 1389 1184 1425 alienissimum,
1218 1389 1304 1420 nolle
1328 1388 1384 1419 ad-

420 1446 532 1467 versus
556 1435 661 1466 Deum
691 1434 875 1474 insurgere:
907 1438 939 1463 et
967 1432 1042 1463 licet
1070 1431 1220 1463 nonnihil
1250 1431 1385 1462 humani
1411 1436 1412 1439 ’

420 1489 533 1519 passus
557 1485 648 1513 esset,
679 1476 802 1517 placida
826 1481 934 1506 mente
964 1475 1108 1506 mulieris
1140 1473 1310 1506 consilium
1330 1473 1385 1504 ad·
1411 1496 1412 1503 1

418 1522 553 1555 misisse.
578 1530 673 1560 quam
699 1530 715 1550 a
733 1520 800 1550 Deo
815 1518 1025 1558 praemissam
1037 1517 1180 1558 agnovit,
1204 1523 1239 1548 ut
1257 1527 1384 1548 summo

420 1564 505 1595 malo
528 1565 589 1594 iret
612 1563 752 1593 obviam.
797 1561 921 1592 Idcirco
951 1561 983 1591 in
1015 1561 1129 1600 primis
1153 1560 1259 1591 Deum
1288 1559 1384 1590 bene-

422 1607 515 1642 dicit,
560 1615 738 1646 agnoscens
777 1615 842 1635 non
884 1603 982 1634 fuisse
1017 1603 1187 1634 fortuitum
1222 1601 1384 1643 Abigailis

421 1658 600 1685 occursum,
625 1658 686 1688 quo
710 1647 822 1678 sedata
844 1646 946 1686 ipsius
969 1646 1018 1677 ira
1040 1645 1163 1677 fuisset.
1197 1645 1285 1676 Rara
1308 1655 1385 1676 sane

422 1692 453 1723 in
481 1691 665 1722 hominibus
689 1690 802 1728 virtus,
826 1699 904 1729 quos
929 1689 1117 1729 plerumque
1148 1689 1312 1720 cernimus
1341 1688 1386 1718 ita

421 1735 488 1765 suis
512 1733 681 1765 affectibus
705 1738 907 1763 transversos
936 1731 988 1772 agi
1019 1736 1049 1762 et
1081 1731 1316 1771 praeoccupari,
1351 1736 1387 1761 ut

421 1777 519 1808 nullis
543 1775 815 1807 admonitionibus
839 1774 945 1806 locum
967 1774 1162 1814 relinquant,
1185 1783 1289 1813 neque
1312 1783 1346 1804 se
1369 1783 1387 1804 a
1412 1782 1413 1786 ¹

421 1819 584 1861 proposito
608 1818 765 1850 dimoveri
789 1817 964 1858 patiantur.
1003 1816 1083 1848 Inde
1107 1817 1206 1857 igitur
1228 1827 1268 1847 ex
1291 1816 1387 1847 affec·
1412 1831 1413 1837 1

423 1870 515 1894 tuum
539 1862 693 1893 nimirum
718 1860 925 1892 vehementia
948 1861 1094 1891 nascitur
1123 1861 1157 1890 in
1180 1859 1290 1899 pravis
1313 1868 1385 1889 con-

422 1905 503 1937 siliis
526 1903 743 1945 exsequendis
766 1903 952 1944 pertinacia.
999 1903 1067 1934 Nos
1096 1903 1196 1943 igitur
1226 1901 1388 1933 discamus

421 1948 518 1980 officii
559 1947 716 1979 admoniti
756 1947 795 1977 ab
837 1946 964 1986 incepto
999 1945 1171 1983 desistere,
1205 1955 1245 1976 ne
1280 1944 1387 1975 Deum

422 1991 526 2031 magis
549 1990 583 2021 in
607 2000 664 2021 nos
684 2000 905 2030 provocemus,
930 1988 984 2020 sed
1004 1998 1078 2020 eum
1092 1988 1198 2028 potius
1209 1997 1388 2028 precemur,

423 2039 459 2065 ut
481 2033 597 2073 spiritu
621 2043 680 2064 suo
704 2043 760 2064 nes
784 2038 885 2072 regat,
916 2032 984 2062 sine
1007 2031 1102 2063 euius
1131 2041 1191 2072 ope
1221 2039 1348 2069 semper
1370 2040 1389 2060 a
1414 2040 1415 2072 ᾗ

424 2083 511 2107 recta
546 2076 599 2106 via
633 2075 848 2106 deflectemus.
896 2074 997 2111 Nam,
1032 2084 1168 2114 quaeso,
1203 2083 1243 2104 an
1278 2071 1387 2103 David

423 2120 509 2151 ultro
532 2118 681 2150 cessisset
705 2118 841 2155 mulieri,
872 2117 934 2148 nisi
958 2116 1048 2148 Deus
1072 2117 1134 2157 ipsi
1157 2115 1274 2147 bonam
1297 2125 1387 2146 men-

424 2169 488 2193 tem
519 2161 690 2198 iniecisset‚
719 2170 877 2200 suumque
907 2160 1056 2191 timorem
1088 2160 1121 2190 in
1152 2159 1253 2199 ipsius
1281 2158 1389 2189 animo

425 2203 669 2244 insculpsisset?
695 2202 782 2235 Sane
805 2213 903 2243 quum
926 2203 995 2234 sine
1012 2202 1220 2234 altercatione
1243 2200 1389 2232 mulieris

425 2248 513 2279 illius
537 2246 643 2278 verbis
666 2245 772 2277 sedari
795 2256 829 2277 se
853 2255 966 2285 passus
989 2250 1045 2283 est,
1075 2250 1108 2276 et
1137 2243 1279 2277 consiliis
1302 2243 1389 2274 illius

425 2289 669 2329 obtemperavit,
692 2289 822 2329 signum
844 2289 905 2319 fuit
923 2288 1030 2328 ipsum
1044 2298 1108 2319 non
1128 2289 1160 2318 in
1173 2287 1234 2318 hac
1253 2285 1389 2317 muliere

425 2332 623 2365 substitisse:
651 2331 707 2363 sed
737 2331 834 2362 altius
857 2331 896 2362 ad
920 2331 1027 2362 Deum
1052 2330 1277 2367 assurrexisse,
1300 2331 1390 2360 cuius

426 2375 633 2416 providentia
655 2384 719 2405 non
734 2380 841 2405 autem
854 2384 930 2406 casu
953 2373 1085 2404 fortuito
1099 2372 1159 2405 sibi
1172 2373 1257 2404 facta
1278 2372 1390 2403 fuisset

427 2419 532 2449 obvia.
567 2418 655 2449 Hinc
679 2417 839 2448 diseamus
862 2416 1017 2456 prohibiti
1038 2416 1123 2456 quod
1146 2416 1254 2447 animo
1276 2414 1391 2446 consti-

427 2468 592 2492 tueramus
612 2460 754 2499 exsequi,
771 2470 965 2500 cognoscere
981 2459 1084 2490 Deum
1100 2459 1200 2490 nostri
1220 2457 1388 2489 misertum

426 2504 532 2540 fuisse,
564 2503 720 2543 nobisque
750 2512 908 2533 remoram
939 2512 978 2533 ne
1008 2502 1092 2532 ultra
1123 2500 1390 2542 progrederemur

427 2547 584 2577 iniecisse.
631 2546 674 2576 Et
707 2546 733 2576 si
767 2545 902 2576 consilia
937 2550 1047 2575 nostra
1082 2544 1183 2575 fracta
1217 2549 1308 2580 sunt,
1350 2552 1390 2573 ne

428 2589 560 2620 moleste
580 2589 731 2624 feramus,
755 2598 837 2618 neve
862 2587 1071 2627 indignemur
1089 2587 1260 2618 cohibitam
1285 2590 1318 2616 et
1340 2595 1390 2616 re-

428 2642 570 2671 pressam
596 2630 795 2662 iracundiam
820 2636 965 2661 nostram
984 2630 1090 2667 fuisse,
1115 2640 1217 2670 neque
1236 2628 1391 2660 adversus

430 2675 535 2706 Deum
559 2673 807 2706 contendamus:
837 2673 892 2705 sed
916 2673 1024 2713 potius
1046 2672 1197 2704 laudibus
1219 2675 1252 2702 et
1275 2670 1391 2712 gratia-

1461 1562 1622 1597 roiitetum

1439 1572 1545 1640 i‘uerit,
1569 1609 1601 1633 et
1624 1614 1642 1634 a
1665 1602 1799 1634 Nabalis
1822 1602 1945 1633 familia
1968 1602 2173 1642 destruenda,
2195 1602 2402 1642 quemadmo-

2350 230 2415 262 560

1441 332 1511 351 rum
1537 320 1717 352 actionibus
1730 321 1833 361 ipsius
1853 332 1968 353 nomen
1983 321 2217 361 praedicemus,
2241 323 2327 363 quod
2350 334 2410 357 nos

1440 364 1542 403 abripi
1567 374 1584 394 a
1608 363 1840 403 cupiditatibus
1864 365 1984 396 nostris
2009 375 2071 395 non
2097 366 2291 405 permiserit.

1525 407 1683 449 Sequitur
1703 406 1855 446 deinceps
1878 407 2052 447 gratulatio
2065 406 2202 438 Davidis
2226 408 2265 439 ad
2278 407 2409 445 Abigai-

1440 449 1517 480 leni:
1534 449 1735 480 Beuedictmn
1753 449 1917 480 consilium
1935 453 2029 487 tuum,
2045 449 2258 490 benedictaque
2275 454 2308 482 tu
2327 451 2409 491 ipsa,

1438 502 1516 531 quae
1538 492 1721 522 continuisti
1743 502 1791 522 me
1811 491 1864 524 hoc
1888 493 1955 531 ipso
1977 492 2027 524 die
2049 502 2086 523 ne
2108 493 2221 524 inirem
2243 494 2359 532 caedes,
2383 497 2410 526 et

1438 535 1607 565 vindicaret
1647 544 1695 565 me
1734 545 1848 566 manus
1887 545 1963 566 mea.
2021 535 2203 566 Consilium
2247 537 2408 577 Abigailis

1440 577 1633 607 benedicens
1654 577 1822 616 profitetur
1851 588 1886 608 se
1917 588 2090 618 agnoscere
2121 588 2138 608 a
2161 577 2304 610 Domino
2333 589 2408 619 pro-

1439 622 1573 650 fectum:
1607 626 1638 649 et
1662 620 1766 659 ipsam
1789 621 1886 651 etiam
1912 620 2107 652 benedicens
2131 626 2269 652 testatur
2292 631 2327 653 se
2350 621 2406 654 ad-

1440 662 1632 693 monitiones
1644 663 1745 702 ipsius
1767 670 1896 694 sanetas
1909 662 2089 700 admittere,
2114 669 2147 694 et
2157 670 2271 703 sponte
2283 664 2406 702 cedere,

1438 713 1468 736 et
1492 706 1714 745 obtemperare
1737 705 1819 737 bene
1844 706 1988 736 monenti
2013 712 2160 745 paratum
2184 716 2264 737 esse.
2310 706 2406 746 Quod

1437 748 1662 778 observatione
1685 758 1812 779 summa
1835 748 1969 789 dignum
1993 756 2058 779 est:
2089 748 2345 789 quandoquidem
2370 750 2405 781 in

1437 791 1637 821 contrarium
1670 791 1746 821 ferri
1777 790 1926 822 homines
1959 795 2075 822 natura
2105 801 2164 822 sua
2193 798 2317 823 certum
2346 798 2404 824 est.

1439 834 1520 864 Nam
1545 834 1610 863 fere
1634 843 1746 864 omnes
1778 833 1889 865 videas
1919 835 1980 865 etsi
2010 834 2176 865 convictos
2204 834 2243 865 de
2272 834 2404 873 malitia,

1438 883 1467 907 et
1493 876 1532 906 ab
1557 876 1624 915 ipso
1650 875 1790 907 Domino
1815 877 1979 916 coercitos,
2004 882 2039 907 ut
2063 876 2102 907 ad
2127 876 2293 908 meliorem
2318 888 2407 909 men-

1410 951 1412 955 ,
1438 926 1499 949 tem
1517 925 1731 954 revertantur,
1753 918 1966 950 nihilominus
1987 926 2093 950 tamen
2107 919 2148 950 iis
2161 920 2255 951 irasci
2268 930 2404 960 quorum

417 965 516 996 fuisse
539 964 741 1000 deterritum,
766 963 900 1003 Deoque
913 962 1035 1003 gratias
1059 963 1162 1003 egisse
1185 961 1269 1002 quod
1294 968 1384 992 tanto
1410 981 1412 1002 ,¹

1102 1004 1247 1045 Dignum
1277 1004 1385 1035 obser·
1410 1004 1411 1030 ἶ

1438 961 1617 992 ministerio
1649 961 1738 993 Deus
1768 961 1807 992 ad
1837 961 1908 992 illos
1937 961 2156 993 admonendos
2191 972 2269 994 usus
2299 962 2405 1001 fuerit,

1437 1012 1467 1035 et
1499 1004 1569 1035 istis
1600 1014 1638 1035 ae
1667 1004 1827 1035 similibus
1858 1004 1990 1036 vocibus
2024 1005 2201 1045 increpare.
2247 1004 2334 1044 Quid
2358 1005 2404 1037 illi

1410 1055 1412 1086 12
1437 1057 1562 1078 mecum
1588 1047 1633 1077 rei
1657 1053 1714 1082 est,
1738 1057 1796 1078 cur
1819 1058 1876 1078 sua
1897 1057 1959 1078 non
1984 1053 2085 1085 curat,
2109 1057 2181 1078 mea
2204 1047 2284 1079 mihi
2306 1048 2404 1080 relin-

1410 1118 1411 1121 ,
1436 1091 1502 1130 quit
1528 1089 1680 1130 negotia?
1704 1089 1827 1120 Contra
1849 1099 1926 1121 vero
1939 1089 2101 1121 Davidem
2126 1097 2191 1121 tam
2216 1101 2312 1131 agere
2335 1090 2406 1122 Deo

1437 1133 1557 1173 gratias
1571 1132 1733 1163 videmus:
1758 1132 1842 1172 quod
1867 1133 1970 1172 ipsum
1995 1143 2013 1163 a
2036 1132 2134 1164 caede
2156 1133 2305 1164 facienda
2316 1133 2406 1165 cohi·

1438 1176 1549 1211 buerit,
1574 1182 1605 1205 et
1628 1185 1750 1215 pravae
1773 1185 1850 1206 suae
1879 1175 2049 1215 cupiditati
2074 1175 2217 1207 habenas
2239 1176 2404 1208 iniecerit:

1411 1258 1412 1263 1
1437 1229 1531 1258 quain
1555 1218 1652 1248 simul
1676 1218 1772 1248 etiam
1804 1217 1931 1249 mulieri
1959 1218 2004 1249 illi
2033 1218 2222 1250 benedicere
2253 1229 2336 1259 quae
2363 1219 2404 1250 ad

1437 1261 1565 1292 caedem
1606 1260 1773 1291 festinanti
1815 1261 1956 1292 venisset
1996 1261 2141 1297 obviam,
2183 1268 2215 1292 et
2255 1261 2404 1294 fidelibus

1438 1304 1566 1334 monitis
1590 1304 1696 1343 ipsum
1721 1314 1739 1334 a
1762 1304 1926 1343 proposito
1947 1303 2144 1335 dimovisset.
2181 1304 2283 1335 Porro
2298 1304 2404 1336 David

1410 1387 1412 1389 Ι
1439 1347 1506 1377 istis
1531 1346 1637 1377 verbis
1661 1346 1804 1386 Abigaili
1829 1346 1941 1377 tribuit
1964 1347 2047 1386 quod
2071 1346 2199 1387 Abigail
2223 1351 2320 1378 antea
2331 1346 2403 1378 Deo

1438 1390 1613 1425 tribuerat,
1645 1399 1744 1429 quum
1775 1389 1924 1428 superius
1955 1389 2060 1429 ipsum
2099 1389 2264 1429 alloquens
2303 1389 2404 1420 dixit:

1440 1432 1531 1463 Nunc
1554 1442 1635 1472 erqo,
1658 1432 1780 1462 domine
1802 1431 1861 1469 mi,
1893 1435 1926 1462 ut
1956 1432 2031 1463 vivit
2058 1432 2188 1470 Iehova,
2215 1434 2241 1463 et
2266 1435 2299 1463 ut
2327 1433 2406 1464 vivit

1438 1476 1546 1506 anima.
1569 1477 1631 1514 tem,
1656 1474 1899 1514 quandoquidem
1922 1474 2035 1505 cohibet
2065 1477 2091 1505 te
2114 1474 2227 1506 Iehova
2256 1485 2294 1506 ne
2315 1475 2404 1506 ineas

1437 1518 1550 1549 caedes.
1603 1517 1685 1548 Nam
1725 1516 1855 1558 Abigail
1892 1516 2005 1547 divina
2042 1517 2247 1557 providentia
2283 1518 2404 1549 factum

1666 1567 1701 1590 ut
1732 1559 1839 1591 David
1882 1559 2042 1591 cohibitus
2076 1570 2094 1591 a
2127 1560 2225 1592 caede
2258 1560 2406 1592 facienda.

1439 1646 1515 1676 dum
1551 1646 1610 1677 sibi
1645 1651 1866 1686 proposuerat.
1912 1644 2022 1676 David
2057 1655 2135 1677 vero
2169 1651 2284 1677 contra
2317 1645 2404 1683 dicit,

1439 1688 1598 1729 Abigailis
1621 1699 1719 1729 opera
1750 1694 1781 1719 et
1808 1688 1942 1719 consilio
1971 1698 2007 1719 se
2037 1688 2232 1720 abstinuisse
2262 1699 2281 1719 a.
2307 1687 2405 1721 caede

1438 1737 1469 1762 et
1493 1731 1644 1762 vindicta.
1691 1730 1757 1763 Sed
1782 1731 1844 1762 ista
1867 1736 1975 1762 tamen
2001 1731 2134 1770 pulchre
2157 1731 2244 1762 inter
2272 1741 2308 1763 se
2330 1741 2405 1763 con-

1440 1774 1584 1806 veniunt.
1631 1774 1685 1806 Sic
1715 1775 1801 1805 enim
1833 1774 1938 1805 utitur
1971 1774 2057 1805 Deus
2089 1773 2274 1805 mortalium
2306 1783 2407 1814 opera

1439 1817 1516 1848 dum
1546 1824 1712 1856 operatur,
1743 1821 1777 1847 ut
1806 1816 1978 1848 videantur
2008 1816 2156 1848 homines
2188 1816 2292 1848 facere
2321 1815 2406 1857 quod

1440 1860 1605 1900 proprium
1639 1865 1688 1891 est
1721 1870 1803 1899 opus
1838 1860 1981 1890 Domini.
2026 1859 2179 1900 Exempli
2215 1860 2338 1900 gratia,
2379 1860 2406 1892 si

1440 1904 1511 1942 quis
1535 1902 1656 1934 bonum
1679 1902 1851 1934 consilium
1875 1901 1966 1933 nobis
1985 1902 2194 1943 suggesserit,
2217 1907 2249 1933 et
2268 1912 2287 1933 a
2304 1912 2409 1943 prava

1441 1946 1669 1976 deliberatione
1693 1953 1726 1976 et
1748 1945 1912 1985 proposito
1936 1945 2117 1983 dimoverit,
2147 1955 2207 1976 nos
2236 1945 2283 1976 illi
2306 1944 2409 1986 pluri-

1441 1999 1529 2019 mum
1553 1999 1588 2019 eo
1608 1989 1739 2019 nomine
1759 1987 1925 2019 devinctos
1944 1997 2117 2027 agnoscere
2136 1987 2306 2019 debemus:
2331 1997 2407 2019 nam

1441 2031 1557 2071 alioqui
1588 2041 1750 2062 summum
1789 2036 1873 2061 esset
1908 2030 2155 2071 ingratitudinis
2186 2030 2407 2062 testimouium

1441 2084 1504 2104 non
1529 2084 1702 2114 agnoscere
1725 2081 1758 2105 et
1780 2080 1908 2114 gratum
1921 2074 2066 2104 animum
2090 2074 2200 2105 testari
2213 2083 2292 2114 erga
2313 2072 2407 2104 illum

1414 2132 1415 2138 κ
1441 2117 1532 2147 cuius
1555 2127 1650 2156 opera
1680 2122 1713 2147 et
1742 2116 1877 2148 consilio
1906 2126 2070 2147 summum
2100 2115 2183 2156 quod
2216 2115 2409 2147 imminebat

1442 2159 1623 2198 periculum
1648 2159 1824 2190 evasimus:
1849 2163 1882 2189 et
1903 2159 1950 2189 ita
1973 2158 2120 2190 videmus
2133 2159 2282 2189 homines
2296 2157 2408 2199 magni

1442 2203 1510 2232 ficri
1534 2209 1686 2242 tanquam
1712 2202 1773 2233 Dei
1798 2201 1935 2233 vicarios
1958 2207 1990 2232 et
2013 2201 2115 2241 ipsius
2138 2211 2220 2241 epus
2242 2200 2406 2232 facientes.

1442 2244 1564 2275 Verum
1589 2250 1698 2276 tamen
1729 2255 1793 2275 non
1817 2245 1862 2275 ita
1894 2243 2046 2274 laudandi
2076 2248 2154 2275 sunt
2182 2243 2341 2282 homines,
2372 2247 2410 2274 ut

1443 2287 1564 2318 interea
1602 2288 1692 2319 Deus
1726 2287 1881 2319 oblivioni
1915 2285 2080 2323 tradatur,
2111 2291 2143 2318 et
2178 2286 2213 2317 in
2241 2286 2407 2318 hominem

1414 2365 1416 2373 Ι
1443 2330 1609 2360 mortalem
1639 2331 1744 2361 omnis
1773 2330 1878 2370 operis
1915 2329 2003 2360 illius
2033 2329 2137 2370 gloria
2174 2329 2409 2360 transferatur:

1442 2383 1518 2403 nam
1548 2373 1644 2404 altius
1675 2373 1766 2404 nobis
1789 2372 2027 2413 assurgendum
2056 2378 2114 2409 est,
2145 2371 2185 2403 ad
2209 2372 2327 2409 Deum,
2355 2371 2411 2412 qui

1443 2415 1497 2446 tali
1523 2415 1740 2447 instrumento
1763 2415 1804 2447 ad
1827 2422 1971 2446 nostram
1990 2414 2127 2446 salutem
2151 2414 2198 2445 uti
2218 2414 2332 2446 voluit.
2367 2413 2410 2445 Et

1443 2457 1572 2497 quidem
1596 2468 1633 2489 eo
1657 2458 1845 2499 diligentius
1857 2457 2060 2489 observanda
2082 2461 2131 2489 est
2153 2457 2233 2488 haee
2251 2456 2409 2495 doctrina,

1442 2511 1503 2540 quo
1527 2501 1630 2541 magis
1643 2501 1800 2532 adversus
1813 2510 1883 2531 eam
1907 2511 1926 2531 a
1949 2500 2109 2540 plerisque
2133 2500 2223 2531 varie
2246 2506 2410 2540 peccatur.

1442 2543 1507 2574 Alii
1527 2543 1656 2583 quidem
1677 2554 1778 2584 aequo
1796 2543 1904 2574 animo
1924 2553 1958 2574 se
1971 2543 2148 2579 admoneri,
2167 2542 2220 2574 alii
2238 2542 2411 2582 impatien-

1443 2591 1501 2624 ter,
1515 2586 1570 2616 alii
1584 2585 1722 2627 denique
1735 2587 1863 2627 ingrate
1874 2586 1991 2617 ferunt.
2016 2585 2099 2616 Nam
2113 2585 2206 2616 aiunt
2218 2585 2271 2616 isti
2279 2584 2412 2617 fanatici

1442 2638 1520 2659 sane
1544 2629 1707 2660 homines:
1732 2630 1820 2667 Esto,
1835 2628 1955 2660 bonum
1979 2628 2034 2659 ille
2056 2627 2138 2659 mihi
2151 2627 2314 2669 suggessit
2335 2637 2411 2659 cen-

1443 2670 1564 2709 silium,
1595 2672 1649 2703 ille
1673 2683 1724 2703 me
1747 2682 1764 2703 e
1787 2671 1941 2712 periculis
1964 2671 2064 2703 variis
2087 2670 2217 2711 eripuit,
2247 2669 2302 2702 ille
2333 2679 2412 2702 sano
