2551 3044
430 229 492 261 519

432 323 540 354 minus
563 322 601 352 ad
625 332 695 353 eam
727 322 856 353 divinae
879 322 1058 353 voluntatis
1084 322 1299 363 cognitionem
1323 333 1395 363 per·
1422 327 1425 335 '

433 365 542 396 venire
566 375 623 396 nos
643 370 770 405 oportet
789 374 852 405 qua
866 364 1051 395 roboremur
1069 370 1101 395 et
1123 364 1161 395 ad
1182 365 1277 396 finem
1297 376 1396 405 usque
1422 362 1424 382 ¹*

432 408 516 438 vitae
542 417 796 447 perseveremus.

430 450 546 481 fiducia
577 450 609 480 in
634 450 741 481 Deum

430 499 574 523 nostrum
589 493 620 523 in
645 492 742 523 rebus
761 492 908 523 adversis
929 492 995 523 fore
1014 493 1143 532 scimus,
1167 498 1199 523 et
1217 493 1250 524 in
1271 504 1308 524 eo
1321 504 1395 525 con-

429 535 622 575 quiescimus
646 542 677 566 et
698 535 785 566 ultro
805 545 863 566 nos
887 535 946 575 ipsi
964 535 1151 566 subiicimus
1174 542 1271 576 atque
1295 537 1396 576 ipsius

429 578 622 617 patefactam
644 577 735 609 nobis
751 578 953 608 voluntatem
968 578 1202 618 amplectimur.
1227 578 1271 610 Et
1290 579 1396 611 hacte-

429 631 491 652 nus
513 619 551 651 de
574 620 638 651 ista
658 621 842 661 cognitione
866 620 987 652 dictum
1012 627 1089 652 esto.

513 662 583 694 Iam
609 663 749 703 amplius
774 663 871 694 etiam
903 663 1126 703 expendamus
1145 663 1256 696 Saulis
1279 665 1396 695 oratio-

428 715 503 736 nem
527 706 559 736 in
574 716 645 745 qua,
670 706 744 737 licet
768 706 987 746 cognitionem
1012 706 1130 737 habere
1149 717 1183 738 se
1206 708 1396 747 profiteatur

428 747 612 779 divinarum
644 748 894 788 promissionum
927 748 1049 780 Davidi
1079 759 1136 788 per
1163 748 1271 781 Saulis
1303 749 1395 780 mini-

428 791 561 821 sterium
594 791 769 822 factarum.
803 796 913 822 tamen
944 801 1035 822 suam
1065 792 1320 823 incredulitatem
1346 792 1395 822 vel

428 834 533 873 potius
557 835 778 869 arrogantiam
804 834 966 874 patefacit,
998 834 1080 874 quod
1105 845 1176 866 cum
1201 835 1271 866 Deo
1296 835 1396 866 veluti

429 877 543 915 pacisci
568 876 600 906 in
621 876 760 907 Davidis
783 887 922 916 persona
943 876 1029 908 velit.
1055 877 1137 908 Nam
1163 878 1220 908 ait:
1245 877 1315 918 Eyo
1335 878 1397 909 scio

428 922 453 949 tc
482 922 684 959 reynaturum
713 930 792 950 esse:
825 919 938 959 Itaque
969 929 1033 950 non
1068 920 1258 959 indignatur
1292 930 1396 959 neque

429 971 516 991 more
541 961 634 992 solito
657 961 867 994 excandescit
891 962 923 993 in
948 962 1022 998 iras,
1046 962 1101 993 sed
1125 973 1158 993 se
1182 973 1253 994 cum
1269 962 1396 994 Davide

429 1004 610 1044 transigere
634 1004 717 1035 velle
741 1005 893 1043 ostendit,
919 1010 953 1035 ut
977 1005 1010 1035 in
1034 1011 1197 1045 posterum
1223 1016 1395 1045 persuasus

427 1047 469 1076 sit
487 1046 649 1077 Davidem
681 1054 753 1088 post
781 1048 882 1088 ipsius
911 1046 1033 1078 obitum
1066 1048 1181 1078 semini
1211 1058 1268 1079 suo
1292 1048 1394 1088 parci·

428 1096 547 1120 turum.
593 1089 645 1120 Ex
677 1090 794 1130 quibus
826 1095 962 1130 apparet
992 1091 1022 1121 in
1052 1101 1114 1130 qua
1149 1091 1300 1131 opinione
1329 1090 1395 1121 Da-

429 1131 533 1162 videm
568 1131 730 1169 habuerit,
766 1143 882 1172 nempe
916 1132 997 1163 nihil
1032 1133 1138 1173 ipsum
1173 1133 1328 1164 adversus
1362 1144 1395 1164 se

426 1179 651 1214 suscepturum
703 1186 806 1215 neque
859 1184 946 1206 nova
996 1176 1129 1207 consilia
1186 1177 1395 1216 agitaturum.

426 1217 589 1249 Mirabilis
612 1228 690 1249 sanc
714 1218 863 1256 mutatio,
886 1217 970 1258 quod
995 1218 1048 1258 qui
1068 1224 1163 1249 antea
1182 1223 1270 1249 tanto
1287 1219 1395 1249 furore

426 1258 586 1291 Davidem
601 1260 641 1291 ad
655 1267 792 1291 mortem
815 1260 1076 1301 persequebatur,
1100 1267 1129 1292 et
1149 1262 1395 1301 quibuscunque

426 1307 553 1342 poterat
586 1303 716 1334 iniuriis
747 1303 918 1338 afficiebat,
954 1314 987 1334 se
1019 1304 1081 1334 iam
1112 1310 1175 1334 tam
1208 1304 1332 1335 facilem
1364 1309 1395 1335 et

425 1344 601 1385 benignum
622 1346 785 1385 praebeat.
816 1345 881 1377 Sed
899 1346 1155 1386 quandoquidem
1181 1352 1394 1387 regnaturum

426 1386 587 1419 Davidem
611 1388 741 1424 sciebat,
765 1399 864 1427 quare
888 1399 951 1419 non
977 1396 1090 1428 sponte
1113 1390 1234 1429 regiam
1255 1389 1395 1430 dignita-

426 1434 490 1460 tem
504 1430 652 1461 eiurabat
665 1436 697 1461 et
712 1430 833 1461 Davidi
857 1431 1026 1462 tradebat?
1052 1431 1161 1470 Quare
1174 1442 1274 1472 quum
1288 1438 1396 1464 certus

425 1478 509 1504 esset
533 1472 572 1504 de
597 1472 659 1504 Dei
684 1473 856 1504 voluntate
881 1484 946 1504 non
971 1474 1055 1505 ultro
1078 1474 1185 1506 cedit?
1217 1475 1395 1515 Namquis

426 1515 473 1546 illi
498 1515 582 1547 hanc
602 1516 838 1546 confessionem
859 1517 1005 1554 extorsit,
1031 1517 1093 1548 nisi
1113 1517 1179 1548 sola
1198 1518 1395 1550 conscientia

425 1568 492 1599 qua
515 1558 606 1589 intus
630 1558 811 1599 urgebatur
835 1563 865 1589 et
888 1559 1053 1599 urebatur,
1083 1566 1114 1590 et
1146 1566 1298 1600 tanquam
1322 1571 1394 1601 per-

426 1605 524 1642 petuo
559 1601 710 1632 carnifice
745 1601 966 1639 cruciabatur,
1009 1602 1079 1633 Deo
1112 1603 1207 1634 etiam
1241 1608 1395 1643 tanquam

425 1653 553 1675 summo
567 1643 672 1674 iudice
687 1643 779 1674 illum
800 1643 987 1676 excitante?
1011 1644 1229 1684 Quamobrem
1249 1646 1396 1687 cognitae

425 1685 488 1717 Dei
519 1685 683 1717 voluntati
714 1697 774 1717 nos
803 1686 890 1717 ultro
922 1687 1079 1719 subiicere
1103 1688 1273 1727 discamus,
1297 1688 1395 1720 nihil-

425 1738 492 1769 que
516 1727 673 1760 adversus
698 1728 788 1760 illam
814 1729 986 1770 suscipere,
1016 1730 1072 1762 sed
1095 1741 1207 1761 omnes
1230 1732 1394 1772 cogitatio-

426 1781 483 1802 nes
507 1777 539 1801 ct
563 1772 708 1802 actiones
732 1777 861 1803 nostras
891 1777 1006 1813 sponte
1034 1773 1094 1813 ipsi
1117 1773 1334 1811 subiiciamus,
1365 1778 1397 1805 et

425 1813 570 1854 pedibus,
595 1814 759 1852 manibus,
783 1815 896 1853 oculis,
919 1814 1069 1847 omnibus
1093 1815 1230 1856 denique
1251 1816 1397 1848 sensibus

425 1857 458 1887 in
482 1866 552 1887 eam
578 1856 694 1887 intenti
718 1857 832 1888 simus.
859 1856 946 1889 Sunt
964 1858 1049 1889 enim
1070 1858 1239 1890 individuo
1258 1859 1397 1899 quodam

427 1909 514 1930 nexu
539 1899 625 1930 inter
649 1909 683 1931 se
697 1899 873 1931 coniuncta
896 1900 976 1932 fides
998 1901 1031 1931 in
1046 1899 1164 1939 Deum,
1188 1907 1220 1932 et
1243 1901 1276 1932 in
1296 1902 1398 1942 ipsius

427 1942 612 1979 veritatem,
636 1948 667 1973 et
692 1952 770 1973 vera
794 1943 977 1974 obedientia
999 1944 1031 1974 in
1052 1943 1201 1975 omnibus
1224 1944 1257 1974 in
1282 1945 1398 1984 quibus

427 1994 580 2015 exercere
604 1995 663 2016 nos
677 1985 748 2016 Deo
773 1985 941 2026 placuerit.
967 1986 1140 2017 Caeterum
1159 1986 1397 2018 observandum

426 2027 554 2066 iniquos
568 2027 651 2058 velle
669 2027 801 2068 quidem
823 2038 895 2059 cum
909 2027 979 2059 Deo
999 2029 1126 2069 pacisci,
1151 2029 1205 2060 sed
1225 2040 1289 2061 non
1307 2040 1398 2070 posse

429 2073 539 2102 tamen
575 2080 686 2109 pacem
723 2071 888 2110 consequi.
934 2071 1005 2102 Pax
1036 2071 1122 2102 enim
1157 2081 1253 2112 quam
1290 2072 1399 2104 fideles

428 2116 539 2153 optare
553 2112 682 2150 debent,
707 2124 745 2144 ea
759 2119 807 2144 est
825 2118 860 2144 ut
873 2113 912 2145 ad
933 2114 1038 2153 ipsum
1058 2114 1256 2151 accedamus,
1281 2114 1398 2146 eidem-

429 2165 491 2196 que
515 2155 666 2196 coniungi
687 2161 719 2186 ct
743 2156 830 2187 uniri
854 2156 1052 2192 studeamus,
1083 2161 1116 2188 et
1141 2157 1227 2188 ultro
1254 2157 1302 2188 illi
1325 2168 1398 2189 con·

840 406 890 438 Ad
923 407 1006 439 hauc
1035 407 1251 447 cognitionem
1275 408 1397 440 accedit

428 2198 519 2238 iungi
544 2198 695 2236 velimus,
727 2199 781 2238 qui
814 2204 862 2229 est
893 2200 959 2230 sola
991 2199 1142 2240 perfectio
1172 2210 1400 2239 summumque

428 2241 572 2272 omnium
598 2240 730 2272 bonum.
756 2241 853 2273 Hanc
875 2241 915 2273 ob
938 2251 1066 2273 causam
1090 2242 1280 2273 nominatim
1304 2242 1400 2274 divus

428 2283 552 2315 Paulus
589 2283 682 2315 docet
717 2293 778 2315 nos
813 2295 870 2324 per
901 2284 997 2315 fidem
1028 2294 1138 2325 pacem
1165 2284 1328 2316 obtinere:
1364 2296 1400 2317 ac

428 2325 566 2368 proinde
590 2325 752 2357 increduli
778 2327 839 2358 sibi
863 2337 975 2367 pacem
1001 2327 1140 2367 aliquam
1160 2327 1399 2369 imaginantur:

429 2369 485 2401 sed
510 2369 554 2399 ita
577 2373 685 2400 tamen
718 2374 755 2400 ut
777 2368 848 2400 Deo
873 2376 1000 2410 tergum
1024 2369 1205 2409 obvertant,
1235 2376 1266 2401 et
1296 2370 1400 2411 magis

428 2422 465 2444 ac
489 2411 593 2451 magis
615 2411 820 2443 obdurentur
852 2417 884 2444 et
907 2413 1125 2453 obstupeflant
1143 2418 1178 2444 ut
1200 2412 1310 2444 nullus
1332 2422 1397 2444 am-

430 2454 516 2495 plius
540 2454 684 2485 remedio
717 2454 808 2486 locus
831 2456 982 2495 supersit.
1013 2455 1285 2495 quemadmodum
1309 2455 1401 2486 docet

431 2496 561 2533 Paulus,
593 2508 656 2528 non
683 2507 851 2537 superesse
875 2498 1016 2538 amplius
1041 2498 1120 2538 ipsis
1143 2498 1246 2529 ullum
1269 2508 1399 2530 sensum

430 2540 588 2572 malorum
620 2540 737 2579 quibus
768 2546 937 2581 urgentur.
983 2539 1190 2581 Quapropter
1219 2540 1259 2572 ad
1290 2551 1399 2572 veram

430 2592 542 2623 pacem
566 2591 584 2612 a
607 2581 679 2613 Deo
703 2583 961 2623 consequendam
987 2593 1051 2614 non
1084 2583 1189 2624 longis
1211 2583 1400 2622 ambagibus

431 2626 521 2656 Deus
544 2625 750 2664 quaerendus
773 2631 830 2663 est,
863 2636 967 2666 neque
991 2636 1133 2666 unquam
1164 2626 1399 2666 procrastinan-

430 2668 517 2706 dum,
547 2667 603 2698 sed
629 2668 759 2699 vocanti
781 2668 853 2699 Deo
885 2668 1127 2708 obsequendum
1156 2673 1188 2700 et
1217 2668 1318 2710 ipsius
1342 2678 1398 2700 vo-

1182 228 1384 261 HOMILIA
1410 229 1640 262 LXXXVIII.

773 460 868 490 quem
898 449 1097 481 defensorem
1122 457 1153 480 et
1181 456 1394 490 protectorem
1422 445 1423 459 ³

2345 230 2409 262 520

1451 324 1568 355 luntati
1588 323 1778 363 parendum,
1802 330 1838 354 ut
1857 333 1964 355 veram
1985 328 2017 354 et
2037 329 2278 363 permanentem
2299 335 2410 364 pacem

1449 376 1667 406 assequamur.
1712 365 1799 405 Quid
1823 376 1900 407 ergo
1924 366 2057 406 profecit
2082 365 2163 398 Saul
2186 377 2259 398 cum
2283 366 2410 399 Davide

1451 410 1560 440 volens
1591 407 1728 449 pacisci?
1760 408 1847 440 Sane
1872 409 1998 440 videtur
2026 409 2090 439 otio
2121 414 2153 440 et
2183 409 2411 450 tranquillitati

1449 462 1524 483 suae
1537 451 1744 487 consuluisse.
1768 458 1799 482 et
1812 458 1965 492 tanquam
1989 452 2079 483 factis
2103 451 2240 483 induciis
2258 457 2411 492 opportu-

1449 504 1526 525 num
1551 499 1679 534 tempus
1702 494 1880 534 explendae
1903 494 2046 525 malitiae
2076 503 2172 533 quam
2196 495 2285 526 intus
2307 495 2411 526 occul-

1450 537 1554 573 tabat,
1585 542 1797 576 exspectasse.
1842 537 1886 568 Et
1917 542 2045 576 pectore
2071 536 2153 567 fovit
2176 537 2340 568 tristitiam
2360 537 2411 568 vel

1449 580 1589 610 furorem
1615 579 1720 619 potius
1744 589 1808 619 quo
1831 579 1986 611 adversus
2009 578 2169 610 Davidem
2194 580 2412 612 exaestuabat.

1450 622 1598 661 Denique
1623 621 1661 653 de
1685 632 1742 653 sua
1766 622 1944 663 pertinacia
1972 621 2054 653 nihil
2085 622 2250 654 remittere
2274 621 2411 655 volebat.

1447 664 1516 695 Nos
1539 674 1616 695 vero
1648 671 1762 695 contra
1797 666 1897 705 ipsius
1927 665 2076 704 exemplo
2110 664 2271 696 discamus
2300 675 2412 697 omnes

1450 707 1637 738 affectiones
1656 713 1688 738 et
1711 707 1810 738 animi
1835 708 2094 748 perturbationes
2116 717 2246 745 exuere,
2273 718 2313 739 ne
2336 707 2413 749 quid

1450 760 1508 780 nos
1527 749 1683 790 impediat
1705 750 1877 790 quominus
1901 749 1941 781 ad
1963 749 2071 780 Deum
2095 750 2294 790 accedamus,
2323 755 2357 782 et
2378 751 2412 782 in

1449 792 1550 832 ipsius
1567 792 1713 823 veritatis
1732 798 1764 823 et
1786 793 1938 824 bonitatis
1961 799 2116 833 paternae
2134 793 2319 833 cognitione
2340 803 2412 834 per·

1449 845 1644 872 severemus‚
1669 841 1705 866 ut
1728 835 1995 875 tranquillitatem
2019 835 2219 876 spiritualem
2242 845 2325 875 quae
2347 835 2415 868 sola

1449 888 1611 909 summum
1636 877 1754 908 bonum
1775 886 1821 909 est
1841 888 2061 918 assequamur,
2081 883 2113 909 et
2131 888 2166 909 re
2184 879 2254 918 ipsa
2266 878 2412 918 experia-

1449 931 1523 951 mur
1537 921 1642 951 Deum
1657 931 1727 952 esse
1746 928 1893 952 nostrum
1915 920 2115 952 defensorem
2135 930 2172 952 ac
2191 926 2414 961 protectorem,

1449 973 1485 994 ac
1519 973 1649 1003 scopum
1686 963 1815 994 unicum
1851 963 1890 994 ad
1925 973 2019 1003 quem
2055 963 2220 994 collimare
2251 963 2413 995 debemus.

1449 1005 1585 1036 Interim
1610 1016 1686 1036 vero
1718 1016 1815 1045 quum
1841 1005 1974 1038 Saulem
2004 1006 2153 1037 audimus
2176 1005 2318 1037 voluisse
2340 1015 2415 1038 cum

1449 1047 1577 1079 Davide
1590 1049 1706 1088 pacisci
1720 1049 1849 1089 suisque
1861 1049 1956 1080 rebus
1969 1048 2136 1080 consulere
2155 1049 2187 1079 in
2201 1059 2239 1079 eo
2259 1055 2414 1089 tanquam

1449 1091 1481 1122 in
1508 1091 1637 1131 speculo
1669 1091 1928 1132 contemplemur
1959 1091 2198 1123 incredulorum
2227 1091 2361 1123 consilia
2383 1095 2416 1122 et

1449 1135 1602 1165 rationes.
1642 1133 1728 1165 Nam
1751 1144 1806 1165 eos
1830 1133 2108 1174 deprehendemus
2130 1139 2218 1165 metu
2243 1138 2275 1165 et
2304 1134 2414 1165 formi-

1449 1176 1524 1207 dine
1548 1176 1712 1216 perculsos
1733 1177 1875 1208 rationes
1893 1187 2048 1217 quaerere
2067 1176 2184 1217 quibus
2201 1176 2273 1215 sibi,
2296 1182 2327 1208 et
2339 1186 2416 1208 suae

1449 1219 1613 1251 securitati
1642 1219 1829 1257 consulant,
1868 1220 1922 1260 qui
1952 1219 2043 1251 nullo
2074 1220 2159 1260 ipsos
2201 1223 2416 1260 persequente

1450 1267 1614 1300 tremunt,
1648 1262 1771 1302 sibique
1805 1262 1928 1302 aliquas
1963 1262 2031 1293 dari
2066 1262 2214 1293 inducias
2249 1267 2414 1302 expetunt.

1449 1305 1575 1336 Verum
1608 1314 1708 1344 quum
1738 1305 1915 1336 adversarii
1947 1305 2012 1336 sint
2042 1310 2073 1336 et
2104 1305 2211 1336 hostes
2231 1305 2329 1336 iurati
2351 1304 2415 1336 Dei

1449 1348 1504 1388 qui
1528 1347 1607 1378 deus
1629 1353 1676 1379 est
1700 1348 1794 1388 pacis,
1818 1346 1976 1387 quomodo
2000 1358 2110 1388 pacem
2125 1346 2316 1388 requirent?
2348 1347 2416 1379 Nos

1449 1390 1548 1429 igitur
1567 1390 1695 1421 illorum
1717 1390 1866 1431 exemplo
1879 1395 1992 1422 contra
2004 1390 2166 1422 discamus
2182 1389 2416 1421 inaestimabile

1449 1433 1568 1464 bonum
1601 1443 1671 1464 esse
1700 1443 1812 1473 pacem
1845 1433 1964 1464 habere
1993 1442 2066 1464 cum
2089 1432 2160 1464 Deo
2184 1437 2217 1464 et
2245 1433 2279 1463 in
2303 1431 2415 1464 eodem

1449 1476 1676 1515 conquiescere
1695 1483 1726 1507 et
1745 1487 1786 1507 ex
1805 1476 1913 1507 animo
1926 1475 2123 1507 detestemur
2140 1480 2171 1506 et
2183 1475 2416 1507 abhorreamus

1450 1518 1656 1558 iniquitatem
1681 1517 1919 1550 incredulorum
1940 1529 2021 1558 quae
2037 1517 2111 1549 illos
2131 1527 2149 1548 a
2162 1518 2231 1549 Deo
2251 1517 2416 1558 disiungit,

1450 1566 1482 1592 et
1505 1561 1568 1592 illis
1591 1560 1714 1592 similes
1737 1561 1808 1592 fieri
1830 1571 2033 1601 summopere
2056 1570 2238 1592 cave-amur.
2267 1560 2317 1592 Ac
2339 1569 2417 1592 sane

1449 1603 1570 1635 multos
1593 1603 1723 1643 quidem
1737 1603 1884 1635 videmus
1908 1603 1990 1634 nihil
2010 1604 2167 1634 adversus
2179 1603 2284 1634 Deum
2304 1607 2416 1643 aperte

1450 1646 1570 1678 audere
1593 1651 1626 1677 et
1648 1646 1681 1678 in
1704 1647 1840 1687 privatis
1862 1645 2052 1686 quibusdam
2085 1646 2180 1677 saetis
2202 1646 2304 1686 ipsius
2325 1649 2415 1677 metu

1450 1689 1591 1727 retineri,
1614 1689 1670 1720 sed
1694 1700 1758 1720 non
1777 1689 1849 1721 ideo
1869 1695 1977 1720 tamen
1994 1688 2095 1720 verbo
2115 1688 2174 1720 niti
2194 1688 2414 1726 fundamento,

1448 1742 1553 1772 neque
1577 1742 1671 1763 veras
1694 1731 1859 1763 haberein
1880 1733 1993 1763 timore
2005 1731 2068 1762 Dei
2091 1731 2224 1770 radices,
2246 1741 2310 1771 quo
2334 1730 2417 1762 duce

1449 1775 1548 1806 vitam
1574 1784 1666 1806 suam
1691 1774 1731 1806 ad
1762 1775 1865 1816 ipsius
1887 1773 2102 1806 obedientiam
2125 1774 2307 1805 instituant.
2348 1772 2416 1805 Sed

1449 1822 1575 1848 tantum
1596 1823 1717 1848 motum
1739 1817 1877 1857 aliquem
1897 1827 1966 1849 esse
1985 1822 2018 1848 et
2034 1817 2164 1848 inanem
2183 1816 2341 1857 impetum
2360 1815 2415 1856 qui

1449 1860 1558 1891 statim
1573 1866 1754 1891 evanescat.
1774 1860 1869 1899 Quod
1883 1870 1982 1900 quum
2006 1860 2053 1891 ita
2076 1860 2118 1891 sit
2140 1869 2199 1891 nos
2217 1859 2309 1890 decet
2326 1863 2416 1890 tanto

1451 1902 1559 1943 magis
1572 1902 1699 1934 incitari
1723 1903 1761 1934 ad
1776 1903 1882 1934 Deum
1907 1904 1939 1934 in
1953 1903 2089 1934 veritate
2108 1908 2140 1934 et
2158 1901 2299 1942 puritate
2318 1911 2413 1942 quae-

1450 1946 1598 1983 rendum,
1631 1956 1671 1977 ne
1694 1945 1789 1977 modo
1815 1946 1849 1976 in
1872 1945 1967 1981 hanc,
1994 1945 2090 1976 modo
2120 1945 2154 1976 in
2177 1944 2266 1976 illam
2289 1948 2414 1984 partem

1450 1988 1655 2029 fluctuemus,
1686 1987 1742 2020 sed
1771 1990 1802 2020 in
1832 1988 1997 2029 proposito
2020 1992 2206 2019 constanter
2228 1996 2416 2028 persevere-

1451 2041 1533 2068 mus,
1564 2037 1596 2061 et
1619 2030 1717 2062 nullis
1740 2031 1972 2063 tentationibus
1995 2031 2034 2062 ab
2057 2030 2162 2062 officio
2185 2029 2415 2061 dimoveamur.

1536 2072 1607 2104 Iam
1627 2084 1705 2105 vero
1733 2074 1797 2105 alia
1827 2084 1866 2105 ex
1897 2078 1987 2114 parte
2010 2072 2148 2104 Davidis
2178 2072 2415 2104 humanitatem

1451 2116 1700 2154 consideremus,
1733 2117 1787 2157 qui
1818 2116 2028 2148 iureiurando
2057 2115 2150 2147 Sauli
2178 2125 2212 2146 se
2242 2114 2283 2146 ad
2310 2114 2415 2154 ipsius

1451 2159 1701 2198 postulationem
1725 2159 1908 2200 adstringit.
1948 2159 2031 2190 Nam
2055 2163 2180 2198 poterat
2209 2157 2263 2188 ille
2284 2155 2415 2197 quidem

1451 2201 1564 2232 multis
1576 2201 1812 2233 conditionibus
1825 2201 1956 2234 Saulem
1974 2201 2186 2241 adstringere,
2210 2209 2269 2232 nec
2281 2198 2415 2231 dubium

1452 2248 1508 2280 est,
1533 2244 1560 2275 si
1583 2244 1658 2276 talis
1677 2244 1790 2276 fuisset
1809 2244 1871 2275 Dei
1891 2244 2053 2280 voluntas,
2078 2244 2156 2284 quin
2179 2247 2363 2283 exoptasset
2380 2241 2415 2273 in

1451 2287 1556 2326 quiete
1579 2293 1610 2318 et
1641 2287 1725 2318 domi
1750 2288 1849 2318 vitam
1874 2288 2033 2328 privatam
2057 2286 2177 2323 vivere,
2206 2291 2239 2317 et
2268 2285 2300 2316 in
2324 2283 2415 2316 tenui

1452 2329 1538 2360 victu
1559 2335 1590 2361 et
1610 2329 1722 2361 habitu
1746 2331 1884 2370 pastoris
1906 2329 1968 2361 Dei
1997 2329 2199 2360 voluntatem
2217 2330 2414 2368 exspectare.

1452 2369 1517 2402 Sed
1548 2371 1705 2413 quidquid
1734 2373 1778 2404 sit
1805 2383 1915 2404 errare
1944 2371 2036 2403 illum
2067 2370 2159 2402 Deus
2183 2370 2296 2407 voluit,
2325 2369 2414 2401 etin

1452 2414 1613 2446 montibus
1647 2415 1781 2456 degere,
1815 2420 1849 2447 et
1892 2421 1930 2446 ut
1962 2421 2058 2446 antea
2105 2414 2138 2445 in
2169 2413 2272 2445 antris
2303 2412 2414 2443 latere.

1452 2456 1674 2490 Nihilominus
1697 2463 1805 2489 tamen
1824 2468 1858 2489 se
1876 2456 2084 2489 iureiurando
2096 2455 2206 2489 Saulis
2229 2453 2414 2495 adstringit.

1451 2498 1546 2531 Unde
1569 2500 1730 2532 discemus
1752 2511 1826 2532 eum
1849 2500 1889 2532 ad
1918 2500 2035 2540 praxin
2058 2509 2210 2531 revocare
2232 2497 2316 2538 quod
2338 2496 2415 2528 dicit

1452 2541 1537 2573 Psal.
1572 2542 1629 2574 34:
1669 2542 1900 2584 Inquirendam
1931 2553 2060 2583 pacem,
2094 2548 2126 2574 et
2158 2539 2413 2582 persequendam

1451 2594 1532 2622 eam,
1553 2586 1648 2617 etiam
1663 2586 1763 2617 sinos
1775 2585 1889 2627 fugere
1903 2585 2061 2623 videatur,
2081 2589 2114 2616 et
2125 2584 2200 2616 licet
2212 2594 2271 2615 nos
2289 2581 2414 2614 inimici

1451 2634 1698 2667 persequantur,
1728 2629 1890 2670 patienter
1913 2632 2022 2659 tamen
2044 2632 2262 2668 opportunum
2286 2630 2414 2665 tempus

1451 2669 1650 2702 liberationis
1673 2671 1935 2712 exspectandum,
1965 2675 1998 2702 et
2018 2681 2076 2712 pro
2099 2669 2222 2702 viribus
2244 2678 2318 2701 cum
2342 2667 2414 2699 Deo
