2551 3044
136 202 197 231 3722

135 297 185 326 cst.
232 293 282 324 32.
307 292 508 332 Rcspondens
530 292 630 322 autem
653 288 803 320 Ionatkas
824 288 914 319 Sauli
929 289 1016 328 patri
1035 299 1102 325 suo,

135 337 196 367 ait:
229 336 331 375 Quare
358 333 529 366 morietur?
560 331 634 371 quid
663 331 757 370 fecit?
811 331 861 361 33.
892 331 935 361 Et
965 332 1101 370 arripnit

139 378 217 410 Saul
248 377 386 409 lanceam
408 378 442 407 ut
458 376 627 415 percuteret
648 383 732 404 eum.
766 373 809 403 Et
831 373 980 404 intellexit
1004 373 1099 404 Iona·

136 421 205 452 thas
234 419 313 459 quod
339 419 498 458 definitum
525 418 601 448 esset
629 426 648 446 a
674 418 767 454 patre
790 425 845 446 suo
868 418 900 445 ut
922 416 1101 453 interficeret

136 463 252 495 David.
297 461 347 492 34.
380 459 521 491 Surrexit
549 468 617 498 erqo
648 457 798 488 Ionathas
821 468 839 488 a
863 467 969 488 mensa
993 458 1026 487 in
1052 459 1100 488 ira

134 505 262 544 furoris,
295 506 322 534 ct
354 512 413 533 non
446 501 570 532 comedit
599 500 632 531 in
660 500 711 530 dte
741 500 943 531 calendarum
966 500 1100 530 secunda

134 556 254 587 panem.
301 544 505 576 Contristatus
538 542 619 573 onim
647 544 690 573 est
717 552 811 581 super
833 541 942 573 Dacicl
964 551 997 572 co
1021 541 1101 580 quod

135 588 319 628 confudisset
345 596 412 617 eum
437 588 528 625 pater
556 594 641 615 suuS.
687 584 736 615 35.
765 584 924 623 Quumque
946 584 1102 614 illuxisset

137 641 234 666 mane,
257 629 337 660 venit
362 627 512 659 Ionatltas
533 628 568 658 in
586 636 699 666 ayrum
719 628 807 658 iuxta
822 627 974 665 placitum
994 626 1101 656 David

135 676 162 704 ot
188 682 270 711 puer
298 671 455 711 parvulus
488 679 556 702 cum
584 679 625 700 eo.
672 669 721 700 36.
746 668 790 700 Et
823 669 868 700 ait
898 669 938 699 ad
963 678 1100 707 puerum

134 725 243 746 suuni:
279 713 371 751 Vade,
402 715 429 743 et
457 713 534 751 affer
564 711 641 742 milei
672 712 804 751 sagyittas
834 721 912 750 quas
935 720 986 750 (³90
1010 711 1098 741 iacio.

140 757 297 796 Quumque
314 765 397 794 puer
415 755 607 791 cucurrisset,
637 754 704 784 iecit
724 753 818 784 aliam
838 754 984 793 fayittanz
1012 756 1101 783 trans

129 809 270 839 puerum.
316 798 366 828 37.
415 797 502 828 Venit
541 796 644 835 itaquo
671 806 754 834 puer
787 796 827 826 acl
862 796 960 827 locuni
992 795 1099 834 iaculi,

134 841 212 881 quod
234 841 363 872 miserat
386 839 543 878 Ionatlzas,
568 841 593 868 et
615 838 761 870 clamavit
785 838 936 869 Ionatlios
949 840 1021 876 post
1039 839 1098 867 tor-

134 894 207 923 qum
224 883 326 922 pueri,
349 884 376 913 ct
397 882 457 912 ait:
480 881 557 912 Eccc
580 881 635 911 tibi
658 883 701 911 est
719 881 834 920 sayitta
849 890 945 920 porro
964 880 1047 911 ultra
1064 882 1098 910 te.

134 926 185 957 38.
212 925 422 963 Clamavitque
449 924 560 954 iterum
591 923 746 954 Ionatlias
762 925 834 962 post
857 926 977 962 tergum
996 923 1099 962 pueri,

135 969 253 999 dicens:
285 966 414 998 Festina
437 966 585 1004 velociter,
620 976 655 996 nc
678 966 805 996 steteris.
853 964 977 1003 Collcoit
1000 967 1100 994 autom

130 1020 210 1051 puer
242 1009 391 1040 Ionatliae
418 1008 557 1048 saqittuS,
582 1010 607 1038 et
631 1008 732 1038 attulit
754 1008 795 1039 ad
817 1007 975 1038 (lominum
997 1017 1098 1037 suurn.

135 1053 184 1084 39.
209 1051 252 1083 Et
282 1051 359 1091 quid
387 1053 529 1091 asseretur
547 1051 674 1089 penitus
699 1050 870 1089 igflzorabat,
895 1050 1101 1080 tantummodo

133 1096 213 1126 enim
247 1093 398 1124 Ionathas
430 1095 457 1123 et
491 1092 600 1123 David
634 1102 697 1122 rem
728 1094 884 1122 noverant.
931 1091 982 1122 40.
1006 1091 1102 1122 Dedit

134 1147 202 1177 erqo
227 1135 376 1167 Ionathas
398 1145 488 1166 arina
511 1144 568 1165 sua
589 1145 695 1173 puero,
724 1137 749 1165 et
773 1135 852 1165 dirit
874 1135 917 1165 ei:
958 1133 1051 1172 Vade,
1076 1136 1101 1163 ct

133 1179 218 1219 defer
247 1180 280 1209 in
301 1178 462 1209 civitatem.
505 1178 555 1208 41.
584 1177 742 1216 Quumque
765 1177 890 1208 abiisset
907 1186 999 1216 puer⁷
1031 1186 1100 1207 sur-

133 1221 213 1252 rexit
241 1219 349 1252 David
376 1220 413 1251 cle
435 1220 498 1251 loco
520 1220 574 1259 qui
596 1219 734 1259 veryebat
757 1220 798 1249 (td
821 1221 970 1256 austrum,
1001 1221 1028 1249 et
1050 1228 1100 1249 ca-

132 1264 207 1295 dens
223 1272 345 1302 pronus
367 1262 401 1293 in
423 1265 547 1300 terrani,
579 1262 723 1293 adoravit
745 1263 851 1292 tertio:
881 1264 907 1292 et
930 1261 1101 1292 osculantes

130 1316 161 1337 se
180 1305 371 1343 alterutrum,
387 1305 537 1343 fleverunt
549 1305 683 1343 pariter,
704 1304 813 1335 David
833 1307 934 1334 autem
952 1303 1098 1343 amptius.

131 1347 182 1378 42.
218 1347 312 1379 Dixit
344 1357 414 1387 erqo
448 1346 598 1378 Ionatlcas
620 1347 661 1377 acl
685 1346 806 1377 David.-
850 1345 933 1377 Vade
956 1346 990 1376 in
1009 1356 1098 1385 pace:

133 1399 329 1429 quemcunque
357 1389 533 1420 iuravimus
562 1389 649 1420 ambo
676 1390 708 1419 in
738 1389 860 1420 nornine
882 1389 1022 1428 Domini,
1053 1388 1100 1419 oli-

135 1434 238 1470 centes,
271 1431 427 1463 Dominus
459 1432 499 1462 sit
532 1432 612 1463 inter
645 1441 692 1462 me
722 1434 748 1462 et
777 1434 812 1466 tc,
848 1434 873 1462 ct
900 1431 980 1461 inter
1001 1440 1101 1462 semen

134 1477 230 1511 tuum,
265 1477 292 1505 et
325 1483 427 1505 semen
458 1484 560 1505 mcum
593 1484 690 1513 usque
723 1474 757 1504 in
786 1474 1013 1514 sempiternum.
1059 1473 1102 1503 Et

133 1517 269 1548 surrexit
301 1516 417 1553 David,
451 1519 477 1547 et
511 1517 602 1548 abiit.-
635 1517 687 1548 sect
721 1519 747 1547 et
770 1516 921 1547 Ionathas
943 1517 1102 1556 inyrcssus

134 1561 177 1590 est
198 1559 358 1590 civitatem.

219 1643 394 1674 Ionathani
422 1643 502 1675 fides
525 1643 700 1683 singularis
723 1654 800 1683 erga
825 1643 984 1674 Davidem
1011 1642 1102 1674 nobis

136 1686 187 1717 hie
210 1686 243 1717 in
267 1686 379 1725 primis
403 1691 451 1716 est
469 1685 713 1724 consideranda,
736 1692 768 1716 et
787 1687 903 1726 ingens
923 1685 1101 1725 periculum

135 1728 218 1768 quod
238 1728 338 1768 ipsius
357 1729 462 1768 gratia
481 1728 595 1759 subiit:
620 1734 652 1759 et
671 1729 814 1759 vicissim
837 1729 947 1768 gravis
964 1728 1102 1758 Davidis
1128 1729 1130 1758 l

135 1771 270 1802 tentatio
300 1770 454 1801 adversus
484 1781 582 1810 quam
605 1770 658 1802 diu
681 1770 798 1802 luctari
822 1771 926 1810 ipsum
951 1771 1101 1809 oportuit,

135 1823 233 1853 quum
257 1813 382 1844 nullum
406 1812 493 1844 aliud
517 1813 578 1853 ipsi
600 1819 784 1852 superesset
796 1813 909 1844 salutis
922 1813 1101 1843 remedium

135 1855 196 1886 nisi
226 1856 257 1885 in
286 1855 364 1895 fuga
397 1860 491 1886 extra.
518 1855 685 1886 Iudaeam.
731 1856 795 1886 Hic
826 1866 901 1886 vero
932 1856 964 1885 in
990 1856 1102 1895 primis

134 1897 353 1937 expendamus
377 1908 460 1937 quae
483 1898 523 1929 de
547 1897 645 1929 Saule
669 1898 830 1936 dicuntur,
866 1908 979 1937 nempe
1003 1908 1100 1937 quum

135 1941 238 1980 primo
269 1939 319 1970 die
349 1940 422 1971 festi
443 1940 624 1977 assedisset,
655 1946 686 1971 ct
710 1951 831 1971 vacuus
856 1940 943 1971 locus
967 1940 1103 1970 Davidis

134 1986 227 2021 esset,
253 1982 376 2013 nullam
400 1984 500 2022 ipsius
523 1983 637 2014 fecisse
660 1983 867 2020 mentionem,
893 1981 976 2022 quod
1002 1983 1101 2013 Davi--

134 2024 207 2056 dem
237 2025 395 2065 cogitaret
424 2025 533 2065 aliqua
560 2025 705 2065 legitima
736 2027 900 2056 occasione
930 2025 1011 2055 festo
1036 2036 1099 2055 uon

133 2068 296 2105 interesse,
319 2072 397 2107 puta
421 2067 505 2107 quod
528 2077 591 2098 non
617 2071 702 2098 esset
725 2067 876 2104 mundus,
907 2077 965 2098 nec
988 2068 1099 2107 purifi-

133 2114 231 2147 catus,
270 2119 351 2148 quae
392 2109 537 2150 legitima
580 2110 695 2141 fuisset
736 2110 911 2141 excusatio.
958 2108 1099 2148 Quidam

134 2152 227 2182 aliter
250 2152 514 2191 interpretantur,
540 2152 632 2192 quasi
652 2152 730 2184 Saul
751 2152 941 2192 cogitaverit
960 2153 1101 2191 aliquem

135 2203 245 2224 casum
278 2194 428 2226 incidisse
456 2194 584 2226 Davidi.
631 2194 746 2226 Malim
776 2205 887 2225 casum
911 2195 1101 2234 simpliciter

134 2235 314 2275 intelligere
337 2236 376 2267 de
398 2236 607 2268 immunditia
629 2237 685 2268 illa
707 2237 814 2276 legali,
844 2236 928 2277 quod
953 2248 987 2268 se
1011 2237 1100 2277 puri—

135 2276 254 2309 ficandi
285 2278 387 2309 otium
417 2289 480 2309 non
511 2279 688 2311 habuisset.
733 2280 835 2310 Porro
858 2278 979 2311 multas
1002 2280 1101 2311 fuisse

135 2319 213 2350 olim
246 2320 279 2350 in
303 2320 372 2361 lege
395 2321 609 2361 pollutionum
633 2322 755 2362 species
778 2322 882 2353 cuivis
906 2327 1017 2353 notum
1042 2327 1100 2353 est.
1126 2320 1128 2344 ἶ

134 2361 218 2392 Nam
242 2362 300 2393 etsi
323 2362 463 2402 pollutus
482 2364 642 2403 quispiam
662 2364 769 2404 aliqua
787 2364 993 2395 immunditie
1015 2364 1100 2396 domi

136 2408 261 2443 poterat
291 2404 385 2435 edere
415 2409 447 2435 et
469 2405 586 2444 bibere,
616 2416 682 2437 non
706 2406 821 2437 licebat
845 2406 906 2445 ipsi
931 2412 1036 2438 tamen
1061 2407 1100 2438 ad

136 2445 269 2477 solenne
310 2446 495 2478 convivium
536 2449 587 2480 cui
627 2448 819 2480 sacrificium
855 2447 1100 2489 adiungebatur,

136 2487 301 2519 accedere:
342 2498 383 2519 ne
426 2499 491 2519 rem
535 2491 674 2522 Domino
719 2497 864 2521 sanctam
907 2492 1100 2531 profanaret.

137 2529 229 2568 Quae
257 2531 476 2562 caeremoniae
507 2531 638 2564 fuerunt
667 2544 685 2564 a
717 2534 783 2564 Deo
806 2534 1034 2574 praescriptae,
1066 2541 1102 2565 ut

136 2571 320 2603 ostenderet
349 2582 383 2603 se
404 2572 439 2603 in
461 2575 609 2607 omnibus
632 2576 736 2615 ipsum
760 2576 987 2607 invocantibus
1012 2577 1102 2617 puri-

137 2619 236 2646 tatem
278 2614 450 2654 requirere.
497 2616 589 2655 Nam,
624 2623 658 2648 ut
691 2618 736 2648 ait
769 2617 906 2650 Paulus:
945 2618 1101 2658 Quisquis

796 196 840 226 IN
867 196 892 227 I.
918 196 1005 227 LIB.
1031 196 1229 228 SAMUEL.
1254 197 1351 229 OAP.
1376 197 1452 228 XX.

2059 202 2121 231 :274

1154 289 1214 319 Dei
1239 300 1353 321 nomen
1378 291 1505 321 invocat
1529 290 1568 321 ab
1586 291 1673 321 omni
1694 291 1864 330 iniquitate
1883 291 2060 323 abstineat:
2089 298 2121 324 et

1153 332 1214 361 alio
1239 332 1324 363 loco:
1360 333 1593 363 Abstineamus
1617 343 1634 363 a
1658 334 1898 373 pollutionibus,
1931 338 1964 365 et
1987 335 2120 375 quisque

1154 384 1210 404 vas
1233 385 1326 405 suum
1351 375 1383 405 in
1408 376 1495 405 omni
1521 376 1660 415 puritate
1679 375 1849 415 possideat,
1876 382 2028 416 tanquam
2051 378 2120 409 Deo

1152 415 1278 446 deditus
1309 422 1341 447 et
1371 425 1584 448 consecratus.
1630 418 1697 449 Nos
1722 429 1798 448 vero
1820 418 1882 448 iam
1908 418 1948 449 ab
1971 419 2120 451 omnibus

1152 458 1220 488 istis
1258 460 1468 489 eaeremoniis
1507 460 1631 490 Christi
1663 460 1815 491 beneficio
1848 471 1960 493 sumus
1990 462 2118 501 quidem

1152 500 1320 538 immunes,
1358 501 1412 531 sed
1447 512 1557 532 carum
1589 508 1697 533 tamen
1728 503 1906 533 substantia
1937 509 1968 535 et
2001 504 2120 536 veritas

1152 543 1330 574 retinenda.
1377 544 1425 574 Ae
1455 544 1588 582 proinde
1620 546 1645 574 si
1677 545 1736 576 sub
1761 545 1840 585 lege,
1871 547 1923 585 qui
1950 548 1999 578 vel
2025 547 2120 578 morti

1153 584 1293 615 hominis
1317 596 1469 624 praesens
1493 586 1604 623 fuerat,
1628 587 1679 617 vel
1704 587 1841 619 cadaver
1864 589 2027 628 attigerat,
2053 589 2119 628 pol-

1153 626 1309 665 luebatur,
1343 637 1429 658 nunc
1462 638 1691 667 cognoscamus
1722 640 1779 660 nos
1802 630 1986 663 immundos
2012 641 2119 663 eoram

1153 669 1221 699 Deo
1245 670 1320 705 fore,
1342 674 1374 700 ct
1397 680 1466 700 reos
1490 671 1632 701 malitiae
1655 677 1686 702 et
1711 673 1898 712 iniquitatiS,
1925 675 1986 706 nisi
2012 676 2120 706 animo

1152 716 1183 741 et
1213 721 1345 751 corpore
1377 713 1435 751 ipsi
1471 712 1568 743 dediti
1598 719 1630 743 et
1658 716 1835 746 consecrati
1867 715 1898 747 in
1923 716 2025 756 ipsius
2049 718 2120 749 obe-

1152 753 1272 784 dientia
1317 764 1570 793 perseveremus,
1622 761 1654 786 et
1695 757 1926 797 cupiditatibus
1972 760 2121 791 omnibus

1152 797 1260 835 pravis
1291 804 1322 826 et
1352 797 1487 836 impuris
1511 797 1737 830 abstineamus.
1783 800 1891 840 Atque
1916 802 1968 833 hic
1993 802 2053 833 fuit
2075 802 2119 832 le—

1151 838 1272 878 galium
1308 839 1452 869 omnium
1483 842 1756 872 caeremoniarum
1790 844 1861 874 finis
1895 851 1926 874 et
1949 855 2035 875 usus.
2080 844 2119 875 In

1153 881 1265 920 primis
1301 891 1376 911 vero
1408 885 1456 912 est
1485 881 1721 913 observandum
1753 896 1815 915 non
1841 886 1973 917 licuisse
1996 887 2120 917 homini

1152 923 1196 954 sic
1228 923 1351 962 polluto
1382 923 1421 953 ad
1453 924 1609 955 sacrificia
1639 926 1796 964 accedere,
1833 938 1852 959 a
1883 929 1999 968 quibus
2032 940 2118 960 arce-

1153 965 1256 996 batur.
1298 965 1343 996 Ut
1362 965 1451 996 Deus
1470 976 1506 996 eo
1524 967 1617 1006 signo
1637 968 1824 1008 declararet,
1848 971 1930 1010 quod
1948 983 2006 1002 nos
2023 972 2119 1002 etiam

1152 1008 1215 1038 alio
1238 1008 1306 1038 loco
1331 1008 1492 1046 praeclare
1517 1008 1639 1039 Paulus
1663 1010 1762 1047 docet,
1796 1023 1894 1052 quum
1920 1014 1972 1050 ait,
1997 1013 2120 1044 nullam

1152 1060 1222 1081 esse
1245 1050 1504 1081 communionem
1532 1050 1594 1081 luci
1619 1062 1691 1082 cum
1718 1055 1866 1093 tenebris,
1896 1056 2018 1086 nullam
2043 1066 2120 1086 eon·

1152 1092 1292 1123 cordiam
1329 1092 1460 1123 Christo
1494 1103 1567 1123 cuni
1603 1094 1715 1131 Belial,
1751 1096 1783 1126 id
1819 1104 1866 1128 est
1898 1098 2019 1128 nullam
2052 1108 2120 1129 esse

1152 1135 1413 1165 coniunctionem
1445 1135 1577 1166 Christo
1607 1137 1710 1167 omnis
1743 1140 1892 1177 puritatis
1923 1141 2012 1178 fonti,
2048 1150 2120 1171 eum

1153 1177 1384 1216 pollutionibus
1414 1184 1446 1207 et
1476 1179 1615 1217 peccatis
1639 1180 1757 1218 quibus
1781 1182 1995 1213 sordescimus
2019 1187 2050 1212 et
2072 1183 2119 1212 in-

1153 1220 1335 1258 quinamur.
1383 1219 1531 1260 Exempli
1562 1222 1675 1260 gratia,
1715 1230 1951 1255 sacrosanctam
1989 1234 2120 1256 coenam

1154 1261 1248 1292 hodie
1282 1271 1465 1292 accessuros
1494 1274 1607 1294 cavere
1638 1263 1811 1303 diligenter
1835 1273 1960 1306 oportet
1984 1278 2023 1297 ne
2047 1277 2121 1298 suas

1154 1304 1265 1335 sordes
1293 1304 1447 1342 adferant,
1478 1303 1593 1344 quibus
1625 1310 1689 1336 tam
1715 1315 1825 1339 sancta
1848 1319 1899 1339 res
1923 1309 2120 1348 profanetur,

1154 1350 1241 1394 puta.
1256 1357 1380 1377 sacrum
1403 1347 1622 1378 testimonium
1643 1354 1674 1379 et
1695 1350 1811 1390 pignus
1832 1355 1961 1382 nostrae
1980 1361 2122 1382 eommu-

1155 1399 1260 1419 nionis
1284 1399 1355 1420 cum
1381 1399 1510 1428 corporo
1535 1395 1565 1420 et
1587 1392 1746 1430 sanguine
1772 1394 1905 1424 Domini
1926 1394 2025 1424 nostri
2046 1393 2119 1424 Iesu

1154 1431 1288 1462 Christi.
1335 1430 1415 1462 Saul
1453 1432 1561 1472 itaque
1603 1435 1791 1467 existimans
1823 1435 1982 1466 Davidem
2011 1435 2121 1467 abesse

1155 1479 1287 1513 propter
1310 1473 1406 1504 talem
1430 1474 1568 1513 aliquam
1590 1475 1723 1515 legalem
1746 1478 1974 1518 impuritatem,
1998 1478 2121 1509 nullam

1156 1517 1230 1547 tecit
1253 1517 1321 1547 eius
1345 1517 1552 1557 mentionem,
1578 1528 1616 1548 ne
1640 1520 1665 1549 si
1690 1520 1850 1558 pollutum
1874 1520 2045 1551 advocaret
2068 1520 2120 1551 de-

1155 1559 1268 1590 decore
1302 1558 1428 1589 afficere
1463 1560 1545 1591 velle
1580 1560 1763 1592 videretur:
1799 1562 1853 1593 sed
1888 1563 1920 1592 in
1956 1569 2120 1602 posterum

1156 1601 1238 1632 diem
1264 1600 1391 1631 distulit
1414 1611 1475 1641 quo
1495 1613 1558 1633 non
1579 1614 1648 1635 esse
1669 1605 1807 1644 amplius
1828 1605 1903 1636 huic
1921 1605 2122 1636 excusationi

1156 1644 1260 1675 locum
1295 1644 1424 1675 sciebat.
1471 1645 1553 1675 Nam
1585 1646 1638 1685 qui
1669 1647 1713 1678 sic
1741 1647 1954 1686 polluebatur,
1993 1652 2122 1678 tantum

1156 1687 1270 1727 viginti
1306 1692 1443 1725 quatuor
1478 1687 1631 1719 horarum
1668 1695 1772 1729 spatio
1808 1689 1948 1728 pollutus
1979 1696 2055 1725 erat,
2091 1694 2122 1719 et

1156 1729 1271 1760 deinde
1295 1729 1525 1768 purificabatur
1544 1737 1678 1762 externo
1698 1742 1798 1771 aquae
1818 1732 1964 1762 lavacro:
1989 1731 2123 1762 minime

1155 1772 1285 1811 quidem
1317 1771 1401 1811 quod
1432 1772 1587 1811 pollutam
1618 1778 1648 1804 et
1673 1774 1832 1813 impuram
1856 1774 1998 1804 animam
2023 1784 2123 1813 aquae

1155 1815 1237 1846 levis
1261 1814 1424 1854 adspersio
1447 1815 1634 1846 mundaret:
1660 1816 1713 1846 sed
1738 1822 1773 1846 iit
1797 1822 1981 1855 peccatores
2005 1826 2123 1856 agnos-

1155 1863 1265 1887 cerent
1287 1868 1320 1887 se
1340 1868 1419 1896 opus
1438 1856 1555 1888 habere
1576 1859 1773 1898 praescripta
1792 1868 1809 1888 a
1828 1858 1899 1889 Deo
1919 1858 2121 1898 purgatione.

1154 1900 1226 1930 Hoc
1261 1910 1335 1929 vero
1371 1905 1521 1938 tempore,
1557 1911 1653 1939 quum
1690 1900 1808 1940 legales
1835 1900 1910 1931 illae
1935 1900 2067 1931 umbrae
2091 1907 2123 1931 et

1155 1942 1373 1973 caeremoniae
1414 1943 1478 1973 sint
1513 1943 1659 1979 abtditae,
1701 1953 1765 1973 non
1801 1948 1951 1973 tenemur
1984 1943 2122 1982 amplius

1155 1985 1283 2015 illarum
1304 1985 1544 2015 observatione:
1569 1996 1668 2024 quare
1688 1986 1888 2024 papistarum
1908 1984 2122 2016 intolerabilis

1154 2032 1203 2058 est
1235 2026 1365 2057 inimica
1395 2027 1450 2057 illa
1475 2026 1617 2057 lustralis
1640 2038 1739 2067 aquae
1764 2027 1947 2058 veneratio:
1982 2037 2063 2066 quae
2086 2028 2120 2058 in

1156 2070 1254 2109 ipsius
1286 2069 1347 2099 Dei
1377 2070 1602 2100 contumeliam
1634 2069 1728 2106 cedit,
1760 2075 1791 2100 et
1819 2069 1924 2099 omnis
1956 2070 2121 2108 religionis

1154 2112 1216 2143 alia
1239 2111 1431 2141 adulteratio
1455 2117 1512 2147 ost,
1537 2112 1687 2151 quoniam
1707 2111 1903 2142 iudaismum
1923 2112 2015 2151 sapit,
2042 2112 2121 2142 tales

1154 2155 1331 2185 ablutiones
1362 2155 1395 2184 in
1426 2154 1684 2185 christianimum
1716 2154 1879 2184 invehere.
1925 2154 2009 2184 Nam
2040 2155 2121 2185 scire

1154 2197 1306 2227 debemus
1332 2207 1389 2226 nos
1413 2206 1475 2227 non
1502 2207 1591 2236 posse
1617 2197 1788 2236 purificari,
1815 2196 1875 2226 nisi
1901 2195 1970 2227 Deo
1993 2206 2052 2227 nos
2072 2196 2119 2226 in-

1154 2240 1253 2269 terius
1284 2239 1422 2275 lavante,
1453 2239 1543 2270 cuius
1573 2239 1740 2269 lavationis
1772 2244 1944 2268 externum
1977 2239 2119 2269 testimo-

1154 2282 1243 2312 nium
1280 2280 1434 2311 habemus
1469 2281 1499 2311 in
1537 2282 1710 2320 baptismo:
1746 2287 1778 2311 et
1813 2281 1961 2311 novimus
1990 2291 2120 2311 omnem

1154 2330 1296 2354 nostram
1326 2324 1500 2362 puritatem
1526 2324 1557 2353 in
1581 2323 1739 2362 sanguine
1765 2322 1896 2353 Domini
1921 2322 2023 2353 nostri
2048 2322 2120 2353 Iesu

1154 2366 1275 2397 Christi
1300 2376 1367 2395 esse
1391 2366 1536 2404 positam.
1583 2364 1647 2396 Sed
1672 2365 1733 2395 alia
1753 2365 1813 2395 fuit
1831 2368 2015 2404 temporum
2037 2365 2119 2404 pris-

1152 2419 1261 2439 corum
1283 2408 1373 2445 ratio,
1398 2408 1515 2446 quibus
1533 2408 1628 2438 certis
1647 2407 1837 2438 ceremoniis
1857 2414 1890 2437 et
1901 2406 2120 2438 lavationibus

1153 2451 1290 2491 populus
1314 2450 1444 2480 Israelis
1468 2449 1738 2489 adstringebatur.

1240 2493 1361 2523 Idcirco
1386 2492 1485 2531 igitur
1505 2491 1584 2522 Saul
1604 2491 1759 2531 postridie
1778 2490 1937 2522 novilunii
1959 2491 2119 2522 Davidem

1154 2535 1303 2574 requirit:
1331 2544 1424 2573 quem
1450 2534 1651 2564 Ionathanus
1675 2538 1711 2564 ut
1729 2533 1923 2573 promiserat
1941 2533 2119 2571 excusavit,

1154 2577 1252 2608 ivisse
1283 2577 1435 2607 nimirum
1467 2576 1716 2607 Bethlehemam
1746 2585 1848 2615 usque
1879 2575 1986 2606 natale
2016 2575 2121 2606 solum

1155 2619 1195 2650 ad
1236 2619 1428 2650 sacrificinm
1472 2629 1617 2649 annuum
1659 2618 1879 2648 domesticum.
1925 2618 2007 2648 Tum
2045 2627 2123 2649 vero

1849 2666 1899 2693 24·
