2551 3044
414 246 474 284 607
1239 249 1441 282 HOMILIA
1466 249 1588 282 XCVI.
2332 249 2395 282 608

415 348 524 378 simus.
557 352 591 376 ut
617 344 708 375 nobis
739 354 796 384 pro
819 343 943 375 meritis
975 342 1144 384 rependat:
1175 343 1378 385 quandoqui-

417 390 487 420 dem
509 388 608 419 nimia
633 387 693 418 ista
718 387 821 418 videri
853 386 953 427 possit
976 386 1178 427 arrogantia:
1209 386 1293 427 quod
1318 387 1378 418 etsi
1404 419 1405 424 ,

415 442 522 463 coram
537 430 722 461 hominibus
735 429 903 461 iustissimi
917 428 1100 466 habeamur,
1124 436 1156 460 et
1174 429 1378 470 irreprehen-

415 474 539 511 sibiles,
583 480 689 503 tanien
723 473 748 504 si
782 482 890 504 coram
925 471 988 502 Dei
1029 472 1183 503 tribunali
1217 473 1379 512 sistamur,

415 519 448 548 in
480 516 589 547 multis
620 526 796 556 arguamur
827 521 857 546 et
888 514 1153 546 condemnemur.
1198 514 1284 554 Quid
1319 515 1377 556 igi·

415 566 468 591 tur
503 560 584 590 facto
619 566 667 589 est
702 557 806 598 opus?
851 557 976 597 Nempe
1011 563 1046 588 ιιι
1081 563 1203 589 reatum
1234 561 1406 589 nostrum'

417 609 449 634 et
473 602 599 642 eulpam
625 611 847 642 agnoscamus,
871 607 902 631 et
926 600 1045 640 singuli
1069 611 1127 632 nos
1150 601 1235 640 ipsos
1258 611 1378 640 expen-

416 647 539 681 damus,
571 651 599 675 et
622 644 850 675 conscientiam
875 649 1078 674 accusantem
1103 642 1282 674 audiamus.
1315 642 1379 675 Sed

415 689 556 726 obsecro,
581 698 675 727 quam
701 687 794 727 pauci
812 697 845 717 sc
863 685 1038 717 accusant?
1064 686 1127 717 Vix
1141 697 1240 718 unum
1261 687 1293 717 in
1308 686 1379 717 mil-

416 731 500 763 libus
525 731 680 767 invenias,
700 730 754 770 qui
779 740 842 760 non
856 729 996 769 aliquam
1021 729 1263 761 excusationem
1288 739 1378 769 prae—

416 779 521 811 texat,
555 783 708 812 suamque
743 782 873 804 causam
907 778 945 802 ut
978 772 1094 803 bonam
1129 777 1268 803 tueatur.
1314 771 1379 803 Sed

416 823 494 853 esto,
526 817 594 847 sinc
624 815 829 846 simulatione
858 820 888 846 et
912 814 1074 855 hypocrisi
1099 826 1155 846 nos
1178 815 1285 846 onmia
1308 825 1379 855 gos-

415 861 494 892 sisse
520 869 685 907 ponamus,
715 863 748 890 et
778 868 850 889 cum
875 857 1012 889 candore
1035 863 1067 889 et
1097 858 1285 898 integritate
1307 867 1379 888 cum

416 903 573 952 proximis
596 902 726 939 vixisse,
750 901 823 949 quis
847 900 918 932 ideo
941 905 1050 932 tamen
1073 910 1178 931 coram
1194 900 1264 931 Deo
1288 911 1324 931 su
1329 910 1378 930 am

415 946 568 977 iustitiam
593 954 751 981 asserere,
782 944 967 992 iustumque
994 953 1028 974 se
1057 943 1188 974 audebit
1211 941 1379 983 profiteri?

414 988 505 1020 Deus
529 987 615 1019 enim
639 987 735 1027 longe
754 986 895 1027 penitius
907 996 1002 1026 quam
1024 985 1170 1017 homines
1192 985 1303 1017 facta
1295 996 1379 1026 ipso-

415 1042 486 1063 rum
511 1031 666 1061 intuetur.
699 1028 915 1078 Quamobrem
940 1029 1075 1060 nimium
1101 1029 1270 1069 impudens
1293 1038 1379 1059 arro-

417 1074 527 1116 gantia
551 1072 692 1113 videtur,
724 1072 751 1104 si
781 1072 854 1112 quis
885 1082 977 1103 suam
1009 1072 1166 1103 iustitiam
1191 1071 1306 1102 audeat
1329 1081 1379 1102 co-

416 1128 483 1148 ram
515 1117 584 1147 Deo
614 1116 775 1155 profiteri,
805 1119 837 1146 et
873 1114 1048 1146 secundum
1080 1125 1137 1144 sua
1174 1115 1286 1145 merita
1321 1113 1380 1144 sibi

418 1159 550 1200 rependi
575 1158 746 1199 postulare.
769 1140 859 1189 ’Sane
881 1157 966 1188 istud
991 1158 1151 1188 mentibus
1177 1157 1293 1188 nostris
1317 1156 1380 1187 alte

417 1204 552 1234 infixum
577 1212 646 1232 esse
669 1206 804 1242 oportet,
828 1211 925 1240 quum
951 1200 1041 1231 nobis
1065 1201 1226 1240 negotium
1247 1206 1294 1230 est
1307 1210 1380 1231 cum

418 1246 497 1281 Deo,
521 1244 626 1276 solum
646 1244 736 1275 illum
756 1253 826 1274 esse
847 1248 990 1274 nostram
1012 1243 1177 1279 iustitiam,
1197 1253 1303 1274 coram
1319 1253 1380 1282 quo

418 1288 594 1319 subsistere
617 1287 686 1317 sine
710 1287 809 1326 ipsius
830 1285 1047 1317 misericordia
1066 1295 1272 1325 nequeamus,
1296 1285 1379 1325 quod

418 1331 513 1362 unius
542 1330 686 1361 criminis
717 1328 808 1360 nobis
839 1329 956 1360 conscii
987 1329 1020 1358 in
1051 1328 1138 1359 mille
1163 1329 1202 1358 ab
1232 1329 1300 1368 ipso
1329 1338 1378 1358 re-

418 1374 625 1414 darguamur.
659 1373 705 1403 Ac
729 1371 804 1403 licet
828 1371 887 1411 ipsi
912 1371 950 1401 ad
982 1371 1063 1401 vitia
1087 1377 1192 1402 nostra
1224 1371 1378 1402 caecutia-

418 1427 499 1453 mus,
515 1417 603 1447 Deus
616 1422 721 1445 tamen
735 1413 833 1455 probe
847 1414 935 1444 novit
949 1414 1004 1453 qui
1017 1414 1127 1451 simus,
1140 1420 1172 1444 et
1184 1414 1366 1445 conscienti·
1362 1425 1379 1444 ιι

418 1466 530 1490 nostra
554 1459 656 1489 maior
678 1463 736 1497 est,
760 1462 796 1487 ut
819 1456 962 1496 loquitur
986 1456 1108 1487 Paulus
1131 1461 1162 1487 et
1185 1456 1322 1488 Ioannes
1345 1456 1379 1487 in

418 1501 554 1542 epistola
573 1501 678 1548 priore
698 1500 860 1531 canonic-1.
886 1499 1104 1538 Quamobrem
1118 1500 1266 1536 sciamus
1290 1498 1380 1530 nulla

419 1556 454 1576 re
484 1555 541 1575 nos
573 1543 677 1584 magis
707 1553 800 1583 posse
830 1542 1007 1582 iustificari,
1039 1552 1134 1582 quam
1165 1543 1191 1573 si
1222 1543 1380 1573 fateamur

419 1588 578 1628 ingenue,
615 1586 723 1616 omnia
751 1589 860 1616 nostra
891 1594 987 1624 opera
1017 1583 1135 1616 nullius
1164 1595 1232 1616 esse
1264 1585 1380 1616 valoris

419 1641 522 1678 neque
544 1629 694 1669 ponderis
717 1628 800 1667 apud
820 1627 945 1658 Deum:
969 1632 1000 1658 et
1023 1638 1130 1659 coram
1143 1628 1212 1658 Deo
1236 1634 1379 1659 nostram

419 1673 575 1704 iustitiam
601 1671 771 1711 probatum
796 1671 844 1707 iri,
869 1681 966 1710 quum
986 1671 1017 1700 in
1043 1671 1143 1719 ipsius
1163 1670 1380 1702 misericordia

419 1726 488 1746 esse
513 1715 649 1755 positam
674 1713 911 1754 agnoverimus.
942 1713 1055 1753 Itaque
1079 1714 1179 1753 ipsius
1202 1714 1380 1745 misericor-

420 1758 506 1788 diam
531 1763 561 1788 et
590 1757 766 1788 bonitatem
791 1767 809 1787 a
833 1755 924 1787 nobis
955 1762 1080 1796 oportet
1108 1766 1235 1797 semper
1257 1756 1381 1796 praedi-

419 1801 495 1839 cari,
526 1806 557 1831 et
580 1800 623 1830 ita
648 1798 827 1830 mercedem
852 1799 890 1829 ab
921 1799 988 1839 ipso
1016 1808 1161 1839 sperare:
1185 1799 1379 1839 quandoqui-

419 1843 491 1875 dem
524 1843 551 1874 si
582 1853 641 1873 nos
671 1849 703 1872 et
732 1852 865 1881 operum
898 1849 1081 1873 nostrorum
1113 1841 1302 1879 dignitatem
1334 1843 1382 1872 in-

420 1892 557 1923 tueatur,
588 1890 712 1916 certum
743 1885 785 1915 sit
815 1894 881 1915 non
913 1895 1004 1924 posse
1035 1894 1141 1915 coram
1171 1885 1238 1924 ipso
1263 1885 1382 1916 diutius

420 1929 605 1960 subsistere.
630 1927 755 1959 Idcirco
775 1926 883 1958 David
903 1927 1024 1967 psalmo
1045 1927 1105 1958 143
1126 1928 1300 1958 Dominum
1314 1934 1381 1958 orat

421 1983 461 2003 ne
485 1971 602 2002 iudicio
626 1969 854 2011 congrediatur
875 1980 946 2001 cum
967 1981 1059 2001 servo
1082 1980 1149 2005 sue,
1172 1970 1255 2010 quod
1275 1981 1380 2001 eoram

420 2015 489 2054 ipso
513 2024 575 2044 non
599 2014 641 2044 sit
669 2014 771 2044 iustus
803 2012 888 2043 ullus
917 2014 1040 2044 vivens.
1086 2012 1196 2053 Neque
1221 2023 1297 2043 vero
1321 2014 1380 2044 sibi

421 2058 479 2088 fuit
503 2057 692 2088 contrarius.
735 2055 954 2095 Quamobrem
979 2066 1075 2096 quum
1101 2055 1159 2086 hoc
1183 2055 1250 2086 loeo
1275 2056 1379 2086 Deum

421 2105 579 2140 precatur,
611 2106 647 2129 ut
671 2098 783 2129 reddat
806 2099 979 2139 unicuique
1003 2099 1157 2129 iustitiam
1182 2109 1282 2132 suam,
1318 2110 1379 2129 non

421 2142 585 2183 praedicat
608 2153 667 2173 sua
686 2142 801 2172 mei-ita
824 2152 931 2172 eoram
946 2141 1032 2172 Deo:
1057 2140 1112 2172 sed
1135 2151 1168 2172 se
1181 2151 1253 2171 eum
1267 2140 1378 2171 idicr-

422 2186 505 2216 sario
525 2185 622 2215 saule
642 2191 816 2224 comparat.
842 2184 908 2215 Nae
932 2195 1029 2224 quum
1054 2194 1105 2215 res
1129 2183 1217 2214 nobis
1242 2189 1379 2214 osteum

422 2228 548 2259 iniustis
572 2227 776 2264 adversariis,
807 2238 922 2258 causae
952 2234 1080 2257 nostrae
1110 2227 1268 2265 aequitate
1292 2227 1380 2257 fictis-

423 2271 529 2301 Deum
553 2270 747 2317 compellare
778 2269 860 2302 licet
891 2278 921 2300 et
953 2280 1010 2300 nos
1048 2270 1235 2310 integiitate
1271 2275 1381 2300 nostra

422 2314 514 2348 tueri,
540 2324 726 2353 precarique
750 2318 785 2343 ut
807 2304 959 2352 rependat
973 2313 1088 2352 cuique
1100 2312 1275 2343 seeundum
1289 2323 1380 2343 suam

422 2357 595 2387 iustitiam:
619 2355 774 2395 siquidem
800 2355 954 2386 iustitiam
979 2362 1120 2386 nostram
1136 2361 1191 2386 aut
1214 2355 1381 2394 perfectio-

423 2410 494 2430 nem
529 2409 635 2430 curam
669 2398 737 2428 Deo
769 2409 832 2428 non
857 2398 1088 2437 praedicamus,
1120 2397 1173 2428 sed
1199 2400 1237 2427 tle
1265 2398 1381 2428 iniuria

423 2442 513 2472 nobis
548 2441 752 2471 coutumeliis
789 2447 819 2471 et
855 2441 981 2471 iniuriis
1016 2441 1112 2471 illatis
1146 2440 1380 2479 conquerimur.

423 2485 533 2523 Quare
573 2494 671 2524 quum
713 2484 986 2523 comparationem
1029 2484 1234 2514 instituemus
1267 2493 1382 2514 causae

423 2534 550 2557 nosti-ac
582 2537 654 2557 eum
687 2526 860 2557 adversarii
893 2537 1005 2563 causa,
1040 2527 1215 2565 poterimus
1245 2525 1381 2556 cundem

423 2580 516 2610 quem
543 2570 600 2600 lioc
624 2569 690 2600 loco
714 2568 821 2599 David
853 2579 1031 2600 sermonem
1062 2579 1225 2609 usurpare.
1272 2568 1383 2609 Longe

423 2613 507 2643 enim
532 2611 617 2642 aliud
642 2619 688 2642 est
719 2611 757 2642 de
781 2612 906 2651 privato
930 2612 1079 2651 quopiam
1106 2612 1196 2647 facto,
1225 2621 1319 2651 quam
1345 2611 1383 2642 de

424 2661 490 2685 tota
515 2656 580 2686 vita
603 2660 635 2685 et
659 2654 744 2685 illius
768 2655 955 2695 integritate
987 2654 1080 2694 loqui.
1127 2654 1209 2684 Nam
1233 2654 1258 2684 si
1284 2663 1383 2685 unam

423 2705 477 2728 aut
502 2698 646 2734 alteram,
678 2698 741 2727 imo
765 2698 790 2728 si
815 2697 922 2736 plures
945 2707 1051 2728 coram
1067 2696 1126 2727 Dei
1151 2696 1303 2727 tribunali
1320 2697 1382 2727 vir-

1405 367 1407 381 ,
1432 352 1516 375 tutes
1545 343 1758 380 attulerimus,
1786 343 1901 384 quibus
1931 353 1989 374 nos
2018 343 2101 374 tueri
2132 342 2278 380 velimus,
2306 342 2395 375 Deus

1432 386 1520 417 mille
1543 386 1682 418 offensas
1705 386 1862 418 adversus
1887 396 1943 417 nos
1967 389 2094 434 regeret
2116 391 2148 416 et
2170 385 2209 416 de
2233 383 2298 416 illis
2318 396 2395 417 eon-

1404 430 1405 470 }
1433 429 1703 469 xineet.1taque
1744 429 1832 460 nulla
1862 435 1910 460 est
1937 429 2019 460 ratio
2050 429 2180 459 virtutis
2211 430 2307 459 unius
2339 433 2395 460 aut

1432 472 1574 511 alterius,
1598 477 1744 512 respectu
1758 478 1804 503 tot
1818 472 1972 503 vitiorum
1985 481 2120 511 quorum
2135 481 2236 511 paene
2248 471 2395 502 infinitus

1404 542 1406 556 (
1433 525 1586 545 numerus
1615 525 1720 546 coram
1747 514 1815 546 Deo
1838 521 1900 546 est:
1932 525 1995 545 non
2025 514 2119 545 aliter
2137 524 2173 545 ac
2196 513 2223 544 si
2246 514 2317 554 quis
2341 513 2394 545 de-

1432 557 1516 588 bitor
1540 557 1690 588 creditori
1713 558 1911 589 satisfaceret
1935 568 1974 587 ex
1997 562 2096 596 parte,
2129 562 2160 587 et
2183 566 2240 597 pro
2264 562 2394 588 centum

1433 606 1489 630 aut
1512 599 1661 631 ducentis
1683 601 1843 631 coronatis
1867 611 1923 631 sex
1947 604 2003 630 aut
2032 604 2155 639 septem
2187 599 2393 639 persolveret,

1405 653 1407 680 ι’
1433 653 1531 682 eoque
1556 644 1684 673 nomine
1708 653 1741 674 se
1759 643 1909 674 creditori
1931 641 2124 674 satisfecisse
2143 641 2271 673 diceret.
2295 643 2396 682 Atqui

1433 686 1521 715 nulla
1545 691 1593 716 est
1618 686 1780 725 proportio
1796 686 1937 726 quinque
1961 691 2017 716 aut
2039 691 2160 724 septem
2185 686 2319 716 istorum
2342 695 2395 716 co—

1406 742 1407 748 *
1433 733 1621 759 renatorum
1642 728 1681 759 ad
1694 733 1822 760 centum
1847 734 1902 759 aut
1925 728 2080 759 ducentos
2102 738 2240 768 quorum
2265 729 2395 760 nomine

1434 770 1612 808 tenebatur,
1636 777 1672 802 ut
1685 771 1846 802 immerito
1859 771 2053 803 satisfecisse
2065 770 2215 802 creditori
2231 781 2264 802 se
2277 770 2396 802 dixerit

1433 814 1486 853 qui
1511 824 1567 853 pro
1592 820 1657 844 tam
1687 814 1813 854 ingenti
1843 824 1970 845 summa
1999 818 2064 844 tam
2095 814 2246 854 exiguam
2277 813 2396 853 persol-

1434 856 1527 887 verit.
1573 856 1644 887 Non
1676 857 1739 887 alia
1769 863 1819 888 est
1847 857 1946 888 nostri
1977 857 2058 887 ratio
2089 866 2196 887 coram
2219 856 2289 886 Deo
2311 855 2396 896 quod

1433 899 1493 939 ipsi
1517 899 1658 930 multum
1682 898 1856 931 debeamus
1877 906 1908 930 et
1933 898 2146 940 persolvendo
2170 900 2270 930 simus
2293 898 2396 939 impa—

1434 952 1500 972 res:
1526 942 1586 972 nisi
1607 942 1675 982 ipsc
1695 952 1752 982 pro
1772 943 1932 974 immensa
1955 952 2014 973 sua
2038 941 2258 973 misericordia
2280 946 2312 972 et
2333 941 2396 972 cle-

1434 985 1556 1015 mentia
1580 985 1680 1015 nostri
1704 985 1903 1023 misereatur,
1936 991 1967 1016 et.
1991 984 2076 1015 ultro
2101 984 2208 1015 debita
2233 984 2322 1015 nobis
2345 993 2396 1015 re-

1433 1028 1550 1058 mittat.
1597 1027 1682 1059 Nam
1711 1035 1778 1059 esto
1805 1029 1838 1059 in
1863 1028 1923 1059 hoc
1947 1028 1997 1058 vel
2028 1027 2082 1058 illo
2105 1026 2189 1059 facto
2212 1027 2283 1058 Deo
2306 1026 2398 1059 satis-

1433 1070 1597 1108 faciamus,
1627 1071 1653 1101 si
1677 1076 1785 1101 tamen
1808 1070 1847 1102 ad
1873 1071 1973 1102 totius
1996 1071 2081 1101 vitae
2105 1076 2235 1101 nostrae
2258 1079 2395 1101 examen

1433 1112 1662 1144 devenerimus
1685 1123 1743 1144 nos
1766 1113 1919 1145 solvendo
1955 1114 2094 1153 impares
2124 1124 2193 1144 esse
2228 1112 2395 1144 fatendum

1433 1157 1503 1186 erit.
1549 1156 1767 1195 Quamobrem
1781 1155 1940 1187 Davidem
1965 1156 2026 1187 hoc
2050 1156 2117 1187 loco
2140 1157 2280 1188 sciamus
2303 1155 2396 1187 nolu-

1432 1200 1495 1229 isse
1518 1209 1625 1230 coram
1644 1198 1715 1229 Deo
1741 1210 1808 1230 sese
1831 1199 1875 1230 ita
1906 1199 2089 1239 praedicare
2109 1204 2143 1229 ut
2166 1197 2395 1239 perfectionem

1433 1241 1573 1281 aliquam
1598 1249 1629 1272 et
1651 1242 1736 1272 vitae
1759 1242 1978 1282 integritatem
2010 1242 2145 1273 iactaret
2168 1242 2202 1272 in
2227 1251 2290 1282 qua
2313 1241 2395 1273 nihil

1434 1283 1649 1315 desideretur:
1681 1285 1736 1315 sed
1766 1285 2036 1325 comparationem
2063 1291 2190 1315 tantum
2216 1285 2396 1316 instituisse

1433 1337 1548 1358 causae
1568 1338 1645 1358 suae
1667 1337 1739 1358 cum
1761 1326 1870 1359 Saulis
1892 1337 1997 1366 causa,
2021 1327 2075 1367 qui
2099 1327 2260 1358 immerito
2287 1328 2396 1367 ipsum

1433 1371 1694 1410 persequebatur,
1718 1370 1888 1410 Deumque
1918 1380 2056 1410 rogasse,
2083 1377 2118 1401 ut
2136 1369 2396 1410 quandoquidem

1435 1412 1513 1444 Saul
1538 1415 1645 1444 animo
1668 1413 1785 1444 infesto
1798 1418 1831 1444 et
1843 1412 2017 1444 erudeliad
2038 1420 2174 1444 mortem
2198 1414 2303 1453 ipsum
2327 1423 2396 1453 per-

1433 1456 1636 1496 sequebatur,
1670 1456 1759 1486 Deus
1781 1455 1946 1491 iudicaret,
1985 1462 2016 1486 et
2038 1456 2153 1495 cuique
2191 1466 2247 1495 pro
2271 1455 2396 1487 meritis

1434 1498 1633 1538 rependeret,
1659 1498 1707 1529 En
1733 1508 1795 1538 quo
1818 1499 1888 1529 iure
1901 1498 2007 1529 David
2032 1509 2050 1529 a
2065 1498 2205 1529 Domino
2229 1499 2396 1540 efflagitet,

1433 1547 1469 1572 ut
1499 1542 1614 1581 cuique
1644 1541 1821 1572 seeundum
1850 1551 1942 1572 suam
1972 1541 2131 1572 iustitiam
2162 1540 2332 1581 rependat,
2364 1546 2396 1573 et

1433 1594 1495 1624 quo
1518 1594 1616 1616 sensu
1640 1584 1776 1624 ipsemet
1792 1584 1914 1624 psalmo
1928 1584 1967 1615 18
1980 1583 2076 1622 dieat,
2100 1584 2206 1615 Deum
2219 1583 2396 1616 reddidisse

1433 1628 1492 1659 sibi
1521 1626 1699 1658 secundum
1728 1627 1882 1658 iustitiam
1915 1637 2004 1658 suam
2038 1634 2069 1658 et
2099 1627 2277 1658 seeundum
2308 1627 2396 1667 puri-

1433 1676 1532 1701 tatem
1556 1680 1712 1700 manuum
1735 1679 1866 1700 suarum
1890 1670 2079 1701 restituisse.
2125 1669 2199 1709 Quo
2227 1670 2295 1701 loco
2319 1680 2397 1702 sane

1434 1713 1541 1744 David
1572 1723 1640 1743 non
1669 1712 1832 1752 praedicat
1859 1712 1968 1743 laudes
1994 1723 2078 1750 suas,
2111 1720 2144 1743 ut
2169 1713 2200 1743 in
2226 1713 2395 1745 hominum

1433 1756 1680 1787 admirationem
1706 1755 1832 1786 veniat:
1867 1755 1922 1786 sed
1947 1756 2052 1795 potius
2075 1760 2111 1786 ut
2134 1755 2294 1795 duplicem
2319 1765 2397 1797 erga

1433 1809 1466 1830 se
1480 1799 1541 1830 Dei
1565 1800 1704 1838 gratiam
1728 1799 1949 1829 commendet:
1974 1798 2127 1829 nimirum
2142 1798 2227 1838 quod
2247 1809 2287 1830 ex
2306 1804 2397 1839 parte

1432 1843 1478 1873 sie
1500 1842 1609 1882 ipsum
1633 1849 1744 1872 saneto
1768 1852 1826 1872 suo
1850 1842 1966 1881 spiritu
1991 1842 2113 1872 rexerit
2136 1847 2168 1872 et
2192 1841 2397 1882 gubernave-

1433 1891 1492 1921 rit,
1525 1890 1561 1915 ut
1589 1893 1660 1915 cum
1693 1894 1820 1915 summa
1849 1885 2034 1925 integritate
2065 1891 2097 1915 et
2125 1884 2225 1916 animi
2255 1885 2395 1916 candore

1432 1937 1504 1958 cum
1536 1927 1693 1967 proximis
1721 1927 1857 1964 vixerit,
1888 1927 2074 1967 neminique
2116 1927 2253 1958 iniurius
2282 1927 2394 1959 fuerit:

1434 1970 1547 2001 deinde
1576 1969 1659 2010 quod
1691 1970 1792 2000 alteia.
1814 1981 1853 2000 cx
1876 1975 1969 2010 parte
1992 1971 2037 2001 sic
2068 1970 2179 2007 bearit,
2211 1975 2245 2001 ut
2267 1969 2394 2002 felicem

1432 2024 1471 2044 ex
1496 2012 1723 2044 afflictionibus
1746 2013 1869 2043 exitum
1894 2013 1955 2052 ipsi
1979 2013 2181 2051 concesserit,
2206 2019 2237 2044 et
2260 2012 2336 2044 licet
2353 2012 2394 2044 ad

1433 2062 1560 2095 tempus
1589 2056 1689 2096 affligi
1719 2056 1911 2104 permiserit,
1943 2056 2042 2087 fuisse
2072 2061 2199 2086 tantum
2225 2055 2314 2086 illam
2339 2066 2395 2087 ex-

1432 2099 1644 2138 plorationem
1670 2109 1751 2138 quae
1771 2099 1802 2129 in
1827 2099 1928 2138 ipsius
1952 2099 2088 2129 salutem
2112 2099 2259 2129 cesserit:
2292 2109 2394 2139 quan-

1433 2141 1602 2181 doquidem
1618 2142 1706 2172 Deus
1730 2143 1860 2172 tandem
1883 2142 1987 2181 ipsum
2012 2152 2051 2172 ex
2071 2140 2220 2172 omnibus
2244 2141 2395 2180 perieulis

1433 2192 1559 2215 erutum
1585 2192 1728 2224 tempore
1751 2190 1933 2224 opportuno
1954 2184 2045 2214 iuvit.
2091 2184 2198 2223 Atque
2229 2183 2282 2215 hie
2305 2184 2394 2216 locus

1433 2238 1468 2257 eo
1492 2228 1649 2268 insignior
1673 2234 1729 2264 est,
1758 2234 1790 2257 et
1820 2226 2007 2267 diligentius
2032 2237 2050 2257 a
2073 2226 2165 2257 nobis
2188 2226 2394 2258 consideran-

1433 2270 1490 2300 dus
1514 2270 1597 2310 quod
1623 2270 1739 2300 multos
1763 2270 1898 2300 nimium
1927 2268 2063 2301 audaces
2088 2269 2234 2300 videmus
2264 2269 2298 2300 in
2322 2279 2395 2310 pro-

1435 2313 1572 2343 vocando
1605 2313 1644 2344 ad
1673 2312 1736 2343 Dei
1764 2311 1933 2348 iudicium,
1964 2322 2044 2352 quos
2074 2321 2187 2343 omnes
2217 2311 2269 2342 vel
2297 2313 2396 2344 etiam

1407 2367 1409 2379 v
1433 2356 1492 2395 ipsi
1518 2356 1657 2387 infantes
1682 2356 1818 2386 iniustos
1843 2354 1998 2395 homines,
2022 2359 2051 2385 et
2065 2355 2313 2386 contumeliosos
2326 2364 2395 2386 esse

1434 2399 1510 2428 satis
1541 2404 1675 2429 norunt:
1707 2397 1762 2428 sed
1793 2404 1900 2431 tamen
1930 2398 1984 2438 qui
2009 2397 2097 2428 nulla
2121 2397 2183 2428 Dei
2212 2398 2396 2429 reverentia

1434 2441 1602 2479 ducantur,
1633 2442 1721 2481 quasi
1754 2448 1867 2481 putent
1892 2440 1998 2471 Deum
2023 2441 2173 2481 ignorare
2196 2440 2307 2480 quales
2329 2441 2396 2472 sint

1434 2484 1622 2523 qualemque
1660 2485 1760 2515 vitam
1785 2484 1919 2523 egerint.
1969 2483 2091 2513 Verum
2117 2492 2321 2522 summopere
2343 2492 2395 2515 ca-

1436 2526 1575 2557 vendum
1601 2538 1640 2557 ne
1654 2526 1714 2557 Dei
1738 2527 1868 2557 nomine
1893 2533 1957 2556 tam
1982 2525 2186 2565 impudenter
2206 2525 2394 2557 abutamur:

1409 2593 1411 2611 ς
1435 2569 1488 2598 sed
1513 2569 1617 2600 danda
1643 2570 1748 2609 pot-ius
1771 2579 1877 2608 opera,
1903 2574 1937 2599 ut
1956 2578 2029 2599 cum
2053 2569 2091 2599 ad
2116 2568 2217 2608 ipsius
2241 2567 2395 2600 iudicium

1437 2613 1726 2650 provocaverimus,
1745 2618 1867 2643 certum
1882 2618 1914 2642 et
1934 2611 2152 2642 indubitatum
2174 2611 2395 2642 testimonium

1437 2653 1611 2685 habeamus
1647 2660 1774 2686 nostrae
1807 2655 1977 2694 aequitatis
2008 2659 2039 2685 et
2069 2654 2271 2692 sinceritatis,
2304 2654 2396 2686 cuius

1436 2695 1487 2726 vel
1513 2697 1570 2736 ipsi
1585 2697 1760 2728 adversarii
1782 2698 1880 2728 nostri
1893 2697 2011 2729 conscii
2031 2702 2116 2734 sunt,
2139 2702 2172 2727 et
2183 2706 2279 2736 quam
2303 2695 2396 2727 fateri

2542 1712 2544 1717 <
2524 922 2551 1684 “'fflaffi¹Q:W‘maeeffl-aet
2549 902 2551 907 .
2518 519 2551 884 elme-mmm...
2532 469 2551 506 τ’·
2534 404 2551 442 ’.ο
2540 361 2551 367 ι
