2551 3044
349 204 386 234 31
1148 199 1346 232 HOMILIA
1370 199 1512 232 XLVII.
2274 202 2315 234 32

347 307 520 328 conversus
555 295 593 326 ab
628 296 681 326 illo
715 297 877 336 suppetias
913 303 1050 336 peteret:
1088 295 1136 325 vel
1167 295 1191 324 si
1222 294 1303 324 forte

348 340 470 379 ingenti
503 346 587 369 metu
619 346 649 368 et
680 338 811 369 horrore
843 339 1005 378 perculsus
1036 338 1073 368 ad
1103 338 1203 368 Deum
1228 346 1304 367 con-

347 384 456 421 fugere
489 392 550 411 non
583 381 811 417 recordaretur,
848 390 938 420 parta
968 382 1080 412 saltem
1115 379 1245 411 victoria
1273 387 1304 410 et
1330 394 1331 406 ι

348 424 514 455 debellatis
543 423 698 460 hostibus,
736 423 803 453 Deo
833 424 889 454 soli
915 424 1049 464 gloriam
1076 424 1213 453 tribuere
1237 432 1303 452 me-

348 467 495 498 minisset
530 467 628 496 totius
663 466 824 500 victoriae,
871 477 908 497 ne
940 478 1034 506 quam
1070 466 1126 496 sibi
1161 465 1304 495 homines

349 517 472 549 partem
514 508 617 539 laudis
661 509 874 540 vendicarent.
920 509 1032 549 Neque
1068 509 1151 539 enim
1188 511 1305 538 trustra

349 553 428 583 dixit
452 552 615 591 propheta.
640 551 745 581 Deum
770 562 831 582 non
853 551 1002 583 delectari
1026 553 1097 591 eqni
1119 550 1304 581 fortitudine
1330 556 1331 560 ’

348 595 430 635 quod
460 595 554 625 etiam
586 594 767 624 hominibus
795 594 907 625 merito
938 604 1105 634 possumus
1135 593 1303 632 applicare.

351 637 484 668 Minime
520 637 549 667 id
581 636 709 676 quidem
740 637 829 676 quasi
862 637 950 667 Deus
973 648 1052 677 opus
1076 646 1168 667 suum
1193 635 1303 665 oderit.

350 680 432 711 Nam
468 680 493 710 si
527 680 615 710 fortis
645 689 745 718 equus
775 688 805 710 et
838 680 987 711 robustus
1011 680 1102 710 nobis
1125 679 1304 715 contigerit.

350 733 426 753 sane
457 732 625 762 possumus
647 731 684 752 eo
707 721 745 752 ad
772 732 821 753 res
845 724 1038 753 necessarias
1063 722 1123 752 uti:
1155 729 1185 751 et
1208 721 1233 751 si
1260 721 1304 750 vi-

352 766 438 795 ribus
470 765 605 804 praediti
636 770 711 795 sunt
736 764 890 805 homines,
920 764 981 795 Dei
1006 765 1122 795 donum
1146 774 1213 794 csse
1237 772 1303 794 cer-

350 816 418 838 tum
463 815 519 839 est.
566 807 697 837 minime
730 808 1009 838 contemnendum.
1055 807 1119 838 Sed
1155 806 1302 845 quoniam

348 850 506 890 proclives
550 860 662 880 sumus
700 849 738 880 ad
781 850 988 881 ambitionem
1023 859 1051 880 et
1088 848 1303 888 arrogantiam

347 893 461 923 mediis
485 892 661 923 istiusmodi
686 893 843 928 exornati,
870 901 902 923 ut
926 893 1016 923 nobis
1042 892 1207 922 videamur
1226 891 1304 921 satis

348 946 388 966 ex
413 935 502 966 nobis
524 935 599 974 ipsis
623 935 720 965 validi
745 935 783 966 ad
809 946 865 966 nos
889 935 1055 966 tutandos:
1088 935 1203 965 idcirco
1227 933 1304 965 dici-

350 984 403 1009 tur
426 978 517 1008 Deus
540 977 604 1008 illis
627 977 739 1008 mediis
759 988 822 1008 non
842 978 1008 1009 delectari:
1032 989 1070 1008 ne
1091 978 1122 1007 in
1143 977 1204 1007 illis
1223 975 1304 1007 fidu·
1330 983 1331 1018 ζ

347 1022 430 1052 ciam
462 1024 603 1051 nostram
631 1020 822 1052 collocemus
851 1027 881 1051 et
912 1021 1164 1060 acquiescamus:
1193 1019 1246 1050 sed
1271 1025 1305 1049 ut

349 1063 389 1094 ad
419 1062 524 1094 Deum
555 1064 778 1103 confugientes
809 1063 847 1094 ab
876 1063 931 1094 illo
955 1063 1020 1094 solo
1044 1063 1177 1093 salutem
1202 1072 1306 1101 spere-

350 1117 431 1141 mus,
462 1113 493 1137 et
523 1105 557 1136 in
580 1107 666 1136 omni
691 1105 870 1136 humilitate
895 1106 984 1136 illum
1008 1106 1195 1136 invocantes
1218 1104 1305 1135 debi-

350 1156 418 1179 tum
450 1148 603 1179 honorem
636 1148 815 1179 reddamus.
862 1149 961 1179 Porro
992 1149 1095 1179 Deum
1120 1148 1305 1178 ardentibus

350 1198 383 1222 et
405 1191 536 1222 sinceris
560 1190 705 1231 precibus
730 1191 934 1231 interpellare
958 1202 1019 1222 non
1045 1201 1219 1230 possumus,
1245 1190 1305 1220 nisi

349 1235 383 1265 in
415 1234 581 1273 angustias
611 1233 731 1264 redacti
762 1234 918 1265 fuerimus
945 1241 975 1265 ct
1000 1235 1137 1273 inopiam
1163 1239 1305 1263 nostram

350 1277 556 1308 senserimus.
607 1276 690 1307 Nam
730 1276 755 1306 si
798 1277 892 1307 rebus
931 1276 1079 1307 omnibus
1120 1276 1305 1307 necessariis

350 1319 500 1350 instructi
535 1319 625 1349 nobis
660 1318 834 1357 videamur,
871 1325 903 1349 et
937 1319 1003 1349 voti
1038 1319 1110 1349 facti
1145 1323 1306 1357 compotes

351 1362 461 1393 omnia
490 1372 530 1392 ex
561 1361 659 1392 animi
691 1362 853 1392 sententia
883 1361 1061 1399 succedant,
1099 1361 1202 1391 Deum
1233 1361 1306 1391 licet

350 1415 525 1445 precemur,
550 1414 614 1434 non
638 1404 722 1435 serio
742 1404 857 1435 affectu
879 1404 1021 1441 facimus,
1044 1403 1098 1435 sed
1120 1410 1246 1434 tantum
1266 1414 1304 1434 ex

350 1457 439 1478 more
462 1451 494 1477 et
517 1447 578 1477 ritu
603 1446 738 1486 quodam
764 1451 907 1477 externo.
952 1446 1156 1487 Quapropter
1179 1457 1305 1477 necesso

352 1543 409 1563 nos
439 1531 479 1562 ad
509 1531 615 1562 Deum
647 1531 790 1568 deducat,
825 1537 913 1563 tanta
935 1531 1061 1572 quidem
1086 1532 1185 1562 animi
1210 1531 1306 1562 vehe-

350 1575 482 1613 mentia,
505 1581 539 1605 ut
563 1575 622 1614 ipsi
645 1573 785 1605 debitum
811 1574 964 1606 honorem
984 1574 1168 1606 reddamus:
1192 1580 1223 1605 ct
1243 1585 1305 1605 non

351 1623 478 1649 tantum
502 1627 555 1648 ore
578 1616 633 1647 sed
646 1617 759 1656 reipsa
783 1623 814 1647 et
837 1628 876 1648 ex
899 1618 1006 1648 animo
1028 1618 1236 1657 profiteamur
1259 1627 1306 1647 sa-

349 1660 451 1691 lutem
481 1665 622 1690 nostram
646 1659 686 1689 ab
710 1659 763 1690 illo
786 1660 852 1690 solo
874 1659 1020 1700 pendere,
1055 1661 1123 1691 sine
1145 1660 1235 1691 cuius
1259 1660 1304 1690 fa-

352 1745 444 1776 nobis
472 1745 517 1776 sic
540 1750 645 1776 actum
669 1744 721 1784 sit,
753 1750 788 1775 ut
810 1744 899 1776 nulla
922 1745 1008 1776 salus
1029 1755 1195 1785 superesse
1218 1745 1305 1775 vide-

352 1793 434 1819 atur.

353 1874 504 1905 omnibus
533 1872 571 1903 ad
597 1872 714 1903 iustam
737 1872 956 1904 defensionem
980 1882 1128 1909 vacnum,
1160 1879 1195 1903 ut
1218 1872 1307 1903 dein-

352 1927 426 1956 ceps
462 1915 592 1946 victoria
624 1914 661 1945 de
691 1914 834 1946 hostibus
865 1916 990 1956 insigne
1012 1921 1097 1946 essct
1119 1915 1306 1955 trophaeum
1333 1932 1334 1940 1

354 1965 386 1990 et
418 1964 662 1989 monumentum
694 1958 791 1988 oblati
823 1969 841 1988 a
872 1958 940 1989 Deo
970 1968 987 1988 e
1010 1958 1105 1989 coelis
1126 1958 1246 1994 auxilii,
1277 1965 1307 1987 et

353 2001 454 2041 erepti
485 2000 592 2041 populi
624 1999 691 2031 sola
716 2000 774 2031 Dei
800 2001 918 2032 virtute
941 2007 972 2031 et
995 2001 1137 2040 potentia
1159 2011 1175 2030 e
1199 2001 1308 2031 mortis
1333 2004 1335 2025 ἒ

685 2053 773 2082 spem
814 2053 941 2074 omnem
982 2043 1093 2074 salutis
1134 2043 1308 2074 abiecisset.
1334 2057 1335 2063 1

352 2044 506 2079 saucibus,
553 2042 635 2083 quod

353 2087 525 2118 Caeterum
549 2086 755 2116 observemus
778 2091 900 2125 quanta
922 2086 955 2116 in
978 2086 1039 2117 isto
1063 2086 1178 2126 populo
1204 2096 1308 2116 rerum

355 2131 498 2160 omnium
521 2135 603 2159 esset
626 2128 778 2165 confusio,
802 2139 899 2168 quum
925 2128 984 2160 Dei
1008 2128 1116 2159 hostes
1135 2135 1257 2158 tantam
1278 2128 1309 2157 in

358 2171 510 2212 populum
543 2170 745 2211 tyrannidem
776 2178 971 2208 exercerent,
1001 2176 1039 2202 ut
1061 2170 1186 2201 miseris
1209 2171 1311 2201 homi-

358 2215 452 2245 nibus
488 2225 526 2244 nc
559 2214 665 2245 liceret
696 2213 824 2253 quidem
855 2213 895 2245 ad
923 2213 1138 2245 conficiendos
1169 2223 1311 2243 vomeres

359 2264 415 2288 aut
435 2256 560 2297 ligones
583 2267 665 2292 suos,
689 2262 743 2286 aut
767 2267 893 2287 secures
915 2267 999 2294 suas,
1022 2262 1077 2287 aut
1101 2263 1199 2293 rutra,
1223 2255 1311 2285 deni-

360 2470 505 2501 hostibus
524 2470 665 2510 accipere
685 2475 885 2509 cogerentur,
905 2481 923 2501 a
942 2469 1056 2510 quibus
1075 2474 1182 2500 tamen
1195 2468 1314 2500 centies

361 2512 476 2543 millies
499 2513 583 2544 caesi
607 2512 775 2552 periissent
799 2512 824 2543 si
845 2512 934 2544 Deus
953 2512 1159 2552 permisisset.
1205 2510 1313 2550 Quum

361 2555 458 2596 igitur
487 2556 520 2585 in
544 2561 651 2586 tantas
675 2555 839 2594 angustias
862 2556 1024 2587 redactum
1048 2554 1193 2586 videmus
1216 2564 1313 2594 popu-

364 2598 426 2628 lum
458 2597 547 2628 illum
578 2607 596 2627 a
620 2597 689 2628 Deo
712 2597 858 2635 electum,
887 2604 917 2629 ct
940 2598 1044 2629 solum
1068 2598 1099 2628 in
1125 2602 1189 2628 toto
1214 2603 1314 2627 terra-

363 2650 433 2670 rum
458 2641 532 2671 orbe
555 2641 586 2671 in
611 2650 672 2680 quo
696 2640 756 2671 Dei
780 2651 895 2671 nomen
920 2640 1126 2671 invocabatur
1148 2645 1178 2670 et
1201 2638 1312 2670 adora-

1337 2292 1339 2300 Ι
1364 2267 1420 2287 nos
1451 2257 1546 2287 etiam
1579 2256 1752 2296 pertinent.

359 2310 419 2339 que
443 2299 623 2331 necessaria
646 2299 753 2329 omnia
776 2299 991 2330 instrumenta
1013 2299 1052 2330 ad
1073 2304 1191 2329 terram
1211 2298 1312 2329 colen·
1337 2304 1338 2315 ¹

359 2343 443 2380 dam,
472 2348 527 2373 aut
555 2342 617 2372 alia
647 2341 685 2372 ad
717 2340 906 2373 domesticos
929 2352 1005 2373 usus
1027 2341 1243 2372 instrumenta
1265 2340 1312 2371 fa·
1338 2351 1339 2360 ¹

360 2385 434 2415 bros
457 2384 584 2422 habere,
609 2383 686 2414 adeo
710 2390 744 2414 ut
765 2384 852 2425 ligna
871 2384 1016 2416 scindere
1035 2384 1095 2415 nisi
1115 2383 1313 2415 commodato
1338 2387 1339 2394 ¹

360 2427 499 2467 acceptis
523 2426 688 2458 securibus
712 2436 775 2457 non
796 2433 940 2467 possent:
963 2433 995 2458 et
1014 2427 1192 2458 necessario
1210 2436 1228 2456 a
1246 2425 1313 2457 suis
1339 2443 1340 2450 κ

1359 295 1466 325 batur:
1499 294 1660 326 discamus
1694 296 1780 326 illius
1813 295 1959 335 exemplo
1991 295 2124 325 minime
2156 296 2265 326 mirari
2289 297 2316 327 si

1358 347 1586 377 nonnunquam
1611 338 1700 368 Dens
1724 338 1879 378 permittit
1906 349 1964 368 nos
1983 337 2022 368 ab
2042 337 2186 368 hostibus
2205 339 2316 377 premi,

1357 388 1386 410 et
1411 380 1443 410 in
1467 387 1647 410 extremum
1672 382 1782 411 venire
1802 381 1972 412 discrimen
1994 387 2027 410 ut
2048 380 2163 411 millies
2182 381 2316 419 perituri

1357 422 1532 459 videamur,
1562 430 1593 453 et
1621 434 1746 454 summo
1777 423 1931 454 dedecore
1961 429 1992 453 et
2023 423 2198 463 ignominia
2221 423 2316 453 obru—

1356 465 1439 495 endi.
1487 465 1584 500 Haec,
1622 466 1761 505 inquam.
1796 467 1902 496 omnia
1934 466 1959 496 si
1990 466 2081 496 nobis
2111 465 2316 505 contigerint,

1356 518 1567 547 agnoscamus
1598 509 1660 538 iam
1691 509 1766 538 olim
1800 508 1880 539 lianc
1911 509 2008 539 fuisse
2033 508 2183 539 ecclesiae
2206 507 2316 538 condi-

1358 552 1485 585 tionem,
1518 550 1586 580 l)eo
1619 551 1735 590 partim
1769 552 1812 582 ita
1844 552 1996 590 puniente
2028 557 2156 590 peccata
2186 551 2316 581 illorum

1357 593 1410 632 qui
1436 593 1553 632 ingrati
1579 593 1611 623 in
1636 593 1740 632 ipsum
1765 594 1900 629 fuerant,
1925 601 1953 624 et
1975 595 2177 624 immemores
2198 593 2316 624 benefi-

1356 636 1476 666 ciorum
1511 635 1549 665 ab
1581 636 1648 674 ipso
1677 642 1897 676 acceptorum:
1930 637 2047 676 partim
2079 638 2175 666 etiam
2206 645 2316 666 corum

1357 678 1546 718 patientiam
1569 678 1766 717 explorante,
1790 679 1844 718 qui
1867 678 2005 709 fideliter
2023 679 2127 718 ipsum
2150 679 2317 709 coluerunt

1357 728 1387 751 et
1430 720 1636 750 honorarunt.
1682 720 1744 752 Hic
1783 721 1890 760 itaque
1925 728 2075 761 tanquam
2111 721 2143 751 in
2179 721 2317 757 imagine

1356 764 1433 793 viva
1452 762 1526 793 licet
1544 763 1694 794 ecelesiae
1713 763 1928 794 conditionem
1948 763 2168 803 contemplari.
2193 764 2316 803 quoties

1357 805 1443 836 illam
1477 805 1558 835 serio
1587 805 1755 845 explorare
1784 804 1854 836 Deo
1888 806 1989 836 visum
2021 811 2078 836 cst.
2124 805 2210 844 Quid
2241 816 2316 837 vero

1330 859 1331 889 j
1357 849 1395 878 de
1429 847 1528 879 Saule
1562 847 1715 884 dicemus,
1751 849 1804 887 qui
1839 859 1900 879 non
1926 849 1968 879 ita
1994 848 2117 887 pridem
2141 849 2316 879 exercitum

1330 917 1331 921 ,
1356 891 1529 929 collegerat
1553 897 1731 922 tercentum
1757 890 1844 921 mille
1865 891 2041 929 hominum,
2065 891 2127 920 iam
2148 901 2224 921 vero
2243 890 2318 922 solis

1357 934 1518 963 sexcentis
1559 933 1744 964 hominibus
1785 934 1931 973 stipatur.
1978 933 2124 964 Profecto
2167 933 2318 965 historiae

1357 975 1450 1007 fidem
1471 976 1593 1007 faciunt
1613 983 1683 1015 post
1704 977 1866 1016 ingentem
1886 984 2026 1016 stragem
2040 975 2189 1012 militum,
2209 984 2315 1007 tamen

1356 1020 1566 1058 imperatores
1606 1019 1741 1058 receptis
1780 1018 1938 1050 militibus
1978 1019 2182 1049 autoritatem
2225 1028 2317 1049 suam

1357 1061 1544 1092 retinuisse:
1568 1069 1600 1092 et
1624 1062 1697 1092 licet
1721 1069 1822 1092 morte
1846 1068 1920 1092 ante
1943 1061 2052 1092 oculos
2076 1068 2233 1097 versante,
2258 1061 2317 1092 mi—

1357 1105 1428 1135 lites
1462 1114 1555 1135 suum
1581 1104 1805 1143 imperatorem
1831 1114 1995 1144 nunquam
2020 1103 2208 1135 deseruisse.
2254 1103 2318 1135 Hic

1357 1157 1433 1178 vero
1468 1146 1539 1177 licet
1576 1146 1718 1177 nondum
1753 1147 1901 1178 fecissent
1936 1147 2044 1177 hostes
2077 1148 2244 1186 impetum,
2287 1153 2319 1177 et

1332 1189 1435 1221 *Saul
1471 1188 1547 1220 tuba
1582 1189 1698 1220 milites
1733 1190 1915 1225 excivisset,
1948 1189 2001 1229 qui
2037 1199 2152 1228 magno
2184 1199 2317 1220 numero

1358 1233 1496 1273 primum
1521 1231 1730 1270 advenerant,
1754 1239 1861 1263 tamen
1885 1233 2002 1263 sensim
2027 1231 2141 1271 dilapsi
2166 1238 2250 1266 sunt,
2281 1236 2318 1262 ut

1332 1274 1333 1278 ’
1358 1275 1498 1315 reliquos
1532 1280 1658 1305 tantum
1691 1275 1837 1306 homines
1865 1281 2032 1306 sexcentos
2055 1274 2133 1306 Saul
2159 1274 2316 1305 habuerit.

1332 1347 1333 1358 ,
1360 1318 1433 1354 Sed,
1465 1318 1603 1354 obsecro,
1634 1327 1730 1356 quam
1762 1323 1890 1357 paratos
1913 1324 1945 1348 et
1967 1318 2140 1349 instructos
2163 1317 2201 1347 ad
2227 1327 2318 1357 prae-

1359 1360 1461 1391 lium?
1507 1360 1555 1390 Ne
1587 1370 1670 1391 unus
1698 1360 1825 1400 quidem
1855 1360 2006 1400 gladium,
2036 1367 2091 1390 aut
2115 1359 2236 1390 hastam
2260 1359 2318 1390 ha-

1332 1414 1333 1424 *
1358 1403 1428 1434 buit
1461 1413 1524 1442 qua
1555 1413 1588 1433 se
1619 1408 1779 1433 tueretur:
1814 1403 1897 1434 solas
1927 1412 2054 1434 secures
2085 1408 2139 1433 aut
2167 1402 2316 1434 stimulos

1332 1454 1333 1463 ¹
1359 1446 1475 1486 quibus
1505 1445 1668 1476 fodiantur
1697 1446 1792 1476 boves
1823 1446 1962 1485 reliquos
1992 1445 2160 1476 habebant.

351 1495 402 1521 est
425 1499 483 1520 nos
506 1488 601 1520 rebus
624 1488 772 1520 omnibus
796 1488 936 1528 destitui,
959 1500 995 1520 eo
1018 1500 1116 1529 usque
1140 1495 1175 1519 ut
1199 1489 1306 1529 inopia
1332 1495 1333 1523 g

2239 1454 2316 1476 uare

1358 1490 1536 1519 maximum
1568 1488 1619 1519 hic
1650 1488 1757 1519 Saulis
1783 1495 1946 1529 stuporem
1968 1488 2171 1528 inspicimus:
2203 1444 2318 1519 {inde

1332 1563 1333 1570 ,
1359 1532 1455 1563 etiam
1487 1537 1614 1571 turpem
1644 1531 1753 1571 populi
1783 1531 1891 1571 fugam
1915 1537 1946 1561 et
1969 1530 2211 1570 dissipationem
2234 1540 2317 1561 sum-

1332 1584 1333 1612 ]
1359 1584 1507 1614 mamque
1531 1584 1639 1605 rerum
1661 1574 1896 1605 confusionem:
1919 1573 2177 1613 quandoquidem
2197 1573 2236 1603 de
2255 1571 2317 1603 Dei

1359 1617 1478 1648 auxilio
1512 1626 1575 1647 non
1610 1617 1798 1656 cogitantes,
1832 1616 1887 1647 alii
1919 1617 1952 1646 in
1987 1616 2166 1656 speluncas,
2201 1615 2254 1646 alii
2284 1616 2317 1645 in

1332 1660 1524 1697 ,cisternas
1559 1658 1612 1689 alii
1646 1660 1678 1690 in
1713 1659 1821 1700 sylvas
1854 1669 1923 1690 sese
1953 1658 2156 1696 abdiderunt,
2189 1664 2221 1689 et
2243 1668 2319 1698 qua-

351 1713 427 1734 vore
450 1708 482 1733 et
505 1701 728 1733 benevolentia
752 1707 861 1733 nostra
883 1703 969 1734 salus
988 1703 1194 1742 periclitetur,
1217 1709 1249 1733 et
1268 1701 1306 1732 de
1332 1700 1333 1705 ¹

1358 1712 1484 1742 cunque
1508 1702 1631 1732 ratione
1653 1701 1714 1733 sibi
1737 1702 1987 1733 consuluerunt:
2019 1712 2079 1741 quo
2103 1701 2185 1733 sacto
2208 1700 2318 1732 testati

1332 1751 1433 1776 ‘sunt
1470 1755 1504 1776 se
1538 1743 1634 1775 fidem
1668 1754 1796 1775 omnem
1830 1750 1862 1775 et
1894 1754 1983 1784 spem
2018 1744 2131 1775 salutis
2163 1749 2317 1783 tanquam

480 1787 697 1826 Quamobrem
732 1787 863 1818 minime
893 1786 1024 1819 dubium
1048 1794 1095 1818 est
1118 1787 1194 1827 quin
1221 1788 1306 1818 Deus
1332 1799 1333 1804 ¹

353 1830 492 1862 voluerit
525 1829 681 1870 populum
715 1840 808 1860 suum
842 1830 998 1861 inermem
1031 1841 1108 1861 esse.
1149 1837 1179 1860 et
1214 1831 1334 1873 rebus*y

1359 1789 1453 1819 rebus
1482 1787 1659 1827 desperatis
1681 1787 1860 1827 proiecisse.
1905 1787 1998 1826 Quae
2021 1797 2119 1827 quum
2142 1787 2317 1822 intuemur,

1359 1831 1527 1866 discamus,
1561 1835 1597 1860 ut
1631 1836 1706 1861 ante
1738 1830 1858 1867 monui,
1893 1831 1938 1861 sic
1972 1830 2005 1860 in
2036 1830 2141 1860 Deum
2166 1828 2317 1860 fiduciam

1360 1879 1501 1904 nostram
1533 1872 1698 1909 collocare,
1729 1878 1764 1903 ut
1787 1883 1886 1912 quum
1909 1883 1961 1903 res
1984 1878 2112 1903 nostrae
2135 1871 2318 1911 deploratae

1361 1916 1563 1952 videbuntur,
1595 1922 1625 1946 et
1659 1915 1764 1946 hostes
1795 1914 1919 1946 viribus
1950 1925 2007 1945 nos
2038 1914 2134 1954 longe
2157 1923 2317 1954 superare,

1360 1965 1468 1989 tamen
1499 1969 1561 1988 non
1592 1957 1777 1988 desinamus
1805 1968 1934 1997 sperare
1962 1957 2025 1988 Dei
2049 1957 2203 1987 virtutem
2227 1955 2317 1987 facil—

1360 2002 1435 2031 lime
1459 1999 1612 2040 quidquid
1636 2001 1832 2031 contrarium
1851 2000 1942 2031 nobis
1961 2000 2057 2031 fuerit
2075 2004 2316 2039 superaturam:

1360 2043 1617 2083 quandoquidem
1642 2043 1755 2074 mortis
1778 2043 1884 2073 exitus
1907 2041 2004 2073 habet
2026 2043 2059 2073 in
2084 2046 2257 2082 potestate:
2282 2050 2318 2071 ac

1361 2085 1493 2126 proinde
1538 2086 1612 2117 licet
1653 2085 1742 2116 mille
1780 2086 1894 2116 mortis
1933 2085 2118 2116 discrimina
2155 2084 2318 2124 ingruant,

1362 2130 1468 2160 Deum
1492 2134 1601 2159 tamen
1625 2128 1718 2159 facile
1740 2128 1890 2159 omnibus
1907 2137 2113 2159 occursurum
2133 2134 2164 2157 et
2182 2137 2223 2157 ex
2240 2125 2321 2166 ipsis

1362 2171 1500 2210 sepulcri
1524 2170 1667 2202 faucibus
1693 2180 1768 2202 suos
1802 2171 2003 2202 educturum.
2040 2169 2122 2201 Nam
2143 2179 2226 2209 quae
2243 2168 2320 2199 olim

1363 2214 1521 2245 israelitis
1554 2214 1593 2244 de
1627 2214 1687 2244 hac
1720 2224 1754 2244 re
1787 2213 1890 2244 factae
1923 2218 1999 2243 sunt
2028 2212 2256 2252 promissiones
2279 2210 2320 2242 ad

1798 2255 1886 2287 Sane
1916 2255 2092 2286 Zachariae
2123 2253 2320 2294 temporibus

1364 2299 1464 2330 tristis
1488 2309 1594 2330 rerum
1622 2299 1653 2329 in
1675 2298 1795 2330 Israele
1816 2298 1911 2329 facies
1930 2302 2006 2338 erat,
2041 2307 2231 2336 summaque
2250 2306 2321 2337 per-

1364 2342 1512 2372 turbatio.
1557 2341 1640 2372 Nam
1671 2341 1755 2372 facta
1784 2340 1912 2381 quidem
1934 2346 2003 2371 erat
2025 2339 2142 2379 populo
2166 2338 2323 2370 redeundi

1364 2390 1513 2423 potestas,
1545 2390 1578 2415 et
1607 2383 1718 2414 urbem
1748 2384 1850 2424 ipsam
1874 2383 2092 2423 templumque
2116 2381 2176 2412 Dei
2200 2387 2321 2412 restau-

1365 2427 1472 2457 randi:
1508 2426 1562 2458 sed
1587 2432 1694 2457 tamen
1718 2424 1858 2465 undique
1880 2430 2080 2465 premuntur.
2127 2424 2169 2455 Et
2192 2424 2320 2464 quidem

1365 2479 1474 2499 eorum
1516 2475 1664 2509 respectu
1706 2469 1760 2508 qui
1793 2469 1825 2499 in
1862 2467 2074 2508 Babyloniam
2111 2466 2320 2506 transportati

1340 2520 1341 2550 j
1367 2512 1492 2542 fuerant
1514 2518 1545 2542 et
1564 2513 1597 2542 in
1617 2511 1814 2543 Chaldaeam
1833 2516 1865 2542 et
1882 2509 1961 2541 alias
1981 2511 2129 2551 regiones
2147 2509 2321 2541 orientales

1340 2553 1341 2599 J
1367 2553 1501 2593 dispersi
1524 2555 1659 2585 minima
1683 2563 1756 2593 pars
1778 2558 1848 2584 erat
1870 2562 2008 2584 reversa.

2052 2553 2096 2583 Et
2119 2552 2247 2592 quidem
2266 2561 2321 2582 no—

1367 2601 1434 2626 tum
1468 2602 1516 2627 cst
1545 2598 1646 2628 factas
1668 2596 1732 2627 illis
1754 2595 1981 2636 promissiones
2006 2596 2110 2627 Deum
2133 2605 2242 2626 semen
2265 2593 2322 2625 ali-

1366 2638 1450 2678 quod
1475 2639 1552 2678 ipsis
1575 2644 1828 2676 reservaturum,
1851 2642 1883 2669 et
1905 2638 2063 2679 reliquam
2087 2638 2225 2677 aliquam
2248 2646 2322 2676 par-
