2551 3044
221 168 281 199 113

220 273 298 295 num
322 271 353 295 et
377 263 588 295 necessarium
609 268 671 294 est:
695 273 730 294 30
748 262 882 302 proinde
901 268 994 294 extra
1014 261 1171 302 quaestio-

220 318 293 338 nem
317 306 466 347 positum,
495 316 591 346 quare
621 305 654 336 in
678 305 747 336 Deo
775 305 891 337 fiducia
913 305 955 337 sit
977 304 1169 336 collocanda.

220 348 489 389 Quandoquidem
513 348 602 379 Deus
624 354 671 379 est
694 348 837 379 omnium
867 348 1020 379 bonorum
1047 347 1116 378 fons
1140 352 1171 377 et

220 392 392 432 scaturigo,
421 402 478 421 nos
502 402 576 421 vero
599 397 710 422 contra
732 391 836 421 omnis
862 391 1009 422 miseriae
1032 395 1064 420 et
1087 389 1169 420 0313-

219 435 342 467 mitatis
364 433 551 465 subiectum.
597 432 686 464 Idem
720 440 788 464 esto
818 433 936 464 dictum
959 433 998 464 de
1026 432 1170 472 precibus

221 484 252 509 et
271 476 475 508 orationibus.
509 475 600 506 Idem
619 475 657 506 de
675 476 815 513 caritate,
840 475 878 506 de
900 475 1107 514 eleemosyna,
1132 474 1170 505 de

220 520 374 555 castitate,
399 518 437 548 de
460 518 681 557 temperantia,
712 524 743 549 et
766 518 937 550 similibus:
961 527 1041 558 quae
1063 517 1170 548 omnia

219 564 309 594 Deus
332 562 400 592 sine
423 560 610 600 exceptione
633 561 702 591 fieri
726 561 888 601 praecipit,
907 560 989 601 quod
1008 561 1060 600 qui
1079 570 1169 591 secus

219 606 299 636 faxit
339 603 466 634 divinae
502 603 657 633 voluntati
691 608 721 634 et
755 603 818 643 legi
853 609 1017 644 repugnet.
1083 602 1169 633 Sunt

219 653 326 679 autem
346 645 408 676 alia
426 644 581 685 quaedam
602 652 733 677 naturae
752 646 920 677 cuiusdam
938 645 1070 681 mediae,
1089 655 1168 684 quae

218 690 293 722 licet
327 699 391 719 non
426 687 671 727 praecipiantur,
705 693 811 719 tamen
844 688 924 719 nihil
959 688 997 719 ad
1034 687 1169 719 salutem

218 732 396 767 conferunt,
427 729 481 760 sed
512 740 568 770 per
599 741 631 761 se
660 730 744 762 mala
774 741 837 762 000
867 736 957 762 sunt:
987 729 1041 762 sed
1064 730 1169 770 potius

218 775 310 807 bona.
362 771 659 812 Quemadmodum,
693 773 833 813 exempli
864 774 984 814 gratia,
1015 773 1169 804 ieiunium

218 828 275 858 per
306 828 340 848 se
368 814 450 846 nihil
480 820 536 851 est,
567 815 662 846 sicuti
692 815 813 847 Paulus
842 816 908 856 ipse
937 815 1086 856 loquitur,
1120 815 1169 846 in-

218 860 341 900 quiens,
360 868 425 889 non
443 867 511 888 esse
524 857 556 888 in
575 857 645 889 istis
664 858 803 898 positum
817 858 877 891 Dei
896 858 1025 890 cultum.
1059 857 1170 897 Neque

218 903 304 934 enim
325 901 392 933 sive
415 899 553 937 edamus,
578 900 645 931 sive
668 901 822 941 bibamus,
846 911 951 932 coram
970 901 1039 932 Deo
1063 901 1170 931 melio-

218 955 270 976 res
293 953 418 975 sumus:
442 953 545 982 neque
568 942 665 973 etiam
688 943 714 973 si
737 944 805 975 cibo
828 949 859 975 et
882 948 958 984 potu
981 943 1169 975 abstinueri-

217 998 298 1019 mus.
344 986 506 1017 Ieiunium
529 990 636 1016 tamen
661 986 800 1017 maxime
823 986 951 1026 prodest
974 985 1013 1017 ad
1038 997 1094 1017 nos
1118 995 1169 1016 co-

216 1040 287 1061 ram
315 1029 385 1059 Deo
413 1027 643 1059 humiliandos:
677 1032 710 1059 et
739 1028 777 1059 ad
809 1032 1011 1068 peccatorum
1039 1038 1169 1060 sensum

215 1073 251 1103 in
274 1071 365 1103 nobis
388 1069 581 1110 augendum,
603 1075 634 1101 et
657 1081 715 1102 nos
739 1070 954 1103 admonendos
978 1071 1015 1103 de
1038 1070 1171 1103 colenda

216 1114 389 1147 sobrietate
418 1118 450 1143 et
478 1112 682 1143 abstinentia.
727 1113 913 1154 Eademque
942 1113 1023 1146 ratio
1052 1118 1101 1145 est
1131 1113 1169 1144 de

218 1157 360 1197 reliquis,
385 1155 485 1187 veluti
507 1155 701 1195 precatione,
733 1161 765 1186 et
795 1156 865 1187 aliis
895 1155 1072 1188 istiusmodi
1095 1155 1169 1187 fidei

219 1198 431 1232 adminiculis.
486 1197 555 1229 Nae
588 1198 615 1229 si
648 1198 682 1228 in
717 1198 871 1238 templum
906 1199 1102 1237 veniremus,
1138 1205 1169 1229 et

218 1242 362 1283 lapidum
384 1241 487 1271 instar
510 1239 590 1271 nihil
621 1251 731 1271 eorum
754 1251 834 1281 quae
859 1241 1004 1273 dicantur
1026 1241 1168 1282 percipe-

218 1295 335 1322 remus,
358 1287 414 1315 aut
436 1282 552 1314 ibidem
576 1282 646 1314 5100
668 1283 816 1323 precandi
840 1285 955 1316 affectu
977 1284 1169 1321 sederemus,

217 1328 313 1368 longe
336 1325 569 1358 conducibilius
592 1330 675 1356 esset
705 1326 790 1357 domi
820 1337 959 1365 manere,
989 1337 1084 1367 quam
1107 1326 1170 1358 Dei

218 1369 374 1410 templum
397 1368 608 1408 frequentare,
638 1369 808 1409 Deumque
831 1369 968 1401 ludibrio
992 1369 1117 1408 habere,
1140 1374 1170 1400 et

218 1412 352 1446 verbum
375 1411 476 1452 ipsius
498 1411 695 1449 conculcare,
717 1417 747 1441 et
770 1411 861 1442 nihili
879 1411 992 1443 facere.
1037 1411 1122 1451 Quid
1144 1411 1171 1443 si

218 1458 375 1496 apparatu
398 1453 534 1494 quodam
558 1458 691 1485 externo
714 1458 746 1485 et
768 1455 976 1486 caeremoniis
999 1464 1034 1485 ac
1056 1465 1171 1495 pompa

218 1498 327 1530 Deum
357 1507 533 1537 precemur,
567 1496 701 1537 genibus
731 1497 763 1527 in
794 1503 913 1528 terram
940 1497 1041 1536 flexis,
1075 1502 1106 1528 et
1136 1498 1171 1528 in

218 1547 338 1572 terram
361 1539 520 1580 prostrati,
539 1544 571 1570 et
594 1544 701 1571 tamen
725 1540 851 1570 animus
874 1544 984 1571 noster
1006 1540 1045 1571 ad
1064 1539 1171 1571 Deum

218 1594 283 1615 non
317 1587 473 1622 assurgat,
507 1581 562 1613 sed
596 1582 705 1622 procul
739 1588 879 1614 remotus
912 1583 964 1621 sit,
997 1587 1029 1614 et
1062 1583 1171 1614 inania

218 1625 316 1657 verba
349 1629 475 1656 tantum
507 1624 670 1663 iactemus,
704 1635 781 1656 sane
812 1623 912 1656 divini
942 1625 1080 1656 nominis
1109 1625 1171 1657 ista

217 1667 398 1709 profanatio
421 1674 479 1704 est,
502 1668 566 1698 imo
590 1672 622 1699 et
645 1667 856 1707 sacrilegium.
902 1668 953 1699 Ex
976 1667 1091 1708 quibus
1115 1679 1170 1708 ap-

217 1715 309 1751 paret
332 1710 433 1741 multa
463 1720 531 1741 esse
562 1716 679 1741 natura
708 1720 767 1741 sua
798 1709 887 1748 bona,
917 1716 948 1741 et
978 1710 1017 1741 ad
1047 1715 1169 1742 rectum

217 1755 315 1785 finem
338 1752 513 1791 tendentia,
536 1753 630 1784 modo
649 1752 688 1783 ad
707 1757 828 1784 rectum
849 1763 943 1784 suum
962 1764 1056 1784 usum
1068 1753 1171 1794 appli-

217 1802 340 1828 centur.
401 1795 491 1826 Idem
531 1796 627 1827 etiam
668 1795 706 1826 de
746 1794 908 1827 sacrificiis
953 1795 1170 1828 statuendum.

217 1839 329 1879 Neque
359 1838 444 1870 enim
474 1838 563 1869 fusus
598 1839 703 1874 boum,
736 1848 892 1878 agnorum
925 1843 979 1869 3111
1009 1838 1170 1870 hircorum

217 1881 349 1922 sanguis
373 1891 428 1920 per
451 1891 484 1912 se
508 1881 576 1912 Deo
599 1885 712 1921 gratus
735 1884 812 1917 erat,
836 1891 928 1920 quem
951 1881 1054 1912 fusum
1078 1892 1170 1922 opor—

217 1924 305 1956 tebat
323 1923 392 1955 tolli
411 1924 578 1963 locumque
591 1923 731 1963 purgari,
751 1934 791 1953 00
810 1923 969 1964 corruptio
992 1924 1044 1955 vel
1068 1924 1171 1955 foetor

218 1967 367 1999 oriretur.
421 1965 507 2005 Quid
541 1976 618 1997 vero
653 1965 780 1997 suffitus
814 1965 869 1996 ille
902 1966 940 1997 de
973 1966 1170 2007 pinguedine

218 2008 428 2041 animalium?
481 2009 533 2040 An
573 2009 669 2040 etiam
712 2008 941 2048 pinguedinum
981 2009 1170 2041 adustarum

217 2052 313 2084 odore
342 2056 374 2083 et
404 2051 587 2083 suffimento
610 2056 740 2091 peccata
763 2050 860 2082 deleri
884 2055 914 2082 et
936 2051 1058 2092 expiari
1081 2056 1169 2092 pote·

217 2100 299 2133 rant,
323 2099 379 2125 aut
401 2104 470 2126 esse
493 2098 605 2134 gratus
633 2093 709 2124 odor
734 2093 894 2124 Domino?
939 2094 1006 2126 Nae
1035 2094 1169 2126 adustae

217 2137 429 2178 pinguedines
452 2147 602 2168 nauseam
626 2136 731 2176 potius
754 2140 895 2176 movent,
922 2147 1016 2176 quam
1040 2141 1169 2176 gratum

218 2179 346 2211 odorem
387 2178 546 2211 adferunt.
601 2178 784 2218 Quomodo'
802 2189 877 2220 ergo
909 2179 999 2211 Deus
1040 2180 1169 2211 illarum

216 2221 448 2263 pinguedinum
467 2221 563 2253 odore
582 2222 694 2252 fuisset
716 2220 899 2260 delectatus,
918 2233 1054 2262 quarum
1074 2223 1169 2254 adus-

217 2269 324 2296 tarum
358 2265 511 2295 foetorem
541 2275 652 2296 omnes
674 2264 857 2303 refugiunt?
901 2265 952 2296 Ex
975 2265 1090 2305 quibus
1113 2276 1168 2306 ap-

216 2312 308 2347 paret
326 2307 481 2338 sacrificia
499 2311 615 2338 natura
634 2317 692 2337 sua
705 2307 773 2338 Deo
792 2306 915 2346 placere
933 2317 998 2338 non
1010 2309 1168 2348 potuisse:

216 2360 319 2389 neque
348 2350 430 2380 iram
460 2349 522 2381 Dei
552 2349 710 2390 sanguine
741 2349 915 2381 bestiarum
948 2350 1084 2391 placari,
1120 2351 1169 2383 vel

216 2392 340 2432 expiari
363 2396 508 2432 peccata:
532 2391 690 2432 siquidem
713 2402 782 2422 eam
805 2391 909 2424 inesse
933 2393 997 2424 vim
1020 2393 1115 2425 bruto
1134 2398 1170 2425 ut

216 2435 358 2466 animam
382 2434 520 2466 hominis
544 2434 704 2471 emundet,
727 2444 820 2466 nemo
843 2439 891 2467 est
912 2436 966 2476 qui
985 2436 1068 2467 ausit
1086 2437 1170 2477 cogi—

216 2484 300 2508 tare:
331 2476 413 2517 quod
436 2481 582 2509 mortuae
606 2476 736 2517 pecudis
758 2478 889 2518 sanguis
912 2477 992 2509 nihil
1015 2479 1077 2510 nisi
1100 2489 1168 2511 cor-

215 2519 398 2559 ruptionem
421 2519 547 2551 habeat.
592 2520 694 2559 Atqui
717 2519 863 2552 homines
886 2521 986 2552 effuso
1009 2521 1168 2561 pecudum

215 2562 374 2603 sanguine
397 2567 556 2601 quaerunt
577 2562 616 2593 ab
640 2562 726 2593 omni
749 2563 873 2595 macula
895 2567 1095 2604 peccatorum
1118 2575 1167 2596 re-

214 2604 361 2646 purgari,
391 2610 426 2635 ut
453 2615 560 2636 coram
590 2604 660 2636 Deo
691 2615 872 2646 comparere
900 2606 1040 2647 possint,
1068 2610 1100 2640 et
1130 2617 1168 2639 ea

301 2655 408 2683 aalma*
425 2662 517 2689 opera.
558 2655 612 2682 Vol.
631 2655 725 2682 XXX.

874 169 921 201 IN
945 169 970 200 1.
995 168 1081 200 LIB.
1105 168 1301 200 SAMUEL.
1324 169 1419 201 CAP.
1443 169 1516 199 XV.

2120 177 2179 206 114

1223 262 1346 293 ratione
1370 263 1403 293 in
1428 274 1596 295 numerum
1621 265 1759 297 filiorum
1784 266 1884 307 ipsius
1916 266 2057 298 admitti:
2092 268 2175 308 quod

1222 315 1298 335 sane
1321 305 1390 336 fieri
1414 316 1476 336 000
1501 308 1603 345 potuit
1626 309 1783 348 sanguine
1808 309 1980 341 bestiarum
2002 311 2081 342 fuso.
2126 313 2174 343 Ac

1221 347 1354 387 proinde
1377 358 1442 378 000
1466 349 1521 379 abs
1545 360 1577 380 re
1600 349 1675 381 dicit
1698 351 1851 382 Ieremias
1875 353 2030 384 sacrificia
2053 354 2176 386 nullius

1222 400 1290 421 esse
1314 391 1475 428 momenti,
1507 402 1607 431 neque
1632 393 1769 432 reliquas
1791 405 1901 425 omnes
1925 396 2044 435 figuras
2067 403 2173 428 exter-

1222 442 1290 469 nas,
1321 432 1376 463 sed
1408 443 1461 463 eas
1490 444 1557 464 esse
1582 435 1685 473 potius
1709 435 1938 468 abominationi
1961 448 2069 469 coram
2094 439 2172 471 Deo.

1221 474 1307 513 Quid
1331 476 1375 506 ita
1398 475 1496 506 vero?
1521 476 1642 516 Nempe
1665 478 1845 510 obedientia
1867 490 1924 519 per
1946 491 1979 511 se
2002 488 2104 512 mater
2127 488 2174 514 cst

1221 517 1325 548 omnis
1348 518 1487 557 virtutis,
1511 523 1542 549 et
1560 520 1711 551 sacrificia
1729 526 1805 552 sunt
1818 527 1968 562 tanquam
1982 523 2173 563 appendices

1221 559 1335 599 quibus
1359 559 1398 590 ad
1422 560 1526 591 Deum
1557 562 1774 601 quaerendum
1802 565 1973 596 incitamur
1996 571 2026 596 et
2050 566 2172 598 induci-

1220 612 1303 632 mur.
1334 602 1478 642 Namque
1497 604 1601 644 angcli
1623 605 1703 635 beati
1723 606 1810 637 nulla
1829 618 1968 647 unquam
1990 608 2174 641 habuerunt

1220 645 1384 682 sacrificia,
1408 656 1542 685 quorum
1566 651 1673 677 tamen
1696 649 1833 680 conditio
1856 661 1919 681 non
1942 649 2013 681 ideo
2036 650 2174 683 deterior

1221 691 1284 718 est:
1319 687 1585 727 quemadmodum
1620 689 1727 729 hodie,
1768 703 1869 732 neque
1902 703 2033 724 coenam
2070 705 2173 734 neque

1223 730 1416 769 baptismum
1441 730 1566 762 habent.
1613 732 1656 762 Et
1679 738 1784 764 tamen
1809 734 1948 766 conditio
1979 742 2090 767 nostra
2112 748 2179 768 non

1222 772 1291 803 ideo
1315 772 1427 804 melior
1450 778 1497 804 est
1519 784 1614 813 quam
1639 775 1797 814 ipsorum:
1827 777 2085 818 quandoquidem
2116 779 2178 811 ista

1222 815 1314 846 nobis
1337 822 1467 856 propter
1490 816 1711 848 infirmitatem
1730 825 1871 850 nostram
1891 819 1964 851 data
1987 825 2076 852 sunt:
2101 832 2176 862 quo—

1223 857 1310 888 niam
1341 869 1404 889 non
1439 859 1712 898 apprehendimus
1746 861 1911 901 spirituale
1944 862 2110 895 lavacrum
2142 864 2178 895 in

1222 900 1381 941 sanguine
1409 901 1539 932 Domini
1569 902 1671 933 nostri
1700 903 1774 934 Iesu
1798 904 1929 942 Christi,
1964 905 2026 937 nisi
2056 906 2177 938 visibili

1223 943 1315 982 signo
1349 943 1453 983 aliquo
1482 943 1572 975 nobis
1602 952 1866 985 repraesentetur.
1918 947 1961 978 Et
1990 948 2177 988 ignoramus

1223 985 1298 1025 quid
1321 986 1363 1016 sit
1384 986 1502 1017 nutriri
1524 997 1654 1027 corpore
1678 994 1709 1018 et
1732 989 1889 1029 sanguine
1911 990 2020 1030 ipsius,
2045 991 2107 1023 nisi
2130 992 2175 1024 vi-

1222 1027 1327 1059 sibilia
1360 1028 1453 1068 panis
1487 1033 1518 1059 et
1552 1030 1618 1060 vini
1651 1030 1797 1071 symbola
1826 1032 1918 1064 nobis
1952 1033 2176 1073 exhibeantur,

1223 1070 1481 1111 quandoquidem
1506 1083 1620 1103 sensus
1643 1078 1752 1104 noster
1775 1074 1863 1106 rudis
1886 1080 1942 1112 est,
1974 1080 2005 1106 et
2033 1087 2090 1108 nos
2114 1082 2176 1108 ter-

1222 1113 1291 1144 reni
1315 1124 1436 1145 sumus.
1472 1114 1582 1154 Itaque
1602 1121 1735 1156 apparet
1754 1121 1893 1148 veterem
1912 1117 2001 1149 illum
2021 1119 2176 1159 populum

1221 1167 1300 1196 opus
1323 1155 1472 1188 habuisse
1495 1164 1623 1197 propter
1646 1159 1864 1190 infirmitatem
1888 1160 1950 1191 illis
1970 1161 2096 1201 figuris:
2120 1162 2176 1194 sed

1222 1204 1331 1230 tamen
1354 1210 1467 1230 verum
1487 1200 1716 1232 sacrificiorum
1736 1212 1828 1232 usum
1847 1203 2025 1242 oportuisse
2038 1205 2175 1244 spectari

1222 1241 1261 1273 ab
1284 1241 1348 1273 illis
1372 1247 1495 1273 certum
1519 1247 1575 1274 est.
1622 1243 1710 1274 Deus
1735 1244 1819 1275 enim
1842 1245 1972 1284 spiritus
1995 1251 2052 1284 est,
2076 1256 2175 1287 quare

1223 1289 1254 1315 et
1277 1285 1309 1315 in
1333 1284 1449 1324 spiritu
1472 1289 1505 1316 et
1530 1286 1660 1316 veritate
1684 1286 1756 1317 vult
1778 1286 1846 1318 coli.

1308 1326 1524 1366 Quamobrem
1538 1328 1599 1359 Dei
1620 1329 1725 1360 cultus
1744 1330 1899 1360 rationem
1919 1330 1952 1360 in
1975 1341 2011 1362 eo
2034 1332 2174 1364 maxime

1223 1369 1359 1409 positam
1382 1380 1451 1401 esse
1474 1371 1621 1409 sciamus,
1645 1377 1680 1402 ut
1703 1372 1771 1403 Deo
1795 1383 1850 1403 005
1874 1376 1958 1404 10105
1984 1372 2174 1412 dedicemus,

1223 1417 1254 1443 et
1278 1412 1368 1444 nobis
1391 1413 1469 1452 ipsis
1492 1414 1728 1452 renunciemus,
1755 1415 1788 1444 in
1812 1414 1881 1446 Deo
1905 1415 1971 1446 solo
1994 1417 2174 1455 acquiesca-

1223 1465 1304 1492 mus,
1329 1458 1361 1486 et
1383 1456 1519 1487 salutem
1542 1460 1694 1494 nostram,
1716 1456 1867 1497 gaudium
1890 1462 1921 1488 et
1944 1458 2126 1490 felicitatem
2142 1460 2175 1491 in

1223 1497 1277 1529 illo
1297 1508 1359 1529 uno
1379 1508 1589 1537 quaeramus:
1610 1510 1649 1530 ne
1668 1500 1759 1531 vanis
1771 1500 1889 1530 nostris
1902 1501 2175 1540 speculationibus

1224 1540 1411 1572 efferamur:
1443 1540 1497 1572 sed
1528 1541 1567 1572 ad
1596 1541 1686 1572 illum
1710 1553 1809 1573 unum
1832 1543 1979 1582 precibus
2003 1548 2035 1574 et
2058 1545 2176 1576 oratio-

1223 1582 1318 1614 nibus
1337 1583 1571 1624 confugiamus:
1592 1589 1623 1615 et
1642 1595 1698 1624 pro
1717 1586 1853 1625 acceptis
1874 1585 2035 1617 beneficiis
2055 1587 2176 1627 gratias

1223 1625 1270 1656 illi
1294 1626 1491 1657 immortales
1521 1637 1669 1667 agamus:
1704 1632 1735 1658 et
1764 1639 1835 1659 cum
1864 1628 2019 1668 proximis
2042 1629 2176 1662 candide

1223 1673 1255 1699 et
1278 1668 1400 1700 sincere
1423 1679 1657 1701 conversemur.
1693 1670 1766 1707 Ista,
1787 1671 1926 1710 inquam,
1945 1671 2053 1702 omnia
2071 1672 2176 1704 cultus

1223 1711 1284 1742 Dei
1316 1712 1443 1743 nomine
1476 1712 1691 1743 continentur.
1744 1713 1863 1753 Ecquis
1897 1724 1971 1754 ergo
2005 1720 2053 1745 est
2083 1714 2176 1747 nobis

1222 1753 1317 1785 hodie
1350 1754 1494 1794 reliquus
1527 1755 1753 1786 sacrificiorum
1787 1754 1888 1786 usus?
1939 1755 2055 1787 Nullus
2087 1767 2174 1790 5300.

1223 1795 1309 1828 Sunt
1328 1797 1413 1828 enim
1433 1797 1593 1837 abrogata.
1624 1797 1746 1829 Verum
1765 1798 1915 1838 quoniam
1934 1799 2053 1830 terreni
2071 1799 2176 1832 adhuc

1222 1850 1333 1871 sumus
1356 1845 1386 1870 et
1411 1849 1516 1871 crasso
1540 1846 1570 1871 et
1593 1840 1719 1880 stupido
1742 1841 1882 1881 ingenio,
1906 1841 2097 1880 quibusdam
2121 1842 2176 1874 ad-

1222 1881 1385 1914 miniculis
1420 1893 1476 1913 nos
1510 1882 1550 1913 ad
1584 1883 1758 1914 Dominum
1799 1882 1912 1914 adduci
1952 1894 2081 1915 0000550
2118 1892 2174 1916 est.

1221 1926 1329 1964 Atque
1352 1925 1414 1956 ista
1437 1925 1565 1965 quidem
1587 1926 1789 1957 sufficiunto:
1819 1925 1874 1957 sed
1897 1930 2062 1965 praeterea
2086 1932 2176 1959 note·

1221 1978 1294 1999 mus
1318 1978 1337 1999 a
1359 1968 1428 1999 Deo
1451 1978 1545 2008 saepe
1576 1968 1663 1999 reiici
1691 1968 1811 1999 oblatos
1839 1967 1897 1999 sibi
1928 1968 2032 1999 cultus
2055 1969 2093 2001 ab
2118 1969 2175 2001 ho-

1221 2010 1361 2042 minibus
1384 2016 1513 2050 propter
1543 2011 1686 2051 ipsorum
1718 2017 1855 2051 peccata.
1900 2010 1982 2041 Nam
2013 2011 2077 2043 iam
2101 2012 2175 2044 inde

1221 2052 1261 2083 ab
1290 2053 1378 2084 omni
1407 2063 1485 2085 aevo
1514 2053 1706 2084 studuerunt
1736 2053 1880 2084 homines
1903 2053 1972 2084 Deo
2000 2054 2175 2095 imponere,

1221 2100 1253 2127 et
1285 2096 1494 2127 caeremoniis
1528 2096 1668 2127 externis
1703 2096 1749 2126 illi
1784 2096 1964 2127 satisfacere
1998 2100 2093 2136 atque
2127 2098 2174 2130 illi

1222 2149 1444 2178 quemcunque
1467 2138 1559 2169 libuit
1582 2139 1701 2170 cultum
1725 2139 1886 2178 affingere.
1922 2137 2016 2170 Unde
2041 2146 2175 2180 apparet

1221 2181 1389 2212 hominum
1429 2181 1594 2222 ingenium
1632 2181 1787 2213 adversus
1834 2181 2002 2211 veritatem
2047 2192 2175 2223 semper

1221 2224 1454 2264 pugnantium:
1489 2234 1552 2254 non
1581 2223 1675 2254 modo
1706 2234 1803 2255 vanas
1834 2223 1892 2254 sibi
1927 2224 2175 2264 superstitiones

1221 2266 1424 2307 fingentium,
1453 2265 1508 2297 sed
1538 2267 1633 2297 etiam
1664 2276 1743 2306 quae
1772 2277 1790 2297 a
1822 2266 1888 2296 Deo
1919 2266 2069 2297 instituta
2097 2274 2173 2299 sunt

1221 2309 1503 2349 corrumpentium,
1528 2312 1559 2340 et
1580 2309 1708 2340 omnino
1729 2315 1838 2340 contra
1855 2308 1954 2347 ipsius
1973 2308 2172 2342 voluntatem

1221 2352 1455 2392 usurpantium.
1491 2351 1602 2391 Itaque
1625 2362 1718 2391 saepe
1741 2361 1759 2381 a
1780 2361 1856 2382 vero
1868 2350 1929 2381 Dei
1953 2350 2039 2382 cultu
2063 2352 2172 2385 videas

1221 2394 1365 2425 homines
1400 2393 1556 2431 recedere,
1590 2404 1687 2433 quum
1721 2393 1780 2424 sibi
1813 2392 1906 2424 modo
1939 2392 2044 2433 hunc,
2078 2395 2172 2427 modo

1220 2436 1321 2473 illum,
1345 2437 1442 2467 ritum
1466 2437 1697 2476 imaginantur:
1721 2441 1757 2466 ut
1779 2436 1815 2466 fit
1838 2436 1871 2466 in
1895 2442 2023 2475 papatu,
2043 2437 2095 2468 ubi
2109 2437 2172 2470 Dei

1220 2479 1340 2511 cultum
1364 2479 1533 2509 nominant
1551 2478 1604 2509 illa
1624 2479 1729 2510 nescio
1747 2488 1826 2518 quae
1847 2477 1981 2509 ridicula
2000 2483 2032 2509 et
2050 2479 2173 2512 ludicra

1220 2523 1253 2553 in
1274 2521 1412 2553 Satanae
1435 2521 1562 2552 officina
1584 2531 1700 2552 excusa
1724 2521 1862 2558 iuventa,
1885 2521 2100 2553 caeremonias
2123 2523 2172 2554 in-

1221 2575 1316 2604 quam
1348 2568 1379 2595 et
1410 2573 1556 2604 pompam
1592 2568 1770 2601 externam,
1804 2573 1885 2603 quae
1919 2562 2033 2594 deinde
2066 2567 2176 2599 omnia

1221 2607 1389 2639 hominum
1409 2605 1541 2637 audacia
1559 2606 1767 2646 pertinaciter
1785 2605 1926 2637 retinuit.
1960 2605 2049 2637 Idem
2063 2606 2177 2642 Iudaei
