2551 3044
358 192 416 223 159

632 281 869 322 HOMILIA
898 282 1042 321 LVIII.

443 352 471 383 3.
498 350 539 381 Et
562 349 681 381 vocabis
700 350 768 381 Isa'i
789 350 831 381 αά
853 350 1015 387 victimam,
1038 352 1063 378 ct
1085 358 1133 388 ryo
1157 347 1311 378 ostendam

356 395 410 426 tibi
423 394 499 432 quid
516 393 633 432 facias:
656 395 681 422 et
696 402 790 432 unyes
807 402 1010 432 querimurque
1028 393 1231 421 numslravero
1250 388 1311 420 tibi.

355 438 385 468 4.
411 436 495 467 Fecit
524 446 593 475 erqo
619 434 740 466 Samuec
769 435 847 465 sicut
869 435 1011 474 loquutus
1032 436 1072 464 es(
1095 433 1121 463 ei
1146 431 1314 462 Dominus:

355 480 492 518 venitque
516 479 545 508 in
568 477 749 515 Bethlehem,
773 481 799 508 et
821 478 970 508 admirati
992 479 1061 506 saut
1084 475 1218 505 seniores
1239 475 1312 505 eivi-

356 524 438 559 tatis,
467 524 650 552 occurrentes
678 521 715 558 ei,
744 520 963 559 dixeruntque:
996 518 1182 556 Pucificusne
1204 519 1245 547 est
1268 517 1310 547 in-

355 574 480 605 yressus
502 563 600 594 tuus?
634 563 663 593 ἶ).
687 562 730 593 Et
751 563 812 593 ait.-
835 561 1004 601 Paeificus:
1029 562 1070 592 cul
1091 559 1311 590 immolandum

359 607 492 639 Domino
523 607 605 635 veni:
634 605 880 644 sanctificamini,
904 608 930 636 et
952 604 1046 636 venite
1066 612 1177 634 mecum
1200 604 1232 632 ut
1254 602 1310 632 im-

358 650 473 681 molem.
516 648 724 687 Sanclificavit
746 657 814 688 eryo
837 648 905 679 Isa‘i
927 650 954 678 e!
972 647 1056 686 filios
1077 646 1160 676 eius.-
1182 647 1208 675 et
1229 655 1312 676 voca-

358 693 400 723 vit
430 702 480 724 eos
507 691 548 722 ad
578 690 775 728 sacrificium.
820 690 850 721 6.
877 690 1033 729 Quumque
1058 688 1187 728 iriyressi
1209 690 1311 726 essent,

357 735 434 766 vidit
458 733 561 770 Eliab,
584 736 612 763 et
633 733 694 764 ait.-
719 732 804 763 Num
825 743 927 764 coram
951 732 1085 763 Domino
1107 733 1149 761 est
1173 729 1313 760 Christus

359 778 451 809 eius?
498 777 524 806 7.
555 775 596 806 Et
621 775 702 806 dizit
731 774 885 806 Dominus
907 775 948 806 ad
974 774 1159 805 Sumuehm:
1189 772 1237 803 Ne
1265 782 1312 802 re-

356 821 473 860 spicias
505 819 620 849 cultum
649 818 724 854 eius,
754 828 847 857 neque
867 817 1060 849 allitudinem
1080 818 1217 847 staturae
1238 815 1313 852 eius,

356 863 501 902 quoniam
524 861 619 892 abieci
642 870 726 892 eum:
756 869 809 892 uec
830 861 920 891 iuxta
943 861 1085 890 intuitum
1107 858 1238 888 hominis
1259 867 1313 897 eqo

358 905 478 936 iudico:
506 904 592 934 homo
617 904 697 934 enim
726 903 806 934 videt
834 913 871 934 ea
901 913 978 942 quae
1003 904 1128 941 parent,
1160 900 1314 931 Dominus

358 951 459 979 autem
487 947 624 977 intuetur
645 956 704 977 cor.
749 946 777 978 8.
802 945 844 977 Et
863 946 979 977 vocavit
1003 944 1069 975 [sat
1091 942 1265 978 Αὺὶηαᾱαό,
1289 945 1315 973 et

359 990 492 1021 adclurit
522 999 590 1019 eum
623 998 724 1019 coram
755 988 904 1023 Samuele,
938 989 992 1027 qui
1020 988 1114 1017 dixit.-
1146 986 1208 1016 Nec
1236 985 1315 1016 hunc

359 1033 444 1073 eleqcl
474 1031 637 1063 Dominus.
681 1031 710 1062 9.
734 1031 876 1062 Adduxit
904 1033 1003 1061 antem
1027 1030 1094 1061 Isu'aess
1117 1028 1258 1059 Samma:
1279 1028 1316 1059 cle

359 1085 418 1115 quo
445 1075 505 1106 ait:
537 1073 643 1105 Etiam
673 1073 752 1105 hunc
780 1084 837 1106 >non
861 1073 948 1113 cleyit
972 1073 1134 1104 Dominus
1182 1071 1229 1102 10.
1252 1070 1316 1101 Ad-

360 1118 450 1149 duxit
482 1118 581 1156 itaque
606 1116 675 1147 lsai
701 1118 811 1156 septem
838 1116 920 1155 filios
950 1126 1020 1146 suns
1042 1124 1144 1146 coram
1167 1113 1316 1151 Samuele,

360 1164 387 1192 et
408 1161 454 1191 ait
477 1159 601 1191 Samuel
622 1159 663 1190 ad
687 1159 774 1190 lsai:
803 1159 871 1190 Non
895 1159 981 1198 eleyit
1004 1158 1156 1188 Dominus
1178 1166 1215 1186 esc
1237 1157 1315 1187 istis.

364 1205 412 1233 11.
445 1202 596 1241 Dixitque
626 1201 750 1232 Samuel
779 1202 820 1233 ad
848 1201 930 1232 Isa'i:
964 1200 1122 1239 Numquid
1152 1200 1214 1229 iam
1243 1209 1317 1230 com·

357 1246 435 1285 ploti
463 1247 534 1276 suut
561 1244 646 1283 filii?
698 1244 758 1284 Qui
788 1244 950 1283 respondit,
981 1243 1080 1274 adhue
1107 1242 1244 1280 reliquus
1274 1244 1317 1272 est

358 1288 521 1328 parvulus,
549 1290 575 1318 el
600 1287 704 1326 pascit
732 1297 808 1318 oves.
862 1286 905 1317 Et
935 1287 979 1316 ait
1010 1285 1133 1316 Samuel
1161 1285 1202 1315 ad
1233 1284 1316 1315 Isa'i:

363 1330 464 1368 Mitte,
494 1333 521 1361 et
550 1329 650 1362 adduc
680 1339 764 1361 eum:
792 1340 843 1361 uec
872 1330 952 1360 enim
973 1328 1192 1359 discumbemus
1208 1327 1316 1365 prius—

361 1383 454 1413 quam
480 1373 538 1404 lma
567 1372 618 1404 ille
649 1372 760 1403 venial.
813 1372 860 1403 12.
892 1371 983 1402 Misit
1012 1381 1095 1411 erqo,
1133 1373 1158 1400 et
1187 1369 1317 1400 adduxit

362 1425 446 1447 eum:
470 1417 535 1446 erat
553 1417 654 1446 autem
672 1414 764 1454 rufus
787 1417 813 1446 et
829 1414 958 1454 pulcher
979 1414 1129 1452 adspectu,
1152 1413 1317 1451 decoraque

361 1459 449 1498 facie.
501 1457 542 1489 Et
569 1458 613 1488 aie
642 1456 814 1489 Dominus:
845 1456 958 1497 Surye,
983 1459 1008 1487 et
1038 1466 1113 1496 itiiye
1142 1465 1225 1486 eum:
1252 1455 1318 1494 ipse

362 1504 405 1531 est
426 1501 514 1532 enim.

449 1560 610 1591 Hesterna
634 1559 784 1590 concione
807 1558 912 1589 dicere
933 1558 1106 1598 coepimus,
1135 1556 1316 1588 Samuelem

363 1604 496 1634 missum
530 1613 548 1633 a
578 1601 716 1633 Domino
747 1601 786 1632 ad
809 1600 968 1632 Davidem
999 1599 1182 1640 ungendum
1215 1606 1247 1630 et
1270 1600 1317 1629 in-

362 1644 596 1686 augurandum,
627 1651 792 1675 causatum
821 1654 891 1674 esse
919 1649 1038 1674 metum
1063 1642 1181 1680 Saulis,
1212 1653 1230 1673 a
1256 1652 1319 1681 quo

362 1689 387 1719 si
419 1687 477 1719 hoe
509 1687 702 1724 rescisceret,
736 1696 821 1717 mors
849 1685 912 1726 ipsi
941 1686 1124 1716 inferretur.
1176 1685 1226 1715 Ex
1256 1694 1318 1724 quo

363 1739 496 1771 apparet
519 1729 708 1769 prophetam
731 1728 849 1768 aliquid
874 1728 1006 1760 humani
1031 1738 1170 1768 passum,
1194 1733 1224 1758 et
1246 1727 1319 1758 licet

363 1773 401 1804 ad
416 1772 476 1803 Dei
497 1772 684 1811 obsequium
704 1777 787 1802 esset
806 1771 1034 1811 paratissimus,
1059 1781 1120 1801 non
1144 1771 1187 1800 ita
1210 1775 1318 1800 tamen

368 1816 526 1846 humanas
557 1814 720 1855 passiones
750 1814 877 1845 exuisse
899 1813 973 1853 quin
997 1819 1132 1844 mortem
1155 1817 1318 1843 metueret.

367 1858 415 1890 Ae
447 1869 522 1889 sane
551 1867 649 1897 quum
681 1856 791 1888 fideles
817 1857 876 1887 Dei
906 1856 990 1887 servi
1017 1861 1151 1886 mortem
1171 1861 1320 1894 oppetere

366 1911 431 1932 non
464 1900 651 1931 dubitarunt
681 1900 713 1930 in
737 1900 786 1931 sui
810 1899 953 1930 muneris
975 1898 1148 1936 functione,
1169 1908 1230 1928 non
1253 1908 1318 1927 om-

363 1944 439 1975 nino
473 1949 558 1973 metu
594 1943 698 1982 aliquo
732 1942 865 1973 mortuis
897 1947 1081 1973 caruerunt.
1124 1940 1213 1971 Passi
1244 1946 1319 1970 sunt

366 1987 412 2017 illi
431 1991 524 2017 sune:
545 1985 598 2016 sed
620 1996 683 2015 non
707 1985 776 2015 sine
799 1984 895 2016 lucta.
931 1984 1061 2015 Poterat
1083 1982 1209 2023 quidem
1224 1982 1319 2019 Deus,

366 2029 391 2060 si
417 2028 579 2064 voluisset,
600 2028 762 2059 Samuelis
783 2028 926 2058 animum
949 2027 993 2057 ita
1017 2025 1172 2061 roborare,
1197 2036 1233 2055 ne
1258 2025 1322 2055 ullo

365 2071 480 2102 mortis
501 2078 585 2101 metu
607 2076 810 2110 tangeretur:
834 2069 888 2100 sed
912 2069 980 2100 eius
1003 2069 1219 2099 infirmitatem
1245 2067 1320 2097 tole-

369 2121 426 2154 rat,
447 2113 675 2153 polliceturque
696 2124 757 2143 non
778 2113 980 2148 moriturum,
1001 2117 1033 2142 et
1051 2110 1218 2150 fugiendae
1238 2120 1321 2140 mor-

369 2157 409 2187 tis
440 2157 595 2186 rationem
631 2156 743 2195 aperit.
800 2155 888 2185 Deus
921 2155 1004 2185 enim
1035 2165 1091 2185 nos
1120 2159 1155 2183 ut
1183 2153 1322 2183 infantes

369 2199 460 2239 regit,
485 2205 516 2229 et
539 2198 690 2238 quamdiu
714 2198 834 2228 infirmi
858 2207 977 2234 sumus,
1002 2207 1064 2227 non
1089 2196 1244 2235 permittit
1267 2206 1321 2225 nos

368 2241 452 2272 ultra
484 2250 667 2272 mensuram
705 2248 734 2271 et
773 2240 855 2270 vires
892 2241 1018 2270 tentari.
1080 2238 1144 2270 Sed
1182 2237 1321 2268 vicissim

369 2294 467 2324 quum
498 2283 596 2313 vitam
627 2293 644 2313 a
676 2284 764 2314 nobis
793 2283 905 2322 poscit,
935 2288 967 2313 et
996 2281 1062 2312 vult
1091 2291 1160 2312 eam
1189 2290 1207 2310 a
1230 2279 1321 2310 nobis

370 2333 523 2366 tanquam
566 2332 693 2366 gratum
737 2325 796 2365 ipsi
838 2325 1029 2356 sacrificium
1068 2323 1196 2359 offerri,
1239 2323 1322 2353 vires

369 2370 466 2400 etiam
493 2374 525 2399 et
547 2369 759 2399 constantiam
783 2368 937 2398 invictam
962 2366 1153 2407 suppeditat,
1185 2371 1219 2396 ut
1248 2375 1321 2404 quo-

368 2421 494 2451 eunque
535 2412 720 2447 vocaverit,
762 2410 970 2451 imperterriti
1011 2419 1190 2449 sequamur.
1253 2407 1323 2439 Hoc

370 2453 493 2485 dicebat
539 2453 633 2484 Petro
678 2453 836 2484 Dominus
887 2460 995 2483 noster
1039 2452 1130 2482 Iesus
1172 2450 1322 2482 Christus

370 2496 419 2527 his
457 2496 578 2527 verbis:
617 2495 722 2526 Amen
758 2495 828 2526 dico
858 2495 929 2532 tibi,
967 2505 1063 2534 quum
1095 2504 1180 2525 esses
1208 2493 1322 2529 iunior,

370 2537 521 2579 cingebas
558 2544 589 2568 te
624 2545 655 2569 et
692 2538 760 2569 ibas
795 2548 856 2577 quo
894 2537 1035 2569 volebas:
1081 2547 1177 2577 quum
1215 2541 1322 2566 autem

371 2581 523 2618 senueris,
553 2580 707 2611 extendes
735 2590 849 2611 manus
879 2586 960 2616 tuas,
991 2586 1023 2610 et
1051 2579 1134 2610 alius
1155 2584 1186 2609 te
1207 2579 1323 2618 cinget.

371 2629 403 2653 et
424 2623 595 2654 transferet
617 2633 679 2663 quo
703 2623 801 2654 noles.
840 2623 929 2654 Deus
951 2623 1058 2663 itaque
1081 2622 1171 2653 novit
1193 2620 1268 2661 quid
1291 2621 1324 2651 in

1154 183 1354 216 IIOMILIA
1380 183 1504 214 Lv111.

2257 184 2316 214 160

1364 276 1468 308 cordis
1487 276 1703 316 penetralibus
1723 276 1909 307 habeamus:
1934 286 1969 306 ae
1988 276 2120 316 proinde
2139 277 2239 308 donec
2258 287 2316 309 nos

1364 327 1499 350 mortem
1532 319 1608 350 velit
1636 327 1793 359 oppetere,
1824 330 1886 350 non
1917 319 2047 350 instruit
2077 330 2114 350 ea
2144 320 2262 350 virtute
2285 326 2316 351 et

1336 383 1338 386 ψ
1364 362 1549 392 fortitudine
1572 372 1633 401 qua
1656 361 1817 401 praeditos
1841 361 1984 392 videmus
2007 362 2060 401 qui
2083 362 2208 392 fortiter
2231 372 2316 393 mor-

1364 411 1426 434 tem
1447 411 1596 444 oppetere
1615 414 1678 434 non
1703 403 1931 435 reformidant:
1955 414 1990 435 ac
2014 404 2146 444 proinde
2169 404 2202 435 in
2226 404 2316 436 illum

1363 447 1466 477 omnis
1484 456 1560 477 eura
1579 454 1687 478 nostra
1706 446 1876 477 reiieienda
1900 454 1956 483 est,
1981 454 2011 478 et
2034 446 2227 486 sperandum
2251 447 2317 478 fore

1364 496 1399 520 ut
1429 500 1526 529 quum
1558 500 1615 520 nos
1644 489 1676 519 iu
1708 489 1769 520 ista
1797 490 1971 519 certamina
1994 490 2149 521 coniicere
2174 489 2317 527 voluerit,

1365 533 1482 562 virtute
1501 532 1622 563 invicta
1641 532 1735 562 etiam
1756 531 1877 562 induat.
1908 531 2040 562 Interim
2061 540 2167 563 tamen
2189 533 2317 563 nativus

1363 575 1415 604 ille
1445 575 1476 604 in
1507 575 1596 605 nobis
1623 581 1726 604 metus
1748 581 1780 604 et
1803 574 1997 605 infirmitatis
2019 585 2131 605 sensus
2153 586 2190 605 eo
2213 575 2317 606 aerius

1363 617 1527 647 stimulare
1551 627 1607 647 uos
1629 615 1721 647 debet
1744 617 1782 646 ad
1807 626 1916 655 preces
1939 617 2053 656 quibus
2075 617 2180 648 Deum
2204 617 2318 648 sollici-

1364 666 1477 690 temus.
1523 659 1606 690 Nam
1636 659 1688 698 qui
1716 668 1749 688 se
1780 659 1836 688 hoc
1865 666 1950 689 metu
1977 668 2007 689 et
2031 660 2198 690 formidine
2221 660 2318 690 sentit

1363 702 1507 732 laborare
1538 701 1670 731 moleste
1698 700 1729 730 id
1761 702 1843 731 serre
1874 701 1985 731 vitium
2009 701 2111 738 debet,
2150 703 2318 742 Deumque

1365 752 1399 775 ut
1412 743 1579 775 medeatur
1592 743 1725 783 precari.
1759 742 1961 782 sperandum
1983 751 2089 774 tamen
2111 744 2318 776 nihilominus

1365 786 1480 823 Deum,
1499 796 1599 826 quum
1614 785 1785 816 necessitas
1798 785 1974 825 postularit,
1994 787 2148 817 auxilium
2169 787 2317 825 laturum,

1364 838 1395 860 et
1429 830 1473 860 ita
1501 835 1663 859 momento
1696 828 1877 859 voluntates
1907 828 2162 866 immutaturum,
2191 836 2228 860 ut
2255 840 2318 861 non

1365 872 1458 902 modo
1494 881 1558 902 non
1587 870 1791 901 formidolosa
1820 876 1852 901 et
1879 880 1987 901 amara.
2015 882 2108 906 mors.
2143 872 2195 903 sed
2224 873 2318 903 etiam

1366 915 1467 946 duleis
1485 922 1515 945 et
1535 921 1627 954 grata
1649 914 1759 944 sutura
1781 915 1831 944 sit.
1865 912 2110 945 Observandum
2135 914 2231 945 etiam
2256 925 2319 946 non

1365 968 1476 988 omnes
1499 957 1553 996 qui
1577 956 1647 987 Deo
1669 966 1768 995 usque
1792 955 1831 986 ad
1854 962 1988 987 mortem
2013 958 2204 993 servierunt,
2234 963 2320 989 metu

1366 1007 1398 1031 et
1428 1000 1541 1030 timore
1571 999 1676 1038 aliquo
1705 1008 1822 1029 vacuos
1852 998 1964 1030 fuisse:
1994 1009 2098 1039 neque
2128 1001 2213 1030 enim
2237 1000 2320 1040 quod

1368 1043 1546 1074 humanum
1569 1049 1618 1072 est
1640 1048 1806 1072 exuerant.
1838 1039 1959 1072 Verum
1982 1048 2098 1080 tamen,
2121 1052 2218 1083 quum
2242 1052 2322 1083 opus

1367 1086 1448 1124 fuit,
1487 1084 1575 1115 Deus
1609 1083 1839 1124 impedimenta
1871 1084 1999 1115 sustulit
2031 1095 2112 1124 quae
2148 1084 2187 1116 ab
2217 1086 2321 1117 officio

1367 1128 1438 1159 illos
1462 1130 1543 1158 torte
1566 1127 1812 1157 deterruissent:
1841 1131 1896 1157 aut
1918 1127 2013 1157 etiam
2037 1128 2113 1167 ipsis
2136 1138 2176 1158 ne
2198 1128 2232 1158 in
2255 1138 2321 1160 cer-

1367 1177 1475 1202 tamen
1507 1171 1653 1200 venirent
1682 1168 1838 1208 pepercit:
1869 1169 2046 1201 cuiusmodi
2069 1169 2250 1210 exemplum
2271 1170 2322 1202 hic

1367 1213 1522 1244 habemus
1547 1214 1580 1243 in
1603 1211 1762 1243 Samuele.
1807 1211 1914 1252 Atque
1944 1212 2004 1244 hoc
2033 1213 2138 1253 ipsum
2161 1223 2220 1245 nos
2242 1213 2321 1245 bene

1369 1255 1489 1286 Paulus
1519 1256 1619 1291 docet,
1650 1264 1747 1294 quum
1779 1255 1838 1285 ait:
1868 1253 1972 1285 Deum
2003 1265 2067 1286 non
2089 1257 2320 1295 permissurum

1368 1310 1426 1330 nos
1439 1299 1525 1328 ultra
1539 1299 1623 1328 vires
1643 1303 1768 1328 nostras
1786 1297 1920 1328 tentari:
1941 1297 1996 1329 sed
2015 1298 2186 1329 tentationi
2204 1298 2321 1330 bonum

1369 1342 1490 1373 exitum
1520 1341 1679 1371 daturum.
1723 1339 1846 1380 Nempe
1876 1340 1921 1370 ita
1944 1341 2050 1371 omnia
2073 1341 2233 1380 sapienter
2255 1351 2321 1373 mo-

1369 1384 1510 1421 deratur,
1541 1389 1577 1414 ut
1607 1393 1703 1422 quum
1728 1388 1854 1413 nostrae
1877 1382 2075 1414 obedientiae
2099 1382 2202 1415 faeere
2225 1394 2321 1425 expe-

1370 1427 1543 1457 rimentum
1576 1425 1722 1462 voluerit,
1752 1426 1846 1455 etiam
1879 1425 1964 1456 vires
1986 1425 2177 1466 suppeditet,
2208 1427 2322 1466 quibus

1370 1479 1462 1509 pares
1491 1468 1667 1500 efficiamur
1695 1468 1863 1498 tentationi
1891 1467 2049 1499 ferendae.
2096 1468 2150 1499 Sic
2174 1469 2232 1501 hoc
2254 1469 2321 1501 loco

1369 1511 1459 1543 Deus
1489 1510 1634 1543 Samueli
1668 1511 1751 1542 viam
1781 1509 1932 1547 ostendit,
1961 1521 2023 1550 qua
2048 1510 2153 1542 Saulis
2183 1512 2322 1544 furorem

1370 1555 1517 1595 effugiat:
1549 1564 1610 1594 qua
1638 1554 1672 1584 in
1702 1563 1737 1584 re
1760 1552 1866 1584 Deum
1889 1553 1984 1584 etiam
2008 1553 2155 1585 videmus
2178 1554 2266 1585 velut
2287 1554 2322 1586 in

1370 1597 1559 1628 infirmitate
1578 1595 1725 1636 progredi
1748 1595 1894 1626 voluisse.
1929 1596 2057 1627 Poterat
2079 1597 2163 1628 enim
2187 1596 2250 1628 alia
2272 1607 2323 1628 rn-

1371 1641 1457 1671 tione
1491 1638 1674 1671 Samuelem
1710 1639 1915 1676 confirmare,
1956 1638 2008 1670 vel
2041 1639 2256 1679 promittendo
2288 1650 2322 1672 se

1371 1682 1480 1714 Saulis
1498 1692 1628 1712 manum
1647 1687 1857 1718 retenturum,
1881 1680 1933 1713 vel
1955 1682 2051 1713 etiam
2075 1682 2262 1713 effecturum
2283 1693 2323 1715 ne

1370 1725 1409 1756 ad
1438 1725 1509 1756 eius
1532 1734 1625 1756 aures
1646 1723 1709 1755 ista
1731 1723 1946 1763 pervenirent,
1975 1724 2026 1755 vel
2049 1723 2184 1765 denique
2206 1735 2240 1756 se
2262 1725 2324 1757 iter

1371 1775 1402 1799 et
1431 1778 1511 1808 opus
1541 1768 1642 1807 ipsius
1662 1767 1914 1798 fortunaturum:
1937 1777 2016 1807 quae
2039 1768 2146 1798 omnia
2168 1768 2201 1798 in
2225 1778 2323 1799 manu

1371 1810 1505 1841 Domini
1537 1815 1639 1841 erant.
1684 1809 1806 1840 Verum
1838 1809 1940 1840 noluit
1961 1810 2115 1840 miraculo
2139 1821 2205 1840 rem
2230 1811 2323 1842 istam

1371 1853 1530 1884 Dominus
1550 1853 1711 1892 perficere,
1734 1851 1789 1882 sed
1808 1851 1948 1883 humana
1966 1853 2096 1890 ratione,
2118 1852 2324 1891 quamobrem

1371 1898 1432 1927 ait:
1456 1896 1471 1926 I
1491 1903 1522 1926 et
1547 1895 1679 1926 vitulam
1703 1895 1741 1925 de
1764 1902 1909 1925 armento
1932 1894 2005 1925 tolle
2028 1895 2060 1925 in
2085 1906 2182 1926 manu
2207 1901 2271 1933 tua,
2293 1901 2325 1926 et

1371 1939 1482 1969 dicito:
1506 1937 1556 1969 Ad
1580 1937 1810 1968 immolandum
1834 1937 1972 1968 Domino
1996 1938 2076 1968 veni.
2122 1938 2206 1970 Hinc
2228 1948 2323 1978 appa-

1372 1989 1421 2012 ret
1450 1991 1546 2020 quam
1576 1981 1674 2011 variis
1696 1980 1797 2011 modis
1820 1979 1909 2011 Deus
1931 1990 2004 2011 suos
2026 1987 2187 2021 protegat:
2212 1987 2246 2011 ut
2268 1980 2323 2011 ali-

1372 2024 1496 2064 quando
1532 2024 1595 2054 vim
1630 2033 1719 2054 suam
1753 2023 1961 2054 excellentem
1983 2029 2121 2059 exserat,
2151 2023 2323 2063 aliquando

1374 2067 1469 2097 veluti
1489 2066 1633 2104 occultet,
1653 2067 1731 2096 adeo
1750 2072 1785 2096 ut
1803 2066 1903 2097 nostri
1922 2075 2030 2097 curam
2049 2065 2199 2096 abiecisse
2218 2065 2324 2097 videa—

1373 2117 1434 2147 tur,
1461 2116 1492 2140 et
1517 2109 1725 2140 nihilominus
1755 2116 1860 2140 tamen
1885 2118 1942 2139 nos
1965 2115 2109 2148 protegat
2132 2114 2165 2138 et
2187 2115 2324 2147 tueatur,

1373 2153 1446 2183 lieet
1477 2151 1575 2182 modis
1604 2152 1740 2182 infirmis
1769 2157 1800 2182 et
1827 2151 2008 2182 hominibus
2036 2150 2216 2190 incognitis.
2260 2150 2324 2183 Hie

1373 2206 1447 2225 vero
1481 2205 1544 2225 non
1579 2194 1708 2225 dubium
1739 2200 1787 2225 est
1815 2193 1891 2234 quin
1923 2192 2081 2224 Samuelis
2111 2193 2322 2225 obedientiam

1373 2238 1539 2276 explorare
1554 2237 1706 2268 voluerit:
1727 2247 1823 2276 quum
1843 2236 1946 2276 specie
1965 2235 2109 2267 sacrificii
2127 2235 2212 2266 misit
2231 2235 2322 2268 illum

1373 2280 1411 2310 ad
1424 2279 1583 2310 Davidem
1608 2280 1876 2320 inaugurandum.
1907 2278 1987 2310 Nam
2008 2284 2040 2309 et
2062 2283 2184 2317 poterat
2208 2279 2322 2310 iterum

1374 2323 1530 2361 excipere,
1549 2321 1657 2353 Saulis
1681 2323 1719 2353 ad
1744 2332 1836 2353 aures
1858 2321 1953 2352 etiam
1975 2320 2058 2351 istud
2083 2328 2322 2360 perventurum,

1373 2370 1405 2395 et
1435 2366 1550 2395 famam
1581 2375 1618 2396 ea
1646 2365 1685 2395 de
1715 2375 1748 2396 re
1771 2365 1878 2396 statim
1901 2369 2120 2394 manaturam:
2145 2373 2207 2394 non
2232 2374 2323 2404 posse

1374 2414 1437 2437 tam
1467 2408 1590 2439 occulte
1620 2408 1688 2438 fieri
1716 2408 1898 2439 unctionem
1927 2405 2003 2445 quin
2033 2405 2147 2445 aliquis
2177 2407 2322 2439 conscius

1374 2449 1506 2480 adesset.
1562 2450 1701 2490 Verum,
1742 2450 1811 2481 istis
1843 2447 1990 2480 omnibus
2022 2447 2157 2485 omissis,
2191 2449 2322 2481 Samuel

1374 2502 1479 2523 moras
1502 2503 1614 2524 omnes
1637 2492 1832 2532 abrumpens
1855 2497 1981 2531 accepto
2004 2490 2154 2521 mandato
2177 2502 2244 2522 rem
2267 2501 2322 2533 ag-

1373 2533 1526 2574 greditur.
1571 2535 1679 2574 Quare
1701 2536 1761 2566 etsi
1784 2534 1901 2566 multae
1922 2543 1979 2564 nos
2002 2532 2205 2565 difficultates
2228 2544 2322 2575 urge-

1375 2583 1438 2613 ant,
1469 2584 1501 2607 et
1531 2578 1623 2609 initio
1654 2577 1831 2618 retrogradi
1853 2576 1951 2608 simus
1973 2585 2070 2616 quum
2092 2586 2150 2607 nos
2173 2575 2323 2617 progredi

1376 2618 1534 2651 Dominus
1552 2620 1657 2652 iubet:
1680 2626 1788 2652 tamen
1808 2619 1846 2651 de
1863 2618 1962 2659 ipsius
1980 2617 2145 2649 voluntate
2163 2618 2238 2651 facti
2256 2628 2322 2650 cer·
