2551 3044
400 224 461 254 415,

485 315 641 354 Sequitur
669 312 828 352 deinceps
853 311 1009 342 Davidem
1033 313 1159 350 putrem
1188 313 1214 341 et
1242 313 1368 341 matrem

400 358 564 389 deduxisse
599 357 628 386 in
658 356 811 395 reyionem
840 353 951 392 Moab,
989 356 1015 384 et
1050 363 1174 393 roqasse
1210 363 1307 393 reyem
1338 356 1370 383 at

400 402 556 432 manerent
578 398 665 446 apud
687 399 772 438 ipsos
801 397 892 428 donce
920 397 1032 428 seirent
1061 396 1136 434 quid
1164 396 1277 435 faceret
1308 396 1370 435 ipsi

400 444 498 475 Deus.
543 441 670 481 Quibus
705 440 810 471 verbis
850 440 954 479 magis
988 438 1183 479 exprimitur
1216 439 1306 469 dolor
1338 444 1369 468 et

401 486 535 517 tristitia
557 494 651 524 quam
678 483 783 514 David
815 493 855 513 ex
889 481 1031 512 adventu
1064 481 1164 521 patris
1195 488 1228 512 et
1255 481 1369 512 matris

401 530 434 560 iu
460 528 623 568 regionem
638 525 733 557 Moab
745 525 877 565 accepit.
913 524 980 555 Nec
1003 524 1089 555 enim
1105 523 1241 555 habebat
1264 524 1367 555 lucum

401 571 440 603 ad
464 571 548 611 ipsos
573 568 811 609 excipiendum,
843 574 873 597 et
899 567 1001 597 tristis
1029 572 1099 597 erat
1128 565 1283 597 habitatio
1314 566 1368 596 illa

399 614 432 646 in
457 613 617 654 spelunea,
642 618 672 641 et
698 612 780 641 fame
803 611 898 642 etiam
924 610 1002 649 ipsis
1023 608 1223 649 pereundum
1248 609 1368 648 fuisset,

400 657 463 688 nisi
486 655 676 686 miraculose
700 655 784 693 ipsos
809 653 897 684 Deus
921 652 1063 684 aluisset.
1107 650 1172 683 Sed
1203 659 1370 692 praeterea

401 710 493 731 senes
517 698 587 729 illos
612 698 689 728 haec
703 697 768 727 vita
790 707 854 726 non
879 695 1009 726 decebat
1032 699 1069 726 ut
1080 695 1244 735 perpetuis
1260 694 1369 724 mortis

401 741 577 773 terroribus
608 740 827 781 agitarentur:
858 737 1067 778 quamobrem
1104 737 1166 768 alio
1196 749 1212 767 a
1244 736 1370 768 Davide

400 786 486 825 ipsos
510 783 623 814 deduci
647 782 798 823 oportuit,
822 781 875 811 ubi
901 782 932 811 in
958 781 1022 811 otio
1045 779 1209 819 degerent,
1242 787 1271 810 ct
1296 790 1369 819 pro-

401 828 451 859 cul
476 838 493 857 a
518 826 614 857 tantis
639 824 801 856 laboribus
825 829 855 854 et
875 823 1038 861 molestiis,
1061 823 1252 862 quibuscum
1267 821 1368 852 Davi·
1394 853 1395 858 ¹

860 866 1002 898 Domum
1031 865 1079 896 illi
1111 876 1201 896 suam
1233 871 1265 895 et
1295 874 1367 904 pos·
1394 884 1396 893 1

401 913 560 944 sessiones
592 911 805 950 reliquerant,
841 915 873 940 et
910 908 950 940 ad
985 909 1086 940 filium
1119 909 1150 938 iu
1181 907 1367 948 speluncam
1394 914 1397 950 f

402 955 488 987 illam
514 962 667 993 tanquam
698 952 737 983 ad
768 952 895 994 asylum
926 959 1100 983 venerant:
1132 950 1186 981 scd
1217 950 1368 990 quoniam
1394 975 1396 983 ,

401 870 472 901 dem
497 869 663 909 oportebat
685 867 811 899 luctari.

402 997 537 1037 singulis
579 996 751 1027 momentis
790 994 1036 1035 exspectabatur
1070 994 1179 1024 Saulis
1219 993 1368 1032 impetus,

402 1051 532 1072 necesse
555 1040 617 1070 suit
641 1039 673 1069 in
697 1037 794 1070 aliam
818 1038 983 1078 regionem
1014 1037 1086 1067 illos
1109 1037 1147 1067 ab
1172 1036 1239 1076 ipso
1263 1043 1369 1066 trans-

400 1084 486 1115 terri.
526 1082 667 1113 Deduxit
688 1081 795 1121 itaque
818 1081 853 1111 in
871 1080 1008 1120 Maspha
1032 1089 1111 1119 quae
1135 1084 1205 1109 erat
1227 1078 1369 1118 regionis

400 1126 505 1158 Moab.
553 1125 640 1156 Sane
671 1123 833 1155 Moabitae
863 1122 1094 1154 descenderant
1132 1122 1170 1152 ab
1199 1121 1368 1159 Israelitis,

401 1179 539 1209 quorum
563 1168 679 1199 fratres
701 1172 810 1198 erant:
835 1176 871 1197 ac
884 1164 1048 1205 proindea
1072 1164 1187 1204 quibus
1211 1163 1368 1195 auxilium

401 1215 590 1252 exspectare
613 1211 646 1241 in
671 1209 767 1240 rebus
789 1208 936 1249 angustis
959 1214 1118 1248 poterant.
1153 1206 1218 1238 Sed
1240 1217 1273 1238 se
1297 1217 1367 1246 pcr-

401 1262 499 1295 petuo
531 1264 589 1294 pro
623 1252 771 1283 hostibus
805 1258 990 1292 gesserunt,
1033 1256 1069 1281 ut
1103 1250 1231 1280 tandem
1267 1249 1365 1280 etiam

401 1297 509 1328 David
541 1296 696 1327 adversus
726 1294 811 1335 ipsos
848 1294 969 1325 bellum
1000 1303 1110 1334 gerere
1147 1299 1274 1323 coaetus
1309 1292 1366 1322 sit:

401 1339 487 1380 quod
510 1348 677 1378 nunquam
690 1347 862 1378 aggressus
885 1342 968 1368 esset
992 1336 1054 1367 nisi
1077 1336 1219 1375 ipsorum
1242 1334 1367 1365 malitia

401 1388 604 1424 provocatus,
627 1385 660 1412 et
682 1380 720 1411 de
744 1379 888 1411 hostibus
911 1379 978 1410 suis
1003 1378 1148 1418 loquens,
1177 1378 1253 1408 dicit
1277 1377 1367 1408 Moa-

401 1426 484 1458 bitas
507 1424 606 1456 fuisse
628 1433 722 1454 suum
747 1422 938 1463 perfugium,
968 1421 1025 1452 sed
1054 1420 1222 1461 perfidiose
1252 1420 1366 1451 ariver-

402 1479 457 1500 sus
482 1467 542 1498 Dei
566 1465 720 1507 populum
751 1465 864 1505 egisse.
910 1464 1059 1495 Fuerunt
1088 1474 1164 1504 ergo
1195 1463 1244 1494 isti
1276 1463 1366 1494 Moa-

401 1511 487 1542 bitae
517 1509 689 1541 inhumani
721 1507 875 1538 adversus
905 1506 1080 1543 Israelitas,
1115 1512 1145 1537 et
1176 1506 1366 1537 nominatim

404 1558 476 1594 post
501 1556 638 1583 mortem
664 1550 808 1587 Davidis,
832 1560 932 1589 quum
956 1549 1086 1590 Assyrii
1110 1549 1261 1580 Iudaeam
1287 1548 1368 1579 bello

403 1595 665 1636 aggrederentur,
689 1599 718 1623 et
743 1593 783 1624 ad
808 1593 967 1624 Moabitas
998 1592 1107 1623 miseri
1138 1592 1368 1631 confugissent,

403 1647 438 1670 ut
462 1637 547 1678 apud
572 1638 657 1676 ipsos
681 1636 827 1673 laterent,
858 1634 975 1675 proditi
1007 1642 1083 1665 sunt
1111 1635 1150 1666 ab
1182 1634 1268 1674 ipsis.
1314 1633 1367 1665 Id-

403 1682 487 1712 circo
517 1680 609 1710 Deus
647 1689 703 1718 per
733 1678 924 1718 prophetam
964 1678 1003 1709 dc
1032 1677 1184 1708 Moabitis
1215 1677 1367 1717 queritur.

403 1723 549 1763 Populus
572 1732 673 1758 meus,
698 1721 812 1761 inquit,
834 1720 992 1761 fugitivus
1015 1726 1072 1757 est,
1096 1730 1114 1751 0
1134 1720 1240 1755 Moab,
1264 1719 1367 1751 locum

403 1767 513 1806 itaque
537 1765 569 1795 iu
595 1763 701 1795 medio
725 1769 759 1794 tu
783 1763 958 1795 concedere
982 1763 1042 1803 ipsi
1073 1762 1219 1801 debebas,
1249 1761 1303 1793 sed
1334 1768 1367 1793 tu

403 1815 515 1841 contra
537 1807 711 1839 crudeliter
736 1807 767 1837 in
792 1806 933 1837 hostium
957 1816 1071 1837 manus
1102 1804 1272 1836 tradidisti.
1318 1805 1368 1835 Ex

405 1851 520 1892 quibus
555 1854 690 1890 apparet
726 1859 800 1880 eum
830 1849 959 1889 quantis
989 1847 1232 1879 difficultatibus
1261 1847 1368 1878 David

404 1895 546 1925 luctatus
571 1894 619 1923 sit.
651 1892 689 1923 ad
715 1892 874 1923 Moabitas
898 1891 1069 1932 confugere
1093 1896 1231 1930 coactus,
1262 1890 1370 1921 hostes

405 1936 515 1978 populi
539 1935 913 1974 iudaieieapitalissimos
926 1933 1260 1974 etperfidiosissimos:
1286 1933 1369 1972 quod

407 1978 649 2020 insurgentibus
680 1978 834 2009 adversus
863 1977 1030 2008 Israelitas
1061 1977 1214 2013 inimicis,
1250 1976 1370 2006 fuerint

406 2030 558 2062 tanquam
585 2020 721 2051 venatici
745 2030 840 2052 canes
864 2019 903 2051 ad
923 2020 1057 2051 miseros
1081 2020 1114 2050 in
1138 2019 1270 2050 occultis
1295 2019 1369 2049 loeis

406 2066 554 2102 latentes,
586 2063 845 2104 investigandos,
877 2067 909 2094 et
939 2062 978 2093 ad
1009 2062 1171 2093 lanienam
1203 2061 1368 2092 tabendos.

409 2107 502 2148 Apud
527 2108 605 2138 istos
629 2111 737 2137 tamen
762 2105 871 2136 David
894 2105 978 2146 pat-ri
1001 2111 1034 2136 et
1062 2105 1156 2136 matri
1189 2104 1368 2144 perfugium

407 2150 578 2191 quaesivit.
620 2148 693 2188 Qua
716 2149 750 2179 in
774 2159 808 2179 rc
830 2148 986 2189 singulari
1010 2147 1071 2179 Dei
1092 2148 1202 2179 favore
1226 2146 1369 2178 adiutum

407 2199 549 2234 apparet,
574 2193 633 2223 etsi
658 2192 696 2222 ab
721 2192 788 2231 ipso
812 2191 918 2222 Deum
943 2191 1138 2227 invocatum,
1168 2196 1203 2220 ut
1234 2190 1369 2230 gratiam

407 2235 492 2276 apud
521 2245 629 2275 regem
662 2234 758 2265 Moab
790 2234 965 2272 inveniret,
996 2243 1061 2265 non
1092 2233 1144 2265 hic
1170 2232 1371 2272 exprimitur,

407 2278 490 2319 quod
525 2285 633 2308 tamen
668 2283 791 2308 certum
825 2282 875 2307 est
907 2288 946 2307 ex
983 2276 1113 2308 Psalmo
1147 2285 1241 2315 quem
1276 2285 1398 2314 supi-ir

408 2321 589 2353 citavimus.
642 2319 753 2359 Neque
789 2320 876 2351 enim
907 2320 977 2351 sino
1006 2329 1103 2350 causa
1131 2318 1207 2350 dicit
1237 2327 1274 2349 eo
1306 2318 1372 2348 loco

408 2364 528 2395 iustum
557 2362 696 2394 clamare
728 2362 766 2392 ad
791 2362 977 2399 Dominum,
1007 2369 1038 2393 et
1070 2361 1247 2393 Dominum
1276 2370 1372 2391 exau-

410 2450 517 2489 Quare
559 2447 665 2478 David
710 2457 877 2487 nunquam
925 2452 1013 2478 tanta
1057 2446 1298 2488 perturbatione
1340 2445 1371 2476 in

410 2491 641 2523 afflictionibus
665 2496 697 2520 et
721 2489 958 2522 calamitatibus
989 2495 1180 2521 excaecatus
1209 2493 1267 2526 est,
1297 2489 1371 2528 quin

410 2535 448 2566 ad
484 2534 585 2564 Deum
618 2533 805 2568 accesserit,
837 2538 869 2563 et
898 2533 1044 2573 precibus
1075 2533 1167 2564 illum
1198 2531 1374 2568 solicitarit,

412 2586 583 2618 persuasus
608 2575 752 2606 divinum
773 2576 928 2606 auxilium
949 2576 1008 2607 sibi
1029 2585 1193 2615 nunquam
1214 2574 1373 2615 denegan-

412 2620 496 2650 dum.
533 2618 604 2649 Hac
628 2618 728 2658 igitur
752 2618 875 2649 ratione
899 2619 1037 2659 gratiam
1062 2619 1132 2649 iniit
1156 2617 1240 2658 apud
1266 2627 1372 2657 regem
1399 2615 1400 2623 ¹

414 2661 515 2699 Moab,
540 2661 687 2701 precibus
714 2661 866 2691 nimirum
896 2661 981 2701 apud
1008 2661 1120 2692 Deum.
1168 2660 1249 2691 Nam
1275 2670 1372 2700 quum

1207 215 1406 248 HOMILIA
1434 215 1594 247 LXXIX.

2324 217 2388 247 416

1422 310 1510 341 Deus
1534 310 1677 340 omnium
1703 309 1871 340 homiuum
1895 309 1992 340 eorda
2018 310 2050 340 in
2082 319 2178 340 manu
2202 308 2329 346 habeat,
2358 314 2391 340 et

1421 353 1562 383 maxime
1586 353 1756 392 impiorum
1780 362 1863 392 quae
1887 362 1944 392 pro
1965 351 2098 383 arbitrio
2121 352 2230 387 flectit,
2254 351 2389 392 ideoque

1422 395 1589 434 pollicetur
1627 396 1714 425 Deus
1748 405 1782 426 se
1811 396 2020 431 effecturum,
2063 401 2099 425 ut
2139 394 2276 435 populus
2309 405 2387 426 suus

1420 438 1557 476 gratiam
1593 438 1677 477 apud
1712 438 1859 468 inimicos
1893 438 2058 473 inveniat,
2096 444 2184 468 certo
2218 436 2303 467 istud
2339 445 2387 469 est

1420 480 1694 518 constituendum,
1718 479 1824 511 Deum
1847 481 1991 511 effecisse
2015 480 2047 510 in
2079 480 2217 519 gratiam
2242 479 2386 516 Davidis.

1422 530 1457 553 ut
1479 522 1707 554 conciliaretur
1730 523 1792 562 ipsi
1815 533 1873 553 rex
1894 523 2124 562 Moabitarum,
2147 533 2242 562 quem
2267 523 2387 564 alioqui

1420 572 1544 596 certum
1567 571 1616 596 est
1639 565 1736 596 fuisse
1760 565 1920 597 Davidem
1951 565 2166 606 repulsurum,
2198 565 2248 596 vel
2278 567 2386 606 potius

1420 609 1453 638 in
1496 607 1637 639 hostium
1679 618 1796 639 manus
1842 608 2048 640 traditurum.
2105 607 2385 647 Quemadmodum

1421 650 1526 681 solent
1565 651 1728 691 principes
1775 650 1860 691 apud
1901 651 1982 682 alies
2022 651 2189 682 hominum
2227 652 2387 692 sanguine

1421 704 1576 733 quaerere
1599 693 1768 732 amicitias,
1793 693 1843 725 vel
1867 703 1978 733 pacem
2003 692 2170 731 redimere,
2201 701 2233 724 et
2262 695 2386 726 invete-

1423 742 1509 767 ratas
1542 736 1729 767 inimicitias
1758 746 1887 776 ponere.
1933 737 1988 768 §ic
2026 735 2172 767 videmus
2208 736 2386 769 Dominum

1422 787 1568 810 nostrum
1593 779 1700 810 Iesum
1725 778 1891 810 Christum
1915 779 2014 810 fuisse
2038 780 2070 809 in
2095 779 2200 810 Pilato
2225 779 2264 810 ad
2284 779 2388 813 Hero·

1422 821 1493 852 dern
1524 823 1676 859 missum,
1707 828 1740 853 et
1770 821 1907 853 ludibrio
1935 822 2006 852 eius
2036 823 2229 862 expositum,
2259 828 2296 853 ut
2326 822 2387 854 sibi

1422 864 1585 896 Herodem
1617 864 1736 896 iratum
1769 864 1896 895 Pilatus
1924 864 2120 895 conciliaret.
2166 864 2258 896 Idem
2286 865 2388 906 igitur

1422 907 1543 938 Davidi
1567 907 1671 946 potuit
1692 907 1889 947 contingere,
1919 907 1980 938 nisi
2004 907 2094 938 Deus
2122 907 2326 947 providisset,
2355 915 2389 940 et

1422 950 1506 990 regis
1540 949 1756 981 Moabitarum
1791 960 1845 981 cor
1878 950 2058 981 inflexisset
2096 950 2135 980 ad
2168 950 2387 990 recipiendum

1423 1000 1546 1032 patrem
1569 998 1602 1024 et
1624 998 1761 1024 matrem
1784 992 1929 1024 Davidis.

1506 1035 1615 1066 Verba
1653 1040 1761 1066 autem
1801 1035 1856 1066 illa
1890 1034 2027 1066 Davidis
2058 1035 2150 1067 donet:
2182 1036 2280 1067 seiam
2312 1037 2389 1076 quid

1419 1079 1518 1117 faeiat
1539 1078 1617 1109 mihi
1647 1078 1747 1117 Deus,
1777 1089 1839 1109 non
1871 1079 1915 1109 sic
1945 1077 2159 1118 intelligenda
2188 1083 2266 1110 sunt
2297 1080 2387 1119 quasi

1420 1120 1529 1151 David
1553 1121 1698 1152 incertus
1723 1127 1895 1162 vagaretur
1925 1126 1958 1152 et
1988 1120 2104 1152 dubius
2128 1121 2237 1152 animi.
2275 1121 2388 1162 Neque

1420 1165 1504 1194 enim
1531 1174 1674 1203 unquam
1698 1163 1813 1194 abiecit
1837 1164 1955 1195 factam
1980 1173 1997 1194 a
2022 1163 2092 1194 Deo
2117 1163 2178 1195 sibi
2202 1165 2386 1204 promissio-

1421 1216 1511 1237 nem:
1549 1206 1604 1237 sed
1635 1218 1673 1237 ea
1699 1207 1801 1238 fretus
1831 1216 1943 1238 omnes
1972 1206 2181 1238 difficultates
2209 1208 2387 1247 superavit.

1421 1252 1469 1280 Ac
1493 1249 1569 1280 licet
1591 1250 1702 1281 multis
1725 1249 1874 1289 procellis
1905 1257 1937 1279 et
1967 1250 2214 1289 tempestatibus
2247 1250 2388 1290 agitatus

1422 1293 1473 1330 sit,
1497 1302 1663 1331 nunquam
1686 1299 1794 1323 tamen
1825 1292 1931 1332 potuit
1961 1291 2000 1322 ab
2030 1292 2085 1323 illo
2107 1291 2317 1324 fundamento
2340 1292 2389 1325 di·

1421 1336 1549 1371 moveri,
1574 1334 1683 1365 Deum
1707 1345 1776 1366 esse
1801 1345 1958 1366 veracem.
2006 1337 2052 1366 Ae
2083 1335 2217 1375 proinde
2247 1336 2389 1375 quando—

1420 1377 1550 1418 quidem
1569 1378 1671 1417 ipsius
1693 1377 1838 1409 bonitate
1850 1378 1992 1418 gratuita
2003 1378 2106 1408 fuerat
2119 1388 2178 1408 rex
2191 1378 2389 1418 designatus,

1422 1421 1528 1452 Deum
1551 1421 1648 1451 etiam
1672 1421 1789 1460 reipsa
1801 1421 2095 1451 demonstraturum
2119 1432 2152 1452 se
2175 1420 2387 1462 defensorem,

1421 1471 1452 1495 et
1476 1463 1604 1494 nonnisi
1629 1474 1662 1494 re
1685 1464 1827 1503 perfecta
1849 1463 2096 1503 conquieturum
2127 1463 2186 1494 sibi
2217 1465 2386 1503 persuasit.

1422 1506 1642 1537 Nihilominus
1667 1512 1775 1537 tamen
1800 1506 1880 1537 haec
1909 1506 2010 1537 verba
2039 1510 2116 1536 sunt
2143 1505 2284 1537 hominis
2314 1517 2387 1539 cum

1422 1549 1574 1580 maximis
1592 1548 1835 1580 difficultatibus
1860 1548 2022 1580 luctantis.
2056 1549 2108 1580 Ex
2131 1547 2274 1588 quoloco
2293 1548 2388 1582 disci-

1422 1603 1494 1623 mus
1529 1591 1740 1632 pugnaudum
1773 1602 1842 1623 esse
1870 1591 2027 1622 adversus
2057 1601 2171 1622 sensus
2200 1596 2327 1624 nostros
2356 1597 2389 1624 et

1421 1645 1532 1666 omnes
1551 1635 1825 1675 apprehensiones
1846 1644 1944 1674 quum
1965 1634 2144 1673 affligimur
2156 1639 2188 1665 et
2200 1645 2388 1667 exercemur

1421 1688 1439 1709 a
1463 1678 1532 1708 Deo
1555 1688 1612 1718 per
1635 1677 1726 1708 varia
1747 1677 1974 1708 instrumenta.
2019 1677 2103 1708 Nam
2127 1676 2218 1708 Deus
2245 1687 2321 1710 suos
2343 1678 2388 1710 sic

1421 1726 1550 1752 exercet
1573 1720 1772 1760 plerumque,
1797 1726 1833 1750 ut
1846 1720 1995 1751 videatur
2014 1730 2067 1750 eos
2090 1720 2124 1750 in
2147 1719 2269 1751 inferos
2288 1731 2388 1761 usque

1421 1764 1631 1800 detrusurus,
1671 1769 1704 1794 et
1744 1763 1981 1794 calamitatibus
2022 1771 2254 1802 oppressurus:
2295 1764 2388 1796 euius

1421 1814 1528 1837 tamen
1558 1807 1666 1844 favor,
1697 1806 1801 1846 gratia
1830 1810 1862 1836 ct
1891 1810 2031 1846 potestas
2061 1810 2223 1836 momento
2256 1812 2389 1846 apparet

1422 1855 1549 1889 praeter
1572 1849 1844 1889 exspectationem
1869 1857 1899 1880 et
1923 1848 2106 1888 opinionem
2132 1854 2286 1879 nostram.
2320 1848 2387 1880 Ob—

1422 1891 1582 1923 scrvanda
1619 1901 1696 1923 sane
1734 1891 1814 1922 haec
1850 1891 1997 1923 doctrina
2028 1897 2092 1929 est,
2127 1891 2387 1932 quandoquidem

1423 1935 1541 1966 nostris
1571 1933 1719 1966 sensibus
1748 1934 1845 1974 plane
1875 1934 2039 1965 contraria
2068 1938 2131 1970 est,
2161 1933 2200 1964 ad
2231 1944 2328 1974 quam
2357 1941 2390 1966 et

1421 1978 1483 2009 alia
1506 1977 1638 2016 accedit,
1669 1988 1732 2017 qua
1754 1977 1935 2008 retinemur
1963 1977 1997 2008 111
2029 1976 2165 2008 summis
2195 1977 2388 2009 calamitati·

1422 2020 1479 2052 bus
1492 2025 1524 2051 et
1543 2019 1795 2056 difficultatibus,
1815 2025 1853 2050 ut
1872 2020 2025 2051 nimirum
2047 2019 2206 2060 patienter
2225 2024 2388 2060 exspecte-

1422 2074 1503 2101 mus,
1533 2063 1634 2095 donec
1656 2073 1691 2094 se
1720 2062 1810 2094 Deus
1841 2063 2000 2094 vindicem
2031 2062 2218 2102 patefaciat:
2249 2072 2286 2094 ac
2314 2063 2390 2095 licet

1422 2106 1461 2138 ad
1479 2112 1608 2146 tempus
1630 2104 1756 2136 vultum
1781 2116 1873 2137 suum
1898 2105 2044 2144 occultet,
2073 2115 2203 2146 sperare
2226 2111 2333 2137 tamen
2354 2105 2389 2136 in

1423 2150 1492 2189 ipso
1515 2159 1578 2179 11011
1603 2149 1796 2186 desinamus,
1828 2156 1859 2178 et
1890 2147 2039 2187 precibus
2069 2147 2259 2179 ardentibus
2288 2147 2389 2188 ipsius

1422 2192 1579 2223 auxilium
1608 2191 1826 2232 imploremus.
1878 2190 1986 2221 Huius
2016 2190 2168 2221 scientiae
2202 2190 2387 2230 exemplum

1424 2235 1514 2266 nobis
1548 2234 1608 2266 hoc
1642 2234 1710 2265 loeo
1745 2233 1932 2273 proponitur
1964 2234 1995 2263 in
2027 2232 2151 2263 Davide
2182 2233 2386 2265 imitandum.

1423 2277 1525 2308 Cuius
1549 2276 1647 2308 verba
1678 2276 1740 2314 illa,
1774 2276 1865 2307 donec
1895 2285 2054 2315 coynovero
2083 2276 2159 2314 quid
2189 2275 2278 2307 Deus
2308 2276 2388 2308 mihi

1422 2320 1527 2358 faeiat,
1558 2323 1718 2350 testantur
1746 2318 1842 2349 fidem
1872 2319 1939 2349 eius
1969 2326 2002 2349 et
2030 2317 2228 2358 patientiam.
2273 2318 2386 2359 Neque

1398 2392 1399 2399 ἵ
1424 2363 1510 2393 onim
1533 2362 1633 2394 oculis
1655 2361 1816 2401 corporeis
1835 2365 1867 2392 et
1885 2361 2032 2392 sensibus
2051 2361 2195 2393 externis
2213 2371 2387 2402 cognosce-

409 2407 477 2438 dirc
501 2406 618 2446 ipsum,
650 2411 681 2436 et
705 2416 743 2435 ex
768 2405 916 2436 omnibus
941 2403 1201 2436 tribulationibus
1226 2402 1372 2434 liberare.
1398 2414 1399 2445 ;

1426 2406 1487 2442 hat,
1518 2415 1582 2445 qua
1613 2404 1737 2435 ratione
1766 2405 1856 2435 Deus
1886 2404 1947 2444 ipsi
1983 2403 2196 2441 succurrerit,
2229 2405 2284 2444 qui
2311 2414 2385 2436 cum

1398 2451 1399 2490 J
1425 2448 1522 2479 tantis
1545 2447 1791 2479 difficultatibus
1814 2446 2006 2478 luctaretur:
2037 2446 2092 2478 sed
2124 2446 2253 2478 interim
2276 2447 2385 2479 animo

1425 2500 1611 2529 persuasum
1634 2489 1771 2521 habebat
1784 2489 1891 2521 Deum
1915 2499 1989 2521 suas
2006 2489 2232 2529 promissiones
2254 2489 2386 2522 tandem

1426 2533 1643 2573 impleturum,
1673 2538 1705 2564 et
1728 2532 1814 2572 quod
1845 2542 1902 2572 per
1925 2531 2033 2563 Saulis
2065 2531 2282 2563 ministerium
2316 2542 2387 2573 pro-

1425 2575 1567 2611 miserat,
1592 2576 1827 2616 perfecturum:
1852 2574 1970 2606 idcirco
1993 2575 2090 2606 etiam
2115 2574 2263 2606 videmus
2287 2575 2386 2607 Davi·

1425 2617 1497 2648 (10111
1538 2628 1642 2658 neque
1675 2618 1839 2654 fortunae,
1887 2627 1990 2657 neque
2030 2616 2156 2648 fortuiti
2197 2627 2291 2649 casus
2330 2624 2386 2649 aut

1399 2680 1401 2686 Α
1425 2666 1561 2692 eventus
1585 2661 1778 2697 meminisse,
1807 2660 1861 2692 sed
1886 2660 1947 2691 Dei
1974 2660 2026 2700 qui
2057 2670 2114 2699 pro
2140 2660 2304 2692 voluntate
2325 2671 2385 2692 sua
