2551 3044
380 215 444 247 423

384 319 451 342 cam
473 309 539 348 filio
562 308 642 341 Isai.
670 317 722 339 nec
743 309 787 338 est
808 307 862 346 qui
879 306 975 337 vicem
997 315 1095 337 meam
1118 305 1217 336 doleat
1239 315 1275 336 ex
1298 315 1348 336 vo-

385 353 441 386 bis.
473 361 525 382 nec
553 351 607 390 qui
631 350 792 381 annuntiet
819 348 906 380 mihi.
951 348 1078 388 Quibus
1107 348 1246 388 querelis
1270 347 1349 379 Saul

385 394 530 435 graviter
553 393 624 424 illos
652 403 764 423 omnes
795 398 950 432 tanquam
981 392 1120 432 perfidos
1148 391 1349 431 perstrinxit.

385 437 550 477 Deinceps
580 442 687 466 autem
717 436 864 475 sequitur
894 434 1042 474 Doegum
1076 434 1263 465 ldumaeum
1295 433 1350 473 qui

408 480 537 520 regibus
560 478 669 510 Saulis
691 483 849 518 praeerat,
873 476 964 508 Sauli
988 476 1168 508 declarasse
1191 486 1224 507 sc
1248 475 1350 506 Davi-

384 491 457 553 {em
482 521 601 553 vidisse
621 521 654 552 in
679 520 768 552 Nobe
797 520 882 560 apud
905 519 1172 551 Aehimelechum
1202 518 1348 549 sacerdo-

385 571 459 602 tem,
489 566 543 605 qui
573 570 606 595 et
637 562 756 594 cibaria
778 563 838 603 ipsi
861 562 1064 603 praebuerat,
1093 568 1125 593 ct
1154 562 1182 593 ei
1206 560 1348 601 gladium

384 614 416 639 et
444 618 534 638 arma
566 606 714 638 dederat:
746 605 918 645 Deumque
948 615 1006 645 pro
1033 606 1104 646 ipso
1134 603 1349 639 consuluerat,

385 661 426 681 an
440 651 501 681 iter
521 650 620 690 ipsius
639 648 840 686 secundaret,
864 654 897 679 et
914 657 1103 688 prosperum
1124 648 1252 678 faceret.
1277 646 1350 685 Qua

384 693 488 734 Doegi
512 693 698 723 narratione
722 691 830 723 Saulis
853 690 943 722 furor
967 690 1174 722 vehementer
1194 689 1350 720 adversus

384 735 566 768 sacerdotes
599 734 736 771 exarsit,
768 738 802 765 et
828 743 865 765 eo
896 743 999 774 usque
1032 733 1161 774 quidem
1189 737 1226 763 ut
1252 732 1350 763 morti

384 788 497 810 omnes
521 777 700 808 tradiderit.
730 776 793 808 Hic
811 781 918 808 autem
940 781 1140 808 terrenorum
1165 775 1349 815 principum

385 820 653 853 consuetudinem
685 825 840 859 tanquam
871 820 902 850 in
938 819 1069 860 speculo
1099 827 1270 859 possumus
1300 818 1349 848 in-

385 864 479 902 tueri,
510 863 564 904 qui
584 873 602 894 a
625 863 693 894 suis
714 861 852 894 subditis
875 861 970 893 fidem
995 862 1053 893 sibi
1079 861 1193 892 volunt
1215 860 1348 897 servari,

385 917 464 947 quos
490 905 658 946 pelliciunt
687 915 743 945 spe
772 905 958 936 divitiarum
988 905 1071 944 quod
1094 914 1186 944 reges
1210 903 1350 934 habeant

384 955 576 990 potestatem
611 949 644 979 in
674 957 750 979 suos
781 947 936 979 satellites
965 954 997 978 ct
1025 947 1192 978 ministros
1223 945 1348 976 ditandi

384 998 416 1024 et
439 990 667 1032 locupletandi.
705 990 752 1022 At
773 991 800 1022 si
823 989 892 1022 solo
915 990 977 1021 isto
1001 989 1210 1021 fundamento
1235 988 1350 1019 nititur

384 1035 524 1066 amicitia
555 1040 586 1064 et
617 1033 697 1065 fides
719 1043 802 1073 quae
824 1033 902 1074 ipsis
925 1032 1067 1070 debetur,
1096 1031 1278 1063 miserrima
1301 1035 1350 1062 est.

382 1077 527 1118 ipsorum
551 1075 706 1108 conditio:
737 1075 793 1108 sed
816 1076 862 1106 ita
884 1075 990 1107 solent
1013 1085 1106 1116 reges
1129 1086 1165 1106 ae
1188 1074 1349 1115 principes

383 1130 441 1151 sua
465 1120 610 1160 potentia
632 1119 796 1156 inebriari,
827 1124 860 1149 et
890 1128 952 1149 non
983 1123 1161 1157 agnoscunt
1184 1117 1348 1148 meliorem

384 1163 452 1194 fore
475 1173 566 1194 snam
591 1161 818 1198 conditionem,
846 1162 871 1192 si
897 1162 928 1192 in
954 1161 1106 1192 mediocri
1131 1165 1240 1191 essent
1262 1160 1349 1191 vitae

384 1211 482 1244 statu,
505 1212 535 1236 et
561 1204 637 1245 quid
660 1206 703 1236 sit
719 1214 797 1235 vera
819 1204 959 1234 amicitia
983 1204 1081 1244 probe
1102 1208 1242 1234 nossent.
1283 1203 1348 1233 Vix

383 1249 470 1280 enim
496 1258 588 1289 reges
611 1257 647 1279 ac
670 1247 832 1287 principes
855 1246 914 1277 sibi
933 1246 1070 1286 aliquem
1095 1247 1233 1277 amicum
1258 1255 1348 1285 repe-

384 1292 482 1327 riunt,
511 1298 544 1322 et
572 1290 691 1321 amicos
723 1290 805 1321 ferre
835 1300 897 1320 non
929 1294 1073 1329 possunt.
1123 1288 1186 1321 Sed
1211 1288 1349 1320 oderunt

382 1334 491 1375 potius
514 1334 539 1364 si
563 1333 617 1373 qui
641 1334 726 1373 ipsos
740 1343 781 1363 ex
794 1332 901 1363 animo
921 1332 1066 1372 diligant,
1089 1337 1121 1363 et
1136 1342 1190 1363 cos
1210 1331 1348 1362 fortunis

382 1377 532 1408 omnibus
549 1381 712 1414 evertunt,
736 1385 798 1406 non
819 1375 1041 1415 permittentes
1060 1384 1241 1415 quenquam
1258 1379 1349 1405 tanta

382 1421 489 1460 gratia
517 1429 552 1450 se
575 1418 683 1449 valere
713 1418 797 1457 apud
828 1418 912 1457 ipsos
943 1417 1129 1448 existimare
1160 1423 1196 1449 ut
1225 1417 1349 1448 amicus

381 1462 469 1503 regis
490 1461 626 1492 dicatur.
658 1461 764 1501 Reges
783 1460 910 1500 quidem
931 1460 1055 1499 aliquos
1079 1460 1212 1501 diligere
1236 1459 1348 1491 dicun-

382 1510 452 1536 tur:
483 1504 538 1535 sed
569 1514 650 1544 quae
680 1514 757 1534 vera
788 1503 828 1533 sit
857 1503 997 1534 amicitia
1027 1513 1158 1543 prorsus
1187 1503 1349 1544 ignorant,

383 1547 444 1579 hoc
468 1546 576 1578 Saulis
597 1546 788 1586 principium
813 1547 997 1581 retinentes,
1028 1555 1125 1585 penes
1155 1556 1188 1577 se
1211 1555 1281 1577 esse
1304 1546 1349 1576 fa-

383 1590 536 1622 cultatem
572 1590 740 1620 ministros
776 1598 851 1619 suos
886 1588 1120 1628 locupletandi,
1154 1594 1186 1620 ct
1219 1589 1348 1619 illorum

383 1633 558 1664 amicitiam
582 1632 818 1663 bencfactorum
840 1630 1035 1671 obligatione
1056 1631 1252 1671 acquirendi.
1283 1630 1350 1662 Sed

383 1681 419 1706 ut
439 1680 513 1706 ante
533 1674 599 1705 dixi
621 1674 714 1706 valde
735 1674 900 1705 infirmum
920 1679 969 1705 cst
988 1674 1072 1705 istud
1092 1674 1348 1706 fundamentum.

383 1718 467 1749 Nam
490 1718 542 1758 qui
563 1717 648 1748 solas
667 1717 798 1748 divitias
817 1722 850 1748 et
868 1727 944 1757 opes
967 1717 1100 1756 quaerit,
1123 1718 1154 1748 in
1174 1717 1269 1748 horas
1282 1727 1349 1748 mu-

385 1761 446 1791 tari
478 1764 599 1800 potest,
634 1765 666 1791 et
696 1759 791 1791 fidem
825 1759 932 1790 datam
964 1769 1094 1791 servare
1118 1760 1197 1791 solet
1227 1759 1350 1791 tamdiu

386 1802 541 1843 quamdiu
561 1803 629 1834 suis
652 1802 827 1834 commodis
850 1802 1046 1833 conveniens
1070 1807 1135 1833 est:
1157 1802 1211 1833 sed
1235 1804 1261 1833 si
1285 1813 1351 1834 me-

386 1845 447 1877 lior
466 1845 644 1877 occurrerit
662 1845 787 1877 occasio
807 1844 972 1876 faciendae
992 1845 1038 1876 rei
1053 1850 1186 1885 repente
1198 1850 1351 1883 mutatur,

385 1889 540 1929 quoniam
560 1887 648 1919 hunc
661 1894 788 1919 tantum
808 1887 867 1919 sibi
888 1898 1019 1928 scopum
1040 1888 1197 1928 proponit,
1223 1893 1257 1918 ut
1275 1899 1351 1928 opes

386 1937 419 1963 ct
441 1932 578 1973 gratiam
603 1940 639 1962 ac
662 1931 800 1962 honores
830 1930 889 1962 sibi
913 1936 1085 1971 comparet.
1134 1931 1280 1971 Denique
1304 1932 1351 1962 vi-

388 1974 503 2006 demus
517 1980 662 2005 terrenos
674 1974 835 2014 principes
855 1983 921 2004 non
937 1983 1029 2013 posse
1050 1974 1225 2013 tranquillo
1244 1974 1352 2004 animo

388 2027 468 2054 csse,
493 2022 525 2048 et
548 2017 772 2057 conquiescere
796 2017 826 2047 in
852 2015 1055 2054 satellitibus,
1079 2026 1216 2056 quorum
1230 2016 1353 2057 aliquos

388 2070 515 2100 semper
538 2060 686 2091 inimicos
717 2059 776 2090 sibi
800 2059 866 2090 fore
895 2059 1110 2099 suspicantur,
1141 2069 1223 2099 quac
1246 2064 1351 2090 tamen

389 2103 597 2143 quantumvis
628 2103 747 2133 misera
777 2101 917 2133 conditio
947 2102 993 2133 sie
1023 2102 1088 2133 illis
1117 2102 1231 2142 placet,
1262 2108 1292 2132 et
1316 2113 1353 2132 ea

388 2146 590 2177 delectantur
614 2155 679 2176 non
711 2155 802 2176 secus
832 2155 868 2176 ac
897 2145 924 2175 si
954 2145 1026 2185 quis
1054 2150 1203 2185 aegrotus
1232 2145 1351 2175 malum

388 2199 482 2221 suum
507 2189 613 2219 foveat
637 2193 667 2218 ct
691 2192 805 2227 sponte
829 2192 957 2228 augeat.
999 2188 1134 2218 Terreni
1157 2188 1243 2218 enim
1268 2187 1355 2227 prin-

388 2232 474 2271 cipes
498 2242 564 2262 non
588 2231 691 2262 solum
721 2230 825 2262 solent
848 2240 1003 2270 quaerere
1027 2230 1146 2262 amicos
1172 2230 1352 2270 largitioni-

390 2274 448 2305 bus
479 2280 511 2305 et
542 2274 667 2314 magnis
699 2273 827 2314 opibus:
859 2273 913 2304 sed
946 2273 1074 2305 illorum
1102 2273 1198 2304 etiam
1223 2273 1353 2312 explere

389 2318 579 2353 satietatem,
611 2316 800 2356 nullumque
836 2317 933 2347 finem
964 2315 1087 2347 ditandi
1117 2316 1204 2356 ipsos
1238 2316 1352 2353 faeere,
1379 2304 1381 2335 l

389 2371 429 2391 ne
465 2359 592 2400 quando
630 2360 770 2399 ipsorum
807 2359 947 2390 amicitia
988 2359 1183 2399 refrigescat.
1241 2358 1352 2398 Itaque

390 2413 517 2443 semper
540 2402 679 2442 aliquem
702 2403 779 2442 ipsis
802 2401 908 2433 bolum
940 2402 972 2432 in
997 2412 1031 2433 os
1054 2402 1200 2433 iniiciant
1223 2411 1352 2432 necesse

390 2452 447 2483 cst,
472 2453 622 2485 tanquam
647 2446 779 2476 canibus
799 2445 962 2482 famelicis,
987 2455 1026 2475 ne
1044 2444 1222 2475 mordeant.
1246 2444 1352 2483 Atque

390 2488 468 2520 liacc
493 2495 540 2519 est
564 2488 745 2528 principum
770 2487 976 2524 consuetudo,
1001 2498 1183 2527 quanquam
1207 2487 1233 2518 si
1257 2497 1352 2527 quac-

390 2541 442 2563 ras
465 2542 504 2562 ex
536 2531 624 2570 ipsis,
654 2531 832 2570 probentnc
864 2530 1044 2561 istiusmodi
1076 2529 1242 2566 amicitias,
1272 2539 1353 2569 quae

391 2574 458 2604 sola
489 2574 626 2605 utilitate
657 2578 865 2613 quaeruntur.
904 2573 1114 2604 veliementer
1145 2572 1351 2613 negaverint:
1378 2557 1381 2586 l

390 2621 421 2648 et
444 2617 470 2648 si
492 2627 637 2656 quaeras,
663 2616 804 2646 velintne
829 2616 943 2646 vitium
968 2616 1052 2647 istud
1077 2616 1204 2656 corrigi,
1228 2625 1352 2646 asseve-

392 2660 509 2689 rarint:
528 2659 583 2690 sed
598 2658 806 2689 nihilominus
821 2667 928 2689 tamen
944 2659 1092 2689 inebriati
1106 2669 1164 2690 sua
1178 2658 1351 2689 autoritate

1184 211 1387 243 HOMILIA
1411 210 1555 242 LXXX.

2302 211 2365 242 424

1405 309 1436 336 et
1447 305 1601 346 potentia,
1615 311 1754 346 pergant
1765 306 1798 336 in
1810 305 1969 337 instituto.
1984 305 2159 337 Caeterum
2172 304 2283 345 quales
2292 309 2369 337 sunt

1404 348 1579 388 principes,
1591 348 1672 379 tales
1682 353 1760 380 sunt
1768 348 1865 380 etiam
1878 349 2022 388 ipsorum
2036 347 2201 384 satellites,
2215 348 2369 380 nimirum

1403 401 1542 430 quorum
1557 390 1616 422 hoc
1628 401 1729 422 unum
1745 396 1794 423 est
1809 390 1964 428 studium,
1985 397 2020 422 ut
2037 391 2228 422 miserorum
2251 389 2366 431 opibus

1403 433 1541 470 inhient,
1562 439 1594 464 et
1607 443 1734 474 semper
1747 443 1890 474 expansa
1904 434 1985 465 retia
1997 433 2036 465 ad
2051 432 2202 474 praedam
2216 433 2365 471 habeant,

1403 475 1478 507 licet
1489 486 1545 516 spe
1557 485 1615 507 sua
1627 486 1721 516 saepe
1734 476 1892 514 decidant,
1913 483 1944 508 et
1956 487 2010 508 eos
2028 476 2135 516 opinio
2153 485 2212 507 sua
2231 476 2365 507 frustre-

1403 524 1473 550 tur:
1497 529 1571 550 nam
1595 529 1690 559 saepe
1709 519 1744 550 fit
1767 524 1803 550 ut
1820 519 1916 551 multi
1935 530 2004 551 sese
2021 520 2108 560 ipsos
2131 518 2311 555 absumant.
2334 522 2368 550 et

1402 561 1572 593 facultates
1584 571 1660 593 suas
1672 561 1851 602 dilapident
1862 572 1919 602 spe
1936 562 2003 593 sola
2016 562 2206 603 dignitatem
2225 561 2367 601 aliquam

1401 604 1538 635 aulicam
1563 604 1779 644 adipiscendi:
1803 609 1839 636 ut
1856 604 1931 636 inde
1951 611 2062 636 natum
2081 605 2123 636 sit
2144 603 2366 644 proverbium:

1401 645 1439 677 In
1464 647 1546 678 aulis
1568 648 1752 688 principum
1775 657 1912 688 regnare
1936 648 2108 685 fortunam,
2138 646 2223 687 quod
2247 647 2277 678 in
2302 646 2367 679 illis

1402 700 1521 730 magna
1551 690 1742 730 plerumque
1771 689 1814 721 sit
1843 691 1996 730 confusio,
2027 690 2099 722 aliis
2131 690 2171 721 ad
2202 699 2366 721 summum

1401 732 1537 773 gradum
1557 732 1723 772 dignitatis
1745 733 2017 773 pervenientibus,
2041 733 2112 764 aliis
2131 737 2237 763 autem
2258 732 2297 763 ad
2316 732 2366 763 in-

1402 776 1514 807 fimum
1537 785 1638 816 usque
1662 774 1838 815 depressis:
1862 786 1996 816 quarum
2018 781 2126 806 tamen
2145 776 2365 806 mutationum

1401 827 1498 849 causa
1521 818 1630 858 ignota
1653 823 1702 849 est
1725 817 1919 856 homiuibus,
1949 819 2003 850 sed
2028 820 2067 850 ab
2091 817 2280 849 admirando
2304 817 2367 848 Dei

1400 861 1534 892 consilio
1564 865 1749 901 promanat,
1785 861 1838 901 qui
1874 862 1958 892 ridet
1988 861 2196 892 ambitionem
2229 859 2367 891 istorum

1400 904 1454 944 qui
1478 904 1580 935 multa
1604 904 1713 934 ferunt
1736 903 1948 942 incommoda,
1970 904 2152 943 multosque
2177 903 2302 935 labores
2325 901 2367 934 ad

1400 947 1539 987 gratiam
1571 947 1632 977 sibi
1663 946 1895 978 conciliandam
1926 947 2010 987 apud
2042 947 2214 987 principes,
2249 945 2367 986 quibus

1401 989 1517 1021 licebat
1551 989 1636 1020 domi
1667 989 1769 1020 beatis
1799 999 1888 1027 esse,
1919 995 1952 1020 et
1984 990 2138 1029 quaesitis
2167 989 2260 1020 bonis
2293 988 2365 1020 frui.

1400 1032 1491 1064 Deus
1515 1033 1646 1072 inquam
1675 1032 1808 1063 istorum
1833 1032 2041 1063 ambitionem
2065 1040 2097 1063 et
2127 1031 2286 1063 honorum
2309 1041 2365 1063 cu-

1401 1074 1567 1116 piditatem
1582 1073 1674 1112 ridet,
1695 1085 1792 1115 quum
1812 1075 1915 1106 multa
1933 1075 2048 1106 damna
2061 1076 2147 1115 ipsos
2165 1074 2240 1114 pati,
2260 1079 2292 1104 ot
2310 1083 2366 1114 op-

1400 1118 1530 1158 probria
1554 1118 1722 1153 sustinere,
1755 1124 1786 1148 et
1815 1123 1966 1158 tanquam
1999 1119 2133 1149 miseros
2163 1118 2195 1148 in
2226 1116 2368 1148 vinculis

1401 1161 1543 1201 torqueri
1572 1170 1709 1200 suasque
1732 1160 1899 1192 facultates
1927 1160 2095 1192 absumere
2127 1160 2301 1200 permittit,
2332 1164 2368 1190 ut

1402 1203 1493 1235 Deus
1516 1202 1698 1234 istiusmodi
1721 1203 1878 1242 exemplis
1900 1204 1985 1243 ipsos
2008 1203 2142 1234 erudiat.
2173 1203 2264 1234 Alios
2287 1211 2366 1234 vero

1402 1246 1492 1277 Deus
1515 1247 1612 1278 etiam
1637 1246 1808 1286 aliquando
1839 1252 2008 1286 promovet
2031 1246 2069 1277 ad
2095 1255 2238 1276 summos
2267 1245 2367 1276 hono-

1402 1300 1463 1326 res,
1487 1295 1518 1320 et
1541 1289 1692 1320 maximis
1715 1288 1839 1320 divitiis
1862 1294 1895 1319 et
1915 1288 2028 1329 opibus
2048 1294 2155 1329 auget,
2178 1288 2294 1319 deinde
2312 1287 2367 1319 de-

1402 1331 1598 1372 primendos,
1621 1337 1653 1362 et
1673 1332 1705 1362 in
1725 1337 1950 1372 paupertatem
1965 1331 2165 1372 redigendos.
2189 1330 2286 1370 Quod
2301 1341 2366 1362 non

1401 1375 1508 1415 aliquo
1532 1385 1610 1406 sane
1634 1374 1784 1406 fortunae
1805 1384 1881 1406 casu
1904 1374 2039 1405 volubili
2059 1374 2184 1413 accidit,
2207 1373 2262 1405 scd
2289 1383 2367 1413 quo-

1402 1418 1489 1449 niam
1512 1418 1565 1448 isti
1588 1417 1736 1448 homines
1755 1417 1931 1448 ambitione
1953 1424 1984 1448 et
2011 1417 2170 1448 honorum
2190 1415 2368 1457 cupiditate

1402 1462 1558 1501 flagrant:
1590 1461 1681 1491 Deus
1711 1460 1784 1491 illos
1808 1460 1982 1492 honoribus
2005 1460 2129 1501 explet:
2162 1465 2193 1490 et
2215 1460 2367 1499 quoniam

1402 1504 1537 1534 avaritia
1560 1503 1749 1544 inexplebili
1772 1503 1929 1540 laborant,
1961 1502 2026 1534 illis
2048 1503 2145 1534 etiam
2169 1512 2279 1533 rerum
2302 1511 2369 1533 om-

1402 1547 1494 1578 nium
1525 1546 1756 1577 abundantiam
1787 1550 1819 1577 et
1841 1546 1963 1586 copiam
1994 1545 2196 1586 suppeditat:
2225 1550 2263 1576 ut
2284 1545 2368 1584 ipso-

1402 1600 1475 1621 rum
1500 1589 1687 1629 arrogantia
1709 1594 1881 1626 crescente,
1905 1593 1936 1619 et
1960 1589 2012 1619 siti
2027 1599 2064 1620 ac
2087 1587 2246 1619 desiderio
2267 1586 2368 1619 facul-

1402 1637 1505 1664 tatum
1519 1630 1818 1672 amplificandarum
1834 1631 1938 1672 magis
1950 1632 2118 1672 flagrante,
2141 1631 2174 1661 in
2189 1630 2254 1661 illis
2265 1629 2370 1661 maius

1403 1675 1539 1707 exitium
1565 1674 1745 1706 inveniant.
1790 1674 1872 1705 Inde
1902 1675 1937 1705 fit
1966 1679 2002 1706 ut
2023 1674 2057 1705 in
2080 1673 2161 1705 aulis
2183 1673 2368 1714 principum

1402 1723 1494 1750 tanta.
1516 1718 1637 1758 passim
1668 1722 1783 1759 regnet
1813 1717 1971 1755 confusio
2002 1727 2100 1757 quum
2130 1716 2184 1748 alii
2215 1715 2288 1747 sine
2309 1725 2370 1746 sua

1402 1762 1523 1793 virtute
1547 1760 1586 1792 ad
1611 1760 1749 1791 honores
1773 1760 1966 1798 evehuntur,
1997 1760 2052 1790 alii
2075 1768 2154 1791 vero
2176 1759 2231 1799 qui
2254 1757 2369 1790 officiis

1403 1804 1516 1835 multis
1543 1803 1598 1834 diu
1629 1807 1825 1843 prensarunt
1854 1803 1934 1834 istos
1966 1803 2104 1834 honores
2126 1801 2316 1833 reiiciantur
2337 1803 2370 1833 et

1403 1852 1662 1879 contemnantur.
1705 1846 1794 1877 Hinc
1822 1845 1898 1876 illae
1920 1845 2117 1877 mutationes
2139 1850 2172 1876 et
2194 1843 2369 1876 revolutio-

1405 1900 1471 1928 nes,
1501 1894 1538 1920 ut
1569 1890 1684 1920 merito
1704 1889 1823 1920 dixisse
1853 1888 1985 1928 quidam
2015 1889 2091 1919 olim
2119 1888 2204 1919 inter
2225 1886 2370 1918 ethnicos

1405 1932 1553 1964 videatur
1582 1932 1701 1963 aulicos
1732 1942 1801 1963 esse
1824 1931 1963 1969 calculis,
1994 1941 2129 1971 quorum
2160 1941 2238 1961 usus
2265 1930 2369 1961 estin

1405 1975 1621 2007 subducendis
1643 1975 1832 2010 rationibus,
1865 1974 2054 2011 simillimos,
2086 1973 2140 2013 qui
2164 1972 2258 2004 modo
2282 1982 2370 2004 sum-

1405 2029 1490 2050 mam
1514 2018 1689 2057 ingentem,
1720 2022 1798 2057 puta
1821 2017 1919 2054 mille,
1951 2017 2000 2048 vel
2025 2016 2135 2047 decem
2159 2015 2297 2046 millium
2321 2025 2371 2047 co-

1406 2065 1604 2098 ronatorum,
1635 2060 1729 2091 modo
1761 2071 1836 2091 vero
1859 2070 2004 2100 parvam,
2031 2064 2118 2099 puta,
2149 2059 2247 2090 unius
2275 2067 2369 2089 num

1405 2104 1483 2135 muli
1509 2104 1640 2135 faciunt.
1676 2103 1798 2134 Eadem
1823 2103 2000 2134 aulicorum
2026 2102 2116 2139 ratio,
2141 2101 2316 2141 dignitates
2337 2103 2371 2132 et

1406 2147 1544 2178 honores
1565 2146 1788 2185 ambientium,
1811 2151 1847 2176 ut
1865 2145 1968 2185 gratia
1989 2151 2020 2175 et
2039 2144 2215 2175 autoritate
2232 2142 2368 2174 multum

1406 2190 1544 2221 valcant.
1592 2189 1750 2229 Denique,
1781 2194 1816 2219 ut
1841 2188 1916 2225 dixi,
1940 2187 2102 2227 principes
2126 2192 2158 2217 et
2181 2196 2275 2227 reges
2297 2195 2370 2226 spe-

1405 2238 1479 2263 rant
1502 2243 1535 2263 se
1555 2233 1587 2262 in
1608 2231 1672 2262 fide
1690 2231 1857 2262 ministros
1877 2241 1951 2261 suos
1972 2235 2164 2267 retenturos,
2188 2227 2273 2268 quod
2286 2228 2370 2259 mul-

1406 2277 1445 2306 tis
1469 2275 1644 2306 benefactis
1662 2284 1715 2305 cos
1734 2274 1794 2305 sibi
1814 2273 2037 2304 devinxerint:
2061 2277 2094 2303 et
2110 2272 2252 2303 vicissim
2276 2271 2371 2303 aulici

1405 2319 1543 2349 ministri
1575 2327 1703 2357 semper
1727 2317 1758 2347 in
1783 2316 1933 2356 praedam
1964 2315 2079 2347 intenti
2109 2319 2194 2353 sunt,
2225 2319 2257 2346 et
2285 2314 2372 2346 hunc

1407 2362 1535 2391 unicum
1560 2359 1704 2390 laborum
1730 2358 1788 2390 sibi
1814 2368 1943 2399 scopum
1968 2363 2168 2399 proponunt:
2193 2362 2289 2397 atque
2312 2357 2372 2389 hoc

1405 2404 1547 2435 studium
1572 2402 1702 2433 unicum
1729 2402 1869 2441 ipsorum
1895 2408 1957 2432 cst:
1981 2412 2017 2433 ac
2030 2400 2164 2442 proinde
2183 2410 2287 2440 neque
2304 2400 2371 2432 siu-

1405 2456 1475 2477 cero
1499 2456 1607 2477 amore
1639 2445 1800 2485 principes
1830 2449 1862 2475 et
1890 2444 2035 2475 dominos
2059 2454 2133 2475 suos
2155 2443 2372 2483 complectun-

1406 2497 1472 2525 tur,
1509 2499 1613 2529 neque
1648 2487 1742 2518 tidem
1773 2488 1812 2519 iis
1845 2493 1978 2519 servant
2011 2487 2106 2518 officii
2142 2487 2280 2517 ratione:
2315 2484 2371 2517 sed

1405 2542 1498 2570 opum
1519 2538 1550 2562 et
1574 2531 1762 2562 facultatum
1786 2529 2002 2571 cogendarum
2026 2539 2082 2570 spe
2106 2534 2138 2560 et
2160 2529 2343 2569 cupiditate.

1490 2575 1598 2613 Atque
1621 2573 1706 2605 istud
1731 2573 1821 2605 nobis
1845 2573 1951 2604 verbis
1971 2573 2034 2604 illis
2052 2571 2159 2603 Saulis
2183 2581 2371 2612 repraesen-

1406 2620 1508 2650 tatur,
1550 2616 1666 2655 quibus
1706 2616 1774 2647 suis
1808 2615 2016 2656 stipatoribus
2050 2614 2216 2655 perfidiam
2251 2613 2370 2651 obiicit,

1405 2669 1503 2699 quum
1530 2660 1589 2690 ait:
1619 2659 1746 2690 l'obisne
1767 2658 1856 2698 filius
1879 2658 1950 2690 Isai
1968 2658 2052 2689 dabit
2076 2667 2167 2698 (tyros
2191 2660 2218 2688 et
2240 2655 2370 2688 vineas?
