2551 3044
328 217 390 247 21⁴)

331 307 543 348 confugerint,
569 308 634 338 fore
657 307 812 338 nimirum
835 315 871 338 ut
893 318 989 348 super
1013 306 1166 337 dracones
1184 310 1216 336 et
1239 315 1290 336 ra-

1141 210 1345 243 HOMILIA
1368 209 1497 242 LXIII.

332 352 514 385 bidissimas
537 361 680 390 quasque
704 350 787 381 feras
816 350 974 382 incedant.
1006 357 1036 380 et
1067 348 1201 389 pedibus
1224 348 1291 378 suis
1316 355 1319 364 ⁴

331 395 460 427 easdem
495 393 692 424 conculcent.
749 393 920 424 Caeterum
955 391 1193 424 observandum
1228 400 1291 421 non

332 443 457 469 tantum
483 446 500 466 a
524 436 600 466 feris
623 435 687 467 illis
710 441 742 466 et
765 436 959 467 immanibus
984 435 1098 466 belluis
1122 434 1292 465 imminere

333 481 425 512 uobis
449 479 606 519 pericula:
640 478 696 509 sed
726 478 765 510 ab
789 479 867 518 ipsis
890 478 1083 514 bominibus,
1113 477 1167 517 qui
1198 485 1293 516 saepe

332 525 365 555 in
395 527 546 554 naturam
578 522 718 552 ferarum
749 520 956 562 degenerant,
982 529 1015 552 ut
1039 521 1093 551 fiat
1118 520 1211 550 homo
1236 518 1292 549 ho-

332 567 411 598 mini
436 565 541 604 lupus,
562 574 580 594 a
599 564 715 604 quibus
734 565 837 596 maius
856 564 1031 604 periculum
1051 564 1089 594 ab
1110 560 1293 594 hominibus

332 619 428 650 quam
460 607 499 638 ab
530 607 608 646 ipsis
636 607 712 638 feris
742 606 919 639 immineat.
970 608 1018 638 Ac
1048 616 1125 637 sane
1155 603 1293 644 improbi

334 652 480 683 homines
500 650 584 689 ipsos
603 649 711 681 leones
730 654 762 681 et
783 660 874 682 ursos
892 650 1091 681 immanitate
1110 654 1141 679 et
1160 647 1294 679 saevitia

333 695 427 735 longe
451 698 621 732 superant:
645 703 682 724 ac
705 692 837 732 proinde
860 693 922 724 uisi
941 693 1030 724 Deus
1054 691 1237 732 prohiberet
1262 695 1293 720 et

334 739 474 769 furorem
495 740 710 774 compesceret
733 735 919 767 viderentur
941 736 1019 767 satis
1040 735 1157 766 virium
1177 732 1216 764 ad
1235 742 1294 764 nos

333 779 503 812 laniandos
527 777 652 814 habere,
676 785 707 809 et
730 778 770 809 ad
793 789 827 809 50
851 784 960 809 nostro
983 777 1140 818 sanguine
1163 776 1294 816 explen—

335 823 400 855 dos.
447 820 532 860 Quid
564 831 640 860 ergo
671 820 807 861 impedit
829 822 1001 861 quominus
1024 821 1063 851 ab
1086 819 1239 859 improbis
1262 823 1294 849 et

334 864 518 898 crudelibus
548 862 731 894 hominibus
761 874 826 894 non
856 863 1003 904 pluribus
1034 863 1214 894 afficiamur
1244 861 1293 891 in-

335 906 510 940 commodis
534 911 567 936 et
589 905 737 938 damnis?
771 906 840 937 Nae
865 906 969 938 Deum
994 907 1099 946 ipsum
1122 916 1178 945 pro
1202 904 1294 935 nobis

334 960 482 992 pugnare
504 954 628 980 certum
652 955 716 980 est:
739 949 823 989 quod
847 949 907 980 etsi
929 950 1087 988 corporeis
1105 948 1206 980 oculis
1229 957 1293 978 non

332 997 508 1029 intuemur,
534 998 643 1023 tamen
667 1001 709 1022 ex
732 992 854 1024 effectis
877 992 916 1023 de
939 993 1040 1032 ipsius
1063 1002 1140 1032 erga
1162 1000 1221 1021 1105
1244 990 1295 1021 bo-

335 1038 437 1069 nitate
468 1034 611 1066 iudicare
642 1034 810 1072 debemus,
843 1045 924 1074 quae
956 1035 1017 1065 nisi
1048 1045 1104 1065 nos
1136 1038 1296 1064 tutaretur

333 1079 487 1121 quotidie,
511 1076 650 1118 singulis
674 1078 845 1108 momentis
863 1078 897 1108 iu
916 1077 1003 1108 mille
1023 1077 1135 1108 mortis
1154 1075 1297 1116 pericula

336 1123 585 1154 incurreremus.
622 1122 728 1160 Atque
751 1120 906 1152 haetenus
930 1121 968 1151 de
982 1119 1117 1151 Davidis
1140 1120 1223 1150 facto
1242 1118 1298 1149 illo

336 1165 468 1206 insigni,
499 1163 584 1203 quod
614 1173 631 1194 e
662 1162 807 1195 faucibus
835 1163 948 1199 leonis,
979 1170 1011 1194 et
1043 1163 1202 1203 unguibus
1232 1161 1297 1192 ursi

336 1207 489 1249 praedam
514 1216 578 1237 non
603 1210 729 1236 tantum
753 1206 881 1246 eripuit,
905 1205 959 1237 sed
976 1206 1058 1237 feras
1082 1205 1298 1245 apprehensas

337 1251 507 1286 interfecit,
538 1248 727 1280 fortitudine
760 1259 837 1280 sane
861 1259 992 1289 prorsus
1016 1248 1125 1279 divina
1150 1258 1214 1278 non
1238 1247 1298 1278 hu-

337 1304 444 1330 mana,
468 1293 590 1324 dictum
613 1296 691 1328 esto,
716 1299 916 1323 transeamus
935 1292 974 1323 ad
995 1291 1089 1322 aliam
1109 1291 1297 1327 doctrinam,
1324 1314 1326 1332 ;

339 1343 371 1369 et
394 1337 446 1368 bic
470 1334 674 1366 attendamus
697 1334 942 1365 similitudinem
976 1334 1060 1365 inter
1083 1333 1243 1365 Davidem
1267 1338 1299 1364 et

339 1423 442 1455 filium
457 1422 516 1452 Dei
537 1430 606 1452 sese
626 1423 787 1460 pastorem
808 1424 951 1451 nostrum
973 1420 1086 1458 dicere,
1108 1429 1144 1450 ac
1166 1419 1300 1459 proinde

339 1476 400 1497 1105
423 1465 545 1496 hortari
571 1468 606 1493 ut
629 1462 887 1502 quandoquidem
913 1469 1040 1494 nostrae
1059 1463 1170 1494 salutis
1189 1473 1300 1493 curam

340 1509 425 1550 gerit
457 1507 545 1538 omni
579 1510 666 1536 metu
700 1505 882 1537 liberemur.
940 1505 1026 1544 Quid
1059 1505 1124 1536 ita?
1177 1505 1300 1545 Nempe

342 1551 493 1592 quoniam
523 1557 615 1588 pater
648 1558 705 1579 nos
736 1548 837 1588 ipsius
871 1548 990 1580 tutelae
1020 1549 1187 1585 commisit,
1211 1549 1302 1579 cuius

341 1593 496 1626 fortitudo
526 1592 620 1630 louge
652 1592 797 1622 omnium
829 1601 937 1622 rerum
971 1598 1150 1622 creatarum
1180 1590 1303 1622 viribus

342 1637 443 1668 maior
478 1640 534 1666 est.
580 1633 652 1666 Hoc
687 1644 763 1674 ergo
798 1633 1008 1665 fundamento
1044 1634 1160 1665 fiducia
1194 1639 1303 1665 nostra

343 1680 474 1715 nititur,
509 1678 577 1708 foro
613 1683 647 1707 ut
677 1676 937 1716 quandoquidem
969 1677 1003 1708 in
1035 1677 1168 1708 Domini
1201 1678 1302 1708 nostri

342 1722 416 1753 Iesu
441 1720 563 1752 Christi
599 1719 731 1751 tutelam
761 1724 792 1750 ct
820 1719 1013 1759 praesidium
1037 1729 1055 1750 a
1078 1726 1169 1759 patre
1192 1730 1304 1751 sumus

343 1764 463 1801 traditi,
498 1763 634 1803 pastoris
668 1762 808 1794 officium
842 1762 953 1799 faciat,
988 1774 1109 1802 nosque
1143 1763 1175 1793 in
1210 1773 1303 1794 50001

343 1817 474 1848 gregem
516 1811 661 1845 receptos
699 1804 737 1835 ab
771 1805 857 1836 011101
891 1805 976 1837 111010
1010 1811 1147 1836 tucatur.

345 1860 409 1881 non
434 1848 565 1880 dubium
585 1853 635 1879 est·
653 1847 729 1888 quin
749 1857 862 1878 01111105
881 1855 1006 1880 nostros
1027 1848 1134 1879 hostes
1146 1849 1303 1889 profliget,

344 1890 606 1933 quandoquidem
637 1901 655 1921 a
684 1896 774 1930 patre
804 1896 994 1930 potestatem
1026 1899 1056 1922 et
1084 1891 1304 1922 fortitudinem

343 1935 431 1967 illam
464 1933 595 1974 accepit,
625 1943 706 1973 quae
736 1932 774 1964 do
806 1934 941 1966 victoria
972 1933 1118 1965 dubitare
1149 1944 1208 1965 nos
1241 1945 1304 1965 11οο

347 2064 489 2104 recipere
531 2062 635 2093 visum
669 2066 726 2093 est.
783 2061 853 2093 Hoc
886 2062 920 2093 10
954 2061 1081 2094 Davide
1122 2063 1306 2102 figuratum,

347 2118 446 2147 quum
471 2116 584 2146 greges
607 2114 683 2135 5005
705 2104 885 2142 custodivit,
916 2110 947 2137 et
970 2116 988 2136 a
1010 2105 1139 2136 leonum
1163 2112 1194 2135 et
1218 2116 1307 2136 urso·
1332 2127 1333 2131 ,

348 2160 420 2181 rum
445 2148 590 2180 faucibus
614 2146 764 2184 defendit,
790 2152 824 2178 ut
846 2147 921 2179 licet
944 2148 1069 2179 iuvenis
1091 2153 1123 2179 et
1141 2148 1308 2188 pecuarius
1332 2146 1333 2151 ¹

349 2204 367 2224 a
399 2193 537 2223 Domino
573 2197 681 2221 tamen
718 2189 899 2221 admirabili
935 2191 1054 2222 virtute
1087 2190 1226 2222 donatus
1256 2191 1306 2222 sit.

350 2235 436 2274 Quid
465 2244 542 2274 ergo
573 2233 664 2264 nobis
694 2232 890 2272 sperandum
920 2238 978 2271 est,
1001 2244 1101 2274 quum
1132 2233 1171 2264 ad
1202 2233 1307 2273 ipsum

350 2278 412 2309 Dei
427 2277 565 2308 viventis
579 2276 680 2306 lilium
695 2276 873 2307 Dominum
894 2282 1037 2308 nostrum
1056 2276 1307 2308 accesserimus?

350 2321 461 2360 Neque
485 2320 570 2351 enim
595 2324 722 2349 tautum
747 2318 875 2359 Davidi,
899 2319 954 2359 qui
978 2319 1045 2350 eius
1069 2319 1174 2360 figura
1195 2319 1255 2349 fuit
1278 2323 1310 2350 et

350 2364 466 2403 imago,
491 2362 604 2393 similis
627 2369 692 2392 est:
715 2361 770 2392 sed
794 2372 921 2392 omnem
946 2362 1098 2393 virtutem
1121 2368 1152 2393 et
1175 2361 1308 2400 gloriam

351 2407 453 2447 patris
485 2405 580 2436 habet
609 2405 641 2435 iu
672 2415 714 2441 se,
749 2415 844 2443 quam
880 2405 943 2435 iam
978 2409 1053 2436 anto
1086 2404 1197 2435 mundi
1227 2405 1310 2435 iacta

352 2450 561 2480 fundamenta
590 2447 782 2487 possidebat.
827 2447 1097 2487 Quandoquidem
1128 2447 1226 2488 igitur
1256 2446 1310 2478 ille

351 2504 384 2523 50
408 2497 568 2532 pastorem
593 2497 737 2521 nostrum
762 2489 847 2529 dicit,
871 2501 992 2530 uosque
1010 2491 1043 2521 in
1067 2499 1158 2521 suam
1177 2489 1310 2521 tutelam

353 2542 384 2566 et
407 2533 601 2574 praesidium
627 2533 748 2572 recipit,
780 2543 820 2563 ne
850 2540 1032 2564 metuamus
1054 2533 1132 2573 quin
1156 2533 1224 2564 01115
1247 2532 1310 2563 for·

355 2577 457 2608 titudo
488 2583 520 2608 et
550 2575 691 2615 potentia
720 2575 762 2606 sit
786 2575 880 2616 longe
903 2577 1048 2615 superior
1071 2576 1148 2616 ipsis
1170 2574 1311 2607 diabolo-

355 2631 427 2650 rum
458 2619 587 2658 viribus‚
618 2629 715 2658 quum
748 2617 902 2650 adversus
928 2629 986 2650 nos
1008 2619 1254 2654 insurrexerint,
1278 2621 1310 2648 et

355 2663 446 2693 varia
469 2662 603 2694 consilia
626 2661 795 2702 agitarint:
826 2666 858 2693 et
880 2661 957 2702 quin
981 2672 1039 2694 nos
1062 2661 1219 2693 adversus
1241 2670 1310 2692 om-

1202 1806 1304 1836 Porro
1330 1831 1331 1834 ,

2247 211 2311 244 220

1317 345 1318 349 ¹
1345 315 1401 336 nes
1422 303 1569 335 inimicos
1591 308 1747 344 protegat,
1775 315 1875 345 quum
1898 304 2020 335 rabiem
2043 314 2134 335 suam
2157 308 2191 335 et
2215 305 2304 336 virus

1344 347 1564 384 evomuerint,
1597 352 1628 377 et
1657 346 1726 378 dira
1756 357 1902 387 quaeque
1943 352 1976 378 et
2017 346 2180 378 horrenda
2214 347 2305 379 nobis

1318 424 1319 435 ἵ
1344 389 1573 420 minabuntur:
1597 389 1854 430 quandoquidem
1875 390 1933 420 boc
1952 390 2124 430 privilegio
2137 389 2307 428 donamur,

1345 438 1381 463 ut
1404 433 1435 463 in
1460 432 1545 463 unici
1569 431 1626 462 filii
1649 430 1711 463 Dei
1742 432 1899 473 praesidio
1930 433 2041 470 simus,
2073 438 2104 463 et
2135 433 2203 472 ipse
2232 442 2307 472 pro-

1346 476 1433 506 misit
1456 485 1489 506 50
1512 484 1570 506 1105
1593 475 1626 505 111
1649 474 1747 506 finem
1771 486 1871 515 usque
1895 482 2172 512 conservaturum,
2192 480 2224 506 et.
2241 485 2308 506 om·

1346 518 1441 549 nibus
1464 523 1590 557 ereptos
1612 517 1770 557 periculis,
1800 529 1856 558 per
1885 518 1980 549 huius
2014 518 2126 549 mundi
2151 517 2253 549 maria
2275 522 2308 549 et

1346 561 1462 593 fluctus
1490 560 1624 591 feliciter
1652 559 1692 591 ad
1720 567 1848 601 portum
1877 561 2102 598 deducturum,
2136 559 2236 592 donec
2265 559 2307 592 ad

1347 609 1494 677 ppt-atum
1517 607 1668 634 aeternae
1689 604 1804 643 quietis
1823 612 1855 635 et
1879 604 2040 635 felicitatis
2058 609 2188 644 portum
2207 613 2309 644 appu-

1359 657 1488 678 erimus.

1430 689 1502 720 Iam
1527 697 1602 720 vero
1627 688 1714 730 agite
1735 691 1785 721 etc.

1612 860 1859 900 HOMILtA
1883 860 2034 900 LXIII.

1431 945 1481 977 38.
1506 944 1549 976 Et
1583 944 1686 976 induit
1717 944 1793 976 Saul
1826 945 1930 977 David
1962 945 2145 977 vestimentis
2170 945 2248 986 suis,
2281 948 2309 977 et

1346 989 1492 1029 imposuit
1513 988 1635 1029 yoleam
1657 998 1778 1019 aeream
1799 999 1892 1027 super
1913 992 2005 1028 caput
2033 989 2108 1025 eius,
2139 990 2166 1019 et
2187 988 2307 1020 vestivit

1347 1042 1417 1064 eum
1447 1031 1551 1062 lorica.
1597 1030 1647 1061 39.
1678 1031 1840 1062 Accinctus
1870 1041 1939 1072 erqo
1971 1031 2077 1063 David
2104 1030 2210 1071 yladio
2240 1031 2308 1062 eius

1347 1085 1443 1116 super
1465 1077 1575 1105 vestem
1597 1083 1698 1112 suam,
1726 1075 1821 1113 coepit
1843 1076 1959 1105 tentare
1984 1075 2013 1105 si
2039 1077 2181 1105 armatus
2204 1075 2312 1113 posset

1349 1118 1494 1155 incedere,
1530 1126 1587 1147 non
1620 1116 1701 1147 enim
1733 1116 1858 1148 habebat
1885 1117 2143 1155 eonsuetudirwm,
2173 1116 2312 1156 dixitque

1350 1160 1460 1192 David
1482 1160 1523 1191 ad
1547 1159 1641 1191 Saul:
1664 1158 1737 1190 Non
1754 1169 1883 1199 possum
1904 1161 1950 1191 sic
1974 1160 2116 1196 incedere,
2149 1159 2225 1199 quia
2247 1169 2310 1191 non

1350 1213 1441 1235 usum
1452 1203 1554 1241 liabeo,
1572 1205 1599 1234 et
1616 1202 1754 1242 deposuit
1765 1213 1808 1233 ea.
1841 1202 1892 1234 40.
1913 1202 1956 1234 Et
1967 1203 2037 1233 tulit
2056 1202 2314 1243 baculumsuum‚

1352 1256 1440 1286 quem
1461 1255 1579 1286 semper
1601 1244 1726 1276 habebat
1748 1245 1781 1276 iu
1803 1245 1954 1283 manibus,
1983 1248 2009 1276 et
2031 1246 2116 1285 elegit
2138 1245 2200 1276 sibi
2223 1245 2315 1284 quin-

1352 1300 1409 1330 que
1432 1289 1668 1328 limpidissimos
1690 1288 1809 1327 lapides
1830 1288 1867 1320 de
1888 1291 2028 1326 torrente,
2053 1292 2081 1319 et
2103 1288 2189 1319 misit
2210 1297 2259 1319 eos
2281 1288 2316 1319 in

1324 1335 1326 1364 ,ἲ
1346 1342 1457 1372 peram
1480 1331 1669 1371 pastoralem
1698 1341 1790 1371 quam
1819 1330 1942 1362 habebat
1970 1341 2089 1369 secum,
2123 1333 2149 1362 et
2180 1330 2316 1370 fundam

338 1380 518 1411 Dominum
537 1382 685 1408 nostrum
698 1376 805 1408 Iesum
825 1377 1002 1409 Christum.
1039 1376 1124 1408 Sane
1148 1377 1299 1408 docemur
1324 1376 1325 1379 ’

1351 1386 1447 1407 manu
1458 1375 1545 1406 tulit.-
1563 1377 1588 1405 et
1600 1374 1749 1413 processit
1761 1373 1923 1405 adversum
1935 1373 2152 1405 Plzilistaeum.
2176 1374 2227 1405 41.
2241 1373 2317 1404 Ibat

1352 1417 1659 1450 autemPlzilistaeus
1674 1417 1816 1449 incedens
1838 1419 1866 1448 et
1887 1418 2145 1457 appropinquans
2166 1417 2315 1448 adversus

1352 1461 1472 1501 David,
1497 1462 1522 1491 et
1553 1460 1688 1500 armiyer
1710 1460 1776 1491 eius
1798 1462 1866 1490 ante
1888 1470 1964 1490 eum.
2009 1460 2060 1490 42.
2087 1460 2246 1499 Quumque
2268 1459 2316 1490 in-

1326 1538 1328 1547 ,
1352 1505 1502 1543 spexisset
1520 1502 1722 1541 Plcilistaeus,
1745 1505 1773 1533 et
1790 1503 1916 1534 vidisset
1933 1502 2050 1539 David,
2074 1502 2214 1542 despeoeit
2235 1511 2314 1534 eum.

1355 1547 1437 1578 Erat
1468 1549 1570 1578 autem
1604 1545 1777 1577 adolescens
1803 1546 1913 1585 rufus,
1948 1548 1977 1576 et
2000 1545 2129 1584 pulcher
2161 1545 2314 1585 adspectu.

1354 1590 1404 1621 43.
1435 1589 1478 1621 Et
1506 1589 1588 1620 dixit
1616 1588 1808 1620 Plcilistaeus
1837 1589 1878 1620 ad
1906 1588 2014 1619 David
2022 1601 2030 1619 .·
2066 1588 2229 1628 Numquid
2261 1597 2316 1628 eqo

1355 1633 1442 1664 canis
1464 1642 1542 1670 sum,
1573 1631 1653 1671 quod
1682 1633 1714 1662 tu
1742 1631 1828 1662 venis
1856 1631 1897 1663 acl
1926 1641 1972 1662 me
2002 1641 2070 1662 cum
2093 1631 2228 1662 baculo?
2273 1630 2318 1662 Et

1355 1676 1517 1707 maledixit
1539 1674 1730 1706 Pleilistaeus
1747 1673 1853 1705 David
1871 1674 1903 1705 in
1923 1674 1986 1705 diis
2008 1675 2085 1705 suis.
2131 1674 2182 1704 44.
2206 1673 2316 1705 Dixit-

1328 1741 1330 1756 ,1
1355 1730 1412 1758 que
1433 1719 1475 1750 ad
1498 1718 1622 1749 David:
1659 1717 1734 1748 Veni
1756 1717 1797 1748 od
1819 1727 1873 1755 me,
1897 1720 1925 1748 et
1946 1716 2023 1748 dabo
2046 1727 2153 1748 carnes
2174 1719 2247 1748 tuas
2269 1726 2318 1748 vo-

1357 1762 1496 1794 latilibus
1518 1760 1591 1792 coeli
1613 1762 1638 1792 et
1661 1759 1764 1792 bestiis
1784 1762 1893 1791 terrae.
1931 1759 1981 1791 45.
2006 1759 2100 1791 Dixit
2123 1762 2224 1791 autem
2246 1759 2318 1792 Da-

1355 1806 1408 1836 vid
1431 1805 1473 1836 acl
1496 1804 1718 1835 Pleilistaeum:
1753 1802 1802 1834 Tu
1830 1803 1915 1834 venis
1937 1803 1979 1834 αιῑ
2001 1813 2048 1833 me
2070 1813 2138 1835 cum
2158 1802 2265 1843 yladio
2289 1804 2318 1834 et

1355 1848 1445 1879 hasta
1475 1850 1502 1878 et
1528 1846 1643 1886 clypeo:
1681 1855 1733 1887 eqo
1763 1848 1863 1877 autem
1893 1846 1979 1876 venio
2007 1846 2048 1876 ad
2079 1848 2105 1876 te
2133 1846 2167 1876 in
2196 1846 2318 1877 nomine

1356 1890 1487 1923 Domini
1509 1890 1705 1928 exercituum,
1728 1888 1791 1920 Dei
1812 1889 1970 1929 eyminum
1995 1888 2107 1929 Israel,
2129 1888 2242 1928 quibus
2263 1898 2318 1920 ex-

1330 1969 1331 1975 ,
1353 1933 1522 1973 probra-sti.

345 1979 440 2017 siuat,
464 1983 494 2008 et
517 1986 645 2007 ornnem
670 1981 792 2007 metum
815 1976 936 2007 adimat
958 1986 1060 2008 noxae
1083 1976 1122 2008 ab
1142 1976 1214 2008 ullis
1234 1977 1304 2008 hos·
1330 1978 1331 1987 ¹

346 2021 441 2060 tibus,
470 2018 730 2060 quandoquidem
754 2018 824 2050 Deo
855 2030 913 2051 1105
945 2020 976 2050 in
1007 2030 1100 2051 suam
1123 2019 1305 2051 clientelam
1331 2019 1333 2026 ⁴

1442 2019 1607 2050 Hesterna
1639 2018 1790 2050 concione
1818 2017 1982 2058 coepimus
2011 2016 2123 2049 docere
2157 2015 2318 2057 quomodo

1360 2061 1467 2093 David
1491 2061 1573 2093 nihil
1596 2071 1699 2101 neque
1721 2060 1790 2099 sibi,
1814 2071 1916 2100 neque
1939 2060 2006 2092 suis
2029 2060 2152 2091 viribus
2175 2066 2231 2091 aut
2254 2060 2319 2091 vir·

1360 2105 1421 2136 tuti
1445 2104 1600 2143 tribuens,
1630 2105 1664 2135 in
1687 2104 1782 2135 unius
1804 2102 1867 2134 Dei
1891 2103 2033 2134 bonitate
2063 2103 2258 2143 conquievit,
2286 2106 2321 2134 et

1360 2148 1459 2187 ipsius
1493 2147 1654 2188 praesidio
1689 2151 1778 2178 tutus
1807 2147 1879 2177 fuit.
1923 2146 1968 2177 Et
2000 2146 2044 2176 ita
2073 2156 2132 2177 nos
2162 2145 2255 2177 docet
2278 2145 2320 2177 D.

1360 2191 1483 2222 Paulus
1513 2201 1571 2221 suo
1602 2190 1749 2230 exemplo
1774 2188 1934 2221 confidere
1957 2199 2019 2220 non
2045 2188 2162 2220 nostris
2186 2188 2319 2226 viribus,

1361 2233 1415 2265 sed
1438 2234 1506 2264 eius
1528 2233 1691 2272 potentiae
1714 2232 1769 2272 qui
1798 2232 1905 2263 omnia
1928 2238 2048 2272 potest:
2080 2232 2173 2268 Nam,
2203 2231 2321 2271 inquit,

1360 2277 1463 2308 omnia
1489 2276 1573 2307 valeo
1596 2286 1656 2316 per
1689 2274 1844 2307 Christum
1870 2275 1925 2315 qui
1953 2285 1999 2306 me
2031 2274 2215 2306 corroborat.
2267 2273 2321 2306 Ita

1361 2318 1469 2350 David
1492 2329 1601 2350 rerum
1625 2319 1871 2359 praeteritarum
1901 2317 2102 2358 experientia
2130 2316 2243 2349 doctus
2266 2327 2322 2357 po-

1362 2367 1444 2393 terat
1466 2362 1526 2393 sibi
1550 2361 1696 2393 divinum
1719 2361 1874 2392 auxilium
1897 2366 1984 2392 certo
2007 2360 2150 2400 polliceri
2173 2366 2320 2400 tempore

1362 2410 1539 2444 opportuno
1573 2404 1780 2441 adfuturumz,
1819 2413 1892 2435 nam
1927 2402 2185 2443 quandoquidem
2221 2412 2321 2442 expe-

1361 2447 1477 2478 rientia
1506 2447 1682 2478 multorum
1714 2446 1837 2478 dierum
1868 2445 2124 2477 benevolentiam
2151 2445 2212 2477 Dei
2241 2454 2321 2486 erga.

1362 2500 1394 2520 50
1426 2491 1528 2520 suerat
1557 2494 1718 2531 expertus,
1749 2489 1882 2521 eandem
1914 2499 1977 2520 nou
2002 2489 2058 2520 abs
2081 2499 2114 2520 re
2138 2489 2171 2519 in
2196 2499 2230 2520 re
2253 2493 2321 2519 tam

1361 2538 1471 2564 sancta
1494 2534 1651 2572 sperabat.
1698 2534 1805 2572 Atque
1828 2531 1938 2572 procul
1969 2531 2064 2563 dubio
2091 2540 2218 2563 summa
2239 2531 2320 2562 haec

1362 2582 1409 2607 est
1434 2583 1543 2606 nostra
1565 2576 1731 2616 sapientia,
1751 2585 1850 2616 quum
1868 2574 1902 2605 in
1922 2575 2067 2612 angustis
2086 2579 2117 2606 et
2137 2573 2322 2606 difficilibus

1362 2618 1466 2655 rebus,
1485 2626 1514 2648 ct
1539 2620 1657 2651 nostris
1675 2617 1908 2656 afflictionibus,
1927 2616 1988 2648 Dei
2009 2618 2147 2658 pristina
2165 2617 2322 2649 beneficia

1363 2671 1530 2701 possumus
1568 2662 1600 2693 in
1635 2661 1822 2694 memoriam
1856 2670 2015 2692 revocare.
2068 2661 2162 2700 Nam,
2193 2668 2322 2700 quaeso,
