2551 3044
232 197 294 228 249

235 291 298 322 Dei
329 291 460 322 consilio
491 291 609 321 sactum
640 294 677 321 ut
706 301 742 321 eo
773 295 966 331 portaretur.

233 344 291 373 per
322 334 580 373 anticipationem
614 333 672 365 hoe
703 333 822 364 dictum
848 332 992 368 velimus,
1027 338 1062 363 ut
1085 332 1191 371 aliquo
1217 359 1218 363 ,

234 376 301 407 1060
332 377 374 407 sit
397 376 542 407 Goliathi
572 382 668 415 caput
691 376 838 415 positum,
869 375 953 406 unde
979 376 1020 406 sit
1043 374 1192 413 deinceps

235 419 497 459 Hierosolymam
529 418 681 449 delatum.
705 418 767 450 Sed
785 429 866 458 quae
890 418 928 447 de
952 417 1057 458 gladio
1081 418 1190 448 dicun-

235 466 297 497 tur,
317 462 401 491 inter
413 472 446 492 sc
466 461 619 491 videntur
638 472 702 491 non
724 461 904 498 convenire,
925 460 1062 500 positum
1077 470 1191 498 nempe

235 504 268 534 111
292 505 391 543 ipsius
416 504 630 543 tabernaculo,
662 514 754 543 quem
786 504 932 542 deinceps
959 502 1135 534 videbimus
1159 502 1189 532 in
1217 533 1218 548 ἢ

235 546 419 578 sanctuario
433 547 621 585 repositum,
645 557 743 586 prope
763 556 852 577 sacra
871 546 1060 577 vestimenta
1076 544 1191 584 quibus

235 599 380 620 summus
413 589 557 627 pontifex
590 588 658 620 Deo
691 589 838 620 victimas
872 588 1037 620 oblaturus
1070 587 1192 618 solebat

234 631 358 662 vestiri.
407 631 454 661 Dc
478 631 623 662 Goliathi
647 633 749 671 eapite
773 631 939 662 virisimile
966 637 1013 661 est
1036 630 1191 661 aDavide

234 673 332 704 fuisse
364 679 536 712 portatum,
569 684 632 704 non
664 679 788 704 tantum
820 679 855 704 ut
883 675 935 713 qui
960 674 990 704 in
1016 674 1118 713 patria
1140 683 1190 703 re-

233 722 422 746 manserant
445 717 483 746 ad
516 715 633 747 bellum
667 727 729 747 nou
755 717 885 755 profecti
907 717 1189 747 confirmarentur:

233 758 288 789 sed
314 764 347 789 ut
370 758 488 797 singuli
515 758 553 788 ad
577 760 643 789 Deo
667 759 786 798 gratias
810 759 950 797 agendas
974 761 1191 789 excitarent-ur

233 800 272 831 de
296 806 383 831 tanto
408 807 535 840 accepto
560 802 720 838 beneficio,
745 809 808 831 tani
830 807 921 841 turpe
934 807 1030 841 caput
1049 800 1192 841 gigantis
1217 828 1218 839 ,

232 844 406 879 intuentes,
431 845 484 882 qui
508 854 603 883 quam
627 844 777 874 immanis
801 849 832 874 et
851 845 967 874 efferus
985 845 1078 874 fuerit
1100 844 1192 874 vivus
1217 866 1218 887 3

232 886 283 918 vel
309 897 348 916 ex
373 887 440 925 ipso
465 886 569 925 capite
592 892 757 926 amputato
776 892 938 926 appareat,
962 887 1043 926 quod
1064 887 1191 916 intuen—

232 929 317 960 tibus
342 928 505 959 horrorem
530 928 635 959 adhuc
657 929 826 959 incuteret.
872 930 975 960 Tanto
1002 929 1102 968 igitur
1125 939 1191 959 ma-

232 971 282 1012 gis
306 971 456 1010 populum
481 971 519 1001 ad
544 972 664 1010 gratias
686 970 756 1001 Dee
780 971 920 1011 agendas
943 972 1108 1011 oportebat
1138 981 1191 1002 ex·

234 1014 336 1050 citari,
360 1024 420 1053 quo
444 1014 502 1044 fuit
525 1014 593 1044 eius
615 1013 801 1045 beneficium
822 1014 989 1049 illustrius„
1015 1014 1110 1045 nullis
1131 1013 1192 1044 hu-

234 1057 338 1087 manis
369 1055 490 1087 viribus
521 1064 713 1095 promotum,
748 1056 802 1086 sed
832 1057 900 1088 sola
928 1057 1029 1096 ipsius
1063 1058 1192 1087 virtute.

233 1098 284 1130 De
314 1099 421 1139 gladio
452 1109 528 1129 vero
557 1109 650 1137 quem
681 1099 731 1129 hic
762 1099 906 1139 posuisse
929 1100 962 1130 in
986 1099 1193 1130 tabernaculo

235 1151 294 1172 suo
329 1141 454 1179 dieitur,
488 1146 519 1171 et
552 1142 627 1172 alibi
657 1142 689 1172 in
722 1144 913 1178 sanctuario,
949 1142 1122 1173 verisimile
1145 1148 1193 1173 est

235 1183 368 1215 Saulem
403 1183 555 1214 adhibitis
580 1185 610 1214 in
652 1184 819 1215 consilium
861 1184 993 1216 ducibus
1031 1185 1192 1216 censuisse

232 1225 304 1257 Deo
327 1237 397 1257 esse
420 1225 590 1257 dicandum
617 1233 647 1257 et
671 1227 932 1258 consecrandum.
977 1228 1022 1258 Et
1049 1228 1108 1258 fuit
1137 1227 1193 1258 1116

233 1279 303 1299 mos
327 1269 487 1308 antiquus,
519 1276 550 1299 ut
582 1269 720 1300 hostium
752 1270 902 1310 insignia,
935 1270 1060 1307 vexilla,
1094 1270 1192 1311 gladii

233 1317 265 1342 et
287 1311 405 1342 similia
427 1311 460 1341 in
486 1311 614 1351 templis
637 1312 912 1351 suspenderentur
936 1319 966 1344 et
989 1312 1058 1344 Deo
1082 1323 1192 1344 conse-

231 1359 410 1390 crarentur,
433 1355 541 1394 itaque
564 1359 764 1386 testarentur
787 1356 953 1386 victoriam
974 1356 1066 1387 aDei
1089 1356 1193 1396 gratia

231 1406 389 1433 manasse,
419 1407 477 1436 pro
503 1407 565 1436 qua
588 1397 634 1428 illi
658 1398 777 1438 gratias
801 1403 943 1438 agerent.
989 1398 1095 1438 Quam
1120 1409 1192 1430 con-

231 1439 435 1470 suetudinem
461 1439 563 1470 fateor
587 1440 844 1480 superstitiosam
869 1441 974 1480 fuisse,
997 1447 1028 1472 et
1051 1442 1191 1482 plerum-

231 1491 292 1521 que
321 1483 495 1512 maximam
525 1489 648 1522 partem
680 1493 790 1514 eorum
821 1484 874 1524 qui
909 1483 1060 1525 trophaea
1082 1484 1191 1515 istius-

231 1524 319 1554 modi
343 1530 526 1562 erexerunt,
551 1525 589 1555 de
613 1525 683 1556 Deo
707 1537 771 1556 non
795 1527 960 1567 cogitasse.
996 1526 1061 1559 Sed
1084 1533 1189 1558 tamen

231 1566 305 1597 illos
317 1566 407 1598 Deus
432 1568 491 1598 hae
514 1568 639 1599 ratione
662 1568 898 1600 inexcusabiles
922 1569 1068 1600 reddidit.
1108 1570 1190 1601 Nam

232 1609 317 1649 quod
353 1611 466 1641 erectis
500 1611 663 1651 trophaeis
697 1622 765 1642 sese
799 1611 1067 1652 magnifecerunt,
1103 1613 1191 1644 Deus

231 1652 340 1693 palam
364 1652 436 1684 fecit
458 1653 546 1693 ipsos
569 1654 651 1693 quod
671 1653 732 1684 Dei
752 1655 916 1694 proprium
937 1660 985 1686 est
1003 1665 1190 1695 usurpasse:

232 1705 337 1734 neque
359 1695 432 1726 aliis
456 1695 592 1727 testibus
612 1696 760 1727 convinci
779 1697 850 1728 11105
868 1699 1019 1737 oportuit.
1043 1698 1191 1738 Denique

232 1737 319 1769 istud
343 1748 469 1778 semper
493 1738 554 1769 fuit
577 1739 694 1770 animis
724 1739 891 1770 hominum
920 1741 1126 1780 insculptum,
1156 1747 1192 1772 ut

232 1781 265 1811 in
302 1781 431 1821 templis
464 1782 620 1821 trophaea
651 1781 895 1822 suspenderent.
950 1782 1082 1814 Saulem
1116 1794 1192 1815 vero

232 1823 295 1854 alia
318 1829 426 1854 mente
448 1823 562 1855 fecisse
586 1824 738 1864 possibile
762 1830 824 1856 est:
849 1836 924 1857 nam
947 1831 982 1857 ut
1004 1826 1098 1866 paulo
1121 1831 1192 1867 post

229 1866 418 1905 videbimus,
442 1867 495 1898 ubi
519 1868 659 1907 primum
673 1867 810 1899 Davidis
832 1868 943 1900 laudes
961 1869 1083 1900 audivit
1101 1880 1191 1910 prae-

230 1908 331 1940 dicari
344 1908 551 1940 vehementer
564 1910 696 1941 affectus
710 1915 757 1940 est
770 1915 801 1940 et
814 1921 908 1951 aegre
923 1911 1092 1943 admodum
1107 1912 1190 1943 tulit.

231 1950 341 1990 Quare
365 1952 539 1983 verisimile
559 1960 605 1984 est
626 1953 828 1994 indignatum
844 1953 974 1985 Saulem
994 1955 1020 1986 si
1042 1956 1190 1993 rusticus,

230 1995 256 2026 si
291 1994 389 2034 opilio
417 1996 571 2026 retineret
602 1995 686 2026 domi
717 1996 860 2036 gladium
890 1997 950 2028 viri
982 1998 1072 2029 fortis
1096 2008 1188 2037 quem

229 2037 404 2075 cecidisset,
440 2043 471 2068 et
505 2037 699 2078 gloriaretur
729 2049 762 2069 se
793 2039 908 2079 populo
940 2039 1033 2072 rebus
1063 2041 1190 2072 afflictis

228 2090 381 2121 magnam
414 2080 551 2112 salutem
586 2081 747 2112 attulisse:
783 2083 989 2121 quamobrem
1023 2093 1087 2114 non
1122 2094 1217 2114 esse·

1215 2126 1313 2170 {licet
1337 2125 1417 2157 Saul
1452 2132 1483 2157 et
1510 2125 1620 2156 Abner
1653 2124 1813 2156 Davidem
1848 2129 1977 2163 possent
2011 2136 2197 2165 agnoscere,

230 2122 279 2153 illi
302 2123 445 2163 gladium
468 2123 565 2154 istum
589 2123 849 2163 relinquendum.
897 2124 960 2157 Sed
985 2126 1010 2157 si
1034 2126 1102 2166 ipse
1125 2126 1190 2166 gla-

230 2164 318 2196 dium
343 2166 526 2205 accepisset,
551 2166 635 2197 domi
658 2167 863 2204 servandum,
887 2178 920 2198 se
940 2168 1107 2200 ridendum
1126 2179 1190 2200 om-

229 2207 324 2239 nibus
348 2208 558 2245 exhibuisset,
582 2215 613 2240 et
635 2208 673 2239 de
697 2220 755 2240 sua
774 2210 876 2249 ipsius
894 2211 995 2251 gloria
1013 2211 1188 2251 plurimum

230 2249 432 2281 detraxisset.
478 2251 561 2282 Nam
601 2252 696 2282 etiam
735 2252 883 2283 audiebat
912 2253 1048 2286 Davidis
1078 2255 1189 2285 laudes

229 2303 248 2323 a
260 2293 448 2324 mulieribus
461 2300 493 2324 61
506 2294 686 2334 virginibus
699 2295 805 2334 palam
819 2295 1009 2335 deccantari,
1028 2296 1189 2328 Davidem

229 2335 339 2366 decem
362 2336 464 2367 millia
487 2336 695 2373 interfecisse,
721 2336 850 2368 Saulem
864 2349 938 2370 vero
951 2339 1047 2372 mille.
1078 2340 1190 2371 Pudor

228 2377 331 2418 igitur
366 2378 457 2409 illum
491 2379 627 2410 retinuit
660 2380 829 2419 quominus
863 2391 952 2413 arma
975 2383 1121 2414 Goliathi
1155 2383 1188 2413 in

229 2419 360 2451 domum
385 2431 474 2452 suam
499 2422 649 2453 inferret:
674 2422 728 2453 sed
748 2423 889 2462 specioso
908 2430 1077 2465 praetextu
1097 2426 1190 2457 iussit

228 2463 261 2493 in
296 2464 480 2495 sanctuario
511 2465 632 2504 reponi,
668 2464 707 2495 ad
739 2465 842 2496 divini
873 2468 1011 2500 nominis
1042 2468 1188 2509 gloriam.

228 2504 298 2536 Nae
329 2506 496 2546 religionis
523 2506 555 2537 in
582 2506 679 2538 Saule
706 2508 861 2547 quaedam
890 2516 1021 2551 apparet
1051 2512 1188 2552 species:

228 2548 284 2580 sed
316 2548 404 2580 intus
433 2549 505 2580 odio
533 2555 565 2580 et
593 2549 715 2581 invidia
738 2550 863 2582 davidis
896 2554 1067 2585 urebatur:
1098 2555 1190 2585 euius

228 2591 255 2622 si
278 2596 386 2631 posset
409 2591 544 2632 gloriam
568 2593 716 2633 tantique
734 2593 882 2626 facinoris
901 2598 1097 2636 memoriam,
1122 2607 1191 2637 per-

227 2639 326 2674 petua
348 2633 508 2666 oblivione
532 2634 638 2667 delere
661 2641 802 2676 cuperet.
847 2637 1080 2671 Verumtamen
1101 2640 1190 2671 Deus

874 196 920 227 IN
945 196 968 227 Ι.
993 196 1081 228 LIB.
1105 195 1303 227 SAMUEL.
1328 197 1424 227 cAt‘.
1451 197 1560 227 XVII.

2138 199 2201 230 250

1015 290 1084 321 Nisi
1110 291 1191 319 forte
1217 302 1218 330 1
1245 289 1453 320 nihilominus
1487 301 1579 321 suum
1615 302 1694 331 opus
1725 291 1873 331 perfecit,
1908 291 2131 332 Davidemque
2154 293 2200 323 sic

1245 343 1301 363 sua
1324 333 1526 372 providentia
1551 334 1636 372 fovit,
1667 339 1701 365 ut
1732 335 1805 365 licet
1835 335 1982 374 adempto
2006 335 2111 375 gladio
2135 345 2198 366 non

1245 376 1351 405 minus
1374 380 1481 405 tamen
1507 376 1538 405 in
1564 376 1624 407 Dci
1648 377 1749 407 tutela
1772 378 1876 413 fuerit,
1901 383 1932 408 et
1954 378 2056 408 maior
2079 378 2125 408 illi
2150 388 2200 408 re-

1244 422 1371 448 servata
1399 417 1439 447 sit
1470 419 1590 449 occasio
1621 419 1675 449 illo
1703 420 1815 450 utendi
1846 431 1939 459 quam
1965 421 1989 451 si
2013 421 2098 451 domi
2122 430 2200 451 suae

1244 460 1436 490 retinuisset.
1472 460 1554 491 Nam
1579 466 1613 491 ut
1633 462 1780 501 deinceps
1799 463 1985 498 videbimus,
2010 473 2109 502 quum
2131 463 2200 494 sine

1244 503 1342 533 armis
1361 513 1377 532 e
1392 501 1498 533 Saulis
1523 511 1693 543 conspectu
1718 505 1860 545 fugisset,
1884 511 1915 535 et
1938 505 1976 535 ad
2001 505 2198 536 sacerdotem

1244 546 1393 581 venisset,
1423 555 1577 584 quaerens
1607 557 1681 577 num
1713 548 1850 586 aliquem
1879 547 2022 588 gladium
2056 548 2198 586 haberet,

1243 588 1370 618 oblatus
1394 592 1442 618 est
1466 588 1524 627 ipsi
1549 588 1691 620 Goliathi
1716 601 1808 629 quem
1834 590 2039 621 interfecerat
2062 590 2197 630 gladius.

1244 630 1383 661 Paratus
1413 630 1518 669 itaque
1549 637 1579 661 et
1609 635 1790 664 reservatus
1820 633 1852 663 in
1882 643 1954 663 eum
1986 643 2077 663 usum
2102 634 2200 664 fuisse

1244 673 1377 709 videtur,
1409 673 1675 711 quemadmodum
1705 686 1780 705 saue
1807 685 1870 706 non
1896 681 1941 706 est
1967 675 2099 706 dubium
2122 678 2198 715 quin

1243 714 1353 745 divina
1384 716 1584 754 providentia
1614 717 1690 748 haee
1721 719 1827 748 omnia
1855 719 1899 748 ita
1929 725 2018 757 gesta
2048 719 2129 749 sint:
2164 723 2201 749 ut

1244 757 1351 788 David
1374 759 1537 798 profugus,
1560 766 1590 789 et
1613 760 1646 789 in
1670 760 1772 790 aliena
1796 761 1925 799 regione
1945 762 2145 800 peregrinus,
2169 768 2199 791 et

1244 800 1338 831 rebus
1360 801 1509 831 omnibus,
1538 801 1718 842 destitutus,
1748 803 1859 833 saltem
1892 804 1933 834 ibi
1964 803 2105 844 gladium
2137 814 2200 843 quo

1245 854 1277 873 56
1302 848 1448 873 tueretur
1471 844 1638 875 inveniret.
1675 845 1725 875 Ex
1748 856 1810 884 quo
1831 850 1963 884 apparet
1982 846 2199 886 improborum

1245 886 1410 916 hominum
1437 887 1567 917 consilia
1592 898 1653 917 non
1673 888 1710 917 ad
1732 898 1802 918 euni
1827 890 1922 918 finem
1947 889 1985 919 ad
2010 899 2102 928 quem
2128 889 2201 920 diri-

1245 928 1413 969 gebantur,
1444 928 1498 959 sed
1529 939 1621 969 saepe
1652 941 1781 969 prorsus
1804 932 1998 962 eontrarium
2022 933 2200 971 pervenire,

1245 978 1277 1002 et
1306 976 1417 1002 contra
1447 971 1588 1011 ipsorum
1620 973 1801 1011 opinionem
1825 974 2003 1005 succedere.
2048 974 2200 1014 Exempli

1244 1014 1363 1055 gratia:
1396 1014 1419 1043 si
1452 1015 1532 1045 Saul
1562 1016 1718 1054 potuisset
1746 1016 1851 1046 animo
1874 1017 2030 1047 coniicere
2053 1016 2199 1048 Goliathi

1244 1057 1386 1097 gladium
1412 1056 1529 1087 Davidi
1553 1058 1756 1091 serviturum,
1787 1065 1817 1089 et
1847 1069 1918 1088 eum
1947 1070 1986 1090 ex
2017 1060 2200 1090 sanctuario

1245 1104 1423 1139 capturum,
1452 1100 1535 1129 domi
1565 1100 1654 1130 illum
1684 1100 1800 1131 habere
1831 1112 1924 1140 quam
1954 1102 1986 1132 in
2016 1103 2200 1133 sanctuario

1244 1153 1398 1182 reponere
1422 1142 1594 1174 maluisset.
1630 1142 1693 1174 Sed
1709 1144 1795 1174 Deus
1814 1149 1938 1174 mature
1959 1144 2025 1175 suis
2044 1145 2200 1185 providet,

1245 1190 1276 1216 61
1299 1195 1335 1215 ea
1358 1185 1516 1224 praesidia
1539 1185 1651 1225 quibus
1674 1192 1768 1224 egent
1790 1186 1822 1216 in
1848 1186 1906 1216 hac
1929 1188 1995 1218 vita
2018 1192 2200 1228 praeparat.

1245 1227 1354 1267 Quare
1376 1238 1474 1267 quum
1498 1227 1575 1258 Saul
1601 1228 1734 1259 Davidis
1758 1229 1941 1259 memoriam
1966 1229 2076 1261 tollere
2105 1231 2201 1270 eupit,

1246 1281 1282 1301 eo
1316 1270 1420 1310 magis
1455 1271 1616 1301 exaltatur
1643 1281 1660 1301 a
1690 1271 1837 1307 Domino,
1873 1277 1904 1302 et
1934 1272 2071 1311 ipsomet
2101 1272 2201 1304 Saule

1245 1323 1429 1353 quanquam
1456 1313 1562 1349 inscio,
1587 1314 1625 1343 ad
1649 1314 1679 1344 id
1703 1314 1806 1353 ipsum
1832 1314 2059 1353 perficiendum
2084 1317 2194 1346 utitur.

1330 1355 1397 1386 Iam
1421 1356 1459 1386 ad
1480 1356 1603 1395 reliqua
1622 1367 1790 1396 pergamus
1811 1357 1863 1387 ubi
1883 1357 1998 1387 dicitur
2010 1358 2089 1389 Saul
2109 1368 2202 1398 quac-

1245 1399 1359 1430 sivisse
1382 1409 1421 1429 ex
1446 1398 1575 1430 Abnero
1600 1400 1740 1439 principe
1763 1399 1904 1436 militiae,
1934 1400 2004 1439 quis
2034 1401 2088 1432 ille
2118 1405 2203 1432 esset

1245 1442 1380 1479 iuvenis,
1413 1446 1446 1472 et
1476 1441 1561 1472 unde
1593 1452 1693 1482 genus
1721 1441 1857 1473 duceret.
1902 1441 2069 1474 Abnerum
2095 1449 2203 1474 autem

1245 1495 1278 1516 56
1297 1494 1429 1524 prorsus
1448 1484 1596 1525 ignorare
1620 1484 1829 1524 respondisse.
1862 1484 1928 1515 Iam
1949 1491 2023 1516 ante
2043 1485 2129 1518 hunc
2147 1497 2203 1517 no-

1246 1527 1320 1558 dum
1351 1527 1516 1563 solvimus,
1546 1527 1702 1567 quomodo
1722 1528 1791 1558 fieri
1815 1528 1953 1567 potuerit
1976 1534 2012 1558 ut
2035 1527 2115 1560 Saul
2136 1528 2204 1559 Da·

1246 1569 1351 1601 videm
1375 1580 1436 1600 non
1460 1575 1656 1609 agnosceret,
1681 1571 1734 1609 qui
1758 1570 1950 1601 domesticus
1968 1571 2069 1610 ipsius
2088 1572 2201 1608 fuerat,

1245 1618 1277 1644 et
1310 1613 1362 1652 qui
1397 1622 1502 1643 coram
1537 1613 1605 1652 ipso
1635 1612 1792 1644 citharam
1822 1612 1949 1653 pulsare
1980 1618 2202 1651 consueverat,

1244 1665 1402 1695 quemque
1426 1657 1618 1695 armigerum
1644 1666 1736 1686 suum
1760 1666 1828 1686 esse
1850 1655 2002 1687 voluerat.
2024 1656 2109 1687 Nam
2132 1656 2202 1688 red-

1244 1699 1324 1729 ierat
1349 1697 1477 1738 quidem
1499 1698 1606 1729 David
1630 1698 1663 1729 in
1686 1698 1779 1729 aedes
1803 1704 1952 1737 paternas
1975 1705 2006 1729 et
2029 1699 2068 1729 ad
2092 1700 2201 1730 ovium

1244 1751 1375 1781 pascua:
1402 1741 1457 1771 sed
1481 1751 1544 1771 non
1568 1740 1762 1780 impediebat
1785 1741 1839 1771 illa
1862 1740 2005 1771 absentia
2029 1742 2201 1781 quominus

1243 1788 1480 1824 agnosceretur.
1528 1783 1591 1815 Sed
1614 1783 1692 1814 illud
1716 1783 1816 1822 magis
1839 1784 1869 1814 in
1893 1783 2023 1814 Abnero
2055 1784 2201 1815 mirabile

1244 1827 1379 1859 videtur.
1426 1826 1508 1857 Nam
1538 1826 1564 1857 si
1596 1825 1720 1857 dicatur
1745 1826 1822 1857 Saul
1853 1836 1871 1856 a
1902 1826 2041 1857 Domino
2070 1828 2116 1858 sic
2145 1837 2201 1858 ex·

1243 1874 1388 1901 caecatus
1412 1874 1447 1899 ut
1466 1869 1587 1900 nullam
1609 1869 1774 1900 hominum
1794 1868 1924 1899 haberet
1944 1869 2099 1907 notitiam,
2124 1869 2200 1909 quid

1243 1912 1281 1943 de
1303 1912 1433 1943 Abnero
1457 1911 1664 1943 iudicandum
1687 1911 1886 1947 arbitramur,
1911 1922 2006 1950 quem
2031 1911 2114 1943 nihil
2135 1913 2200 1943 tale

1243 1965 1370 1995 passum
1384 1966 1452 1986 esse
1467 1960 1589 1986 certum
1609 1959 1672 1985 est:
1696 1965 1731 1985 ac
1755 1954 1887 1993 proinde
1911 1954 1961 1984 cui
1984 1954 2064 1985 bene
2086 1960 2199 1986 notum

1242 2008 1311 2029 esse
1325 1997 1483 2029 Davidem
1508 1997 1671 2037 oportuit?
1707 1996 1771 2028 Sed
1795 2007 1962 2036 possumus
1985 2008 2024 2027 ex
2047 1997 2106 2029 hoc
2130 1998 2198 2029 1060

1241 2041 1407 2077 coniicere,
1431 2040 1518 2071 illam
1543 2040 1757 2080 ignorantiam
1781 2039 1883 2079 magis
1906 2039 1944 2070 ab
1963 2040 2146 2080 arrogantia
2167 2046 2199 2071 et

1241 2089 1425 2123 contemptu
1459 2093 1553 2123 quam
1584 2083 1622 2113 ab
1652 2082 1716 2113 ulla
1742 2082 1802 2112 alia
1826 2093 1858 2112 re
1883 2082 2064 2121 profectam.
2109 2083 2198 2123 Ergo

1242 2174 1350 2200 tamen
1381 2168 1455 2208 quia
1486 2179 1607 2209 pauper
1630 2174 1661 2198 61
1684 2168 1757 2198 vilis
1780 2168 1982 2206 abiectaeque
2005 2168 2198 2200 conditionis

1241 2217 1318 2247 erat,
1353 2216 1623 2251 contempserunt.
1679 2210 1732 2241 Ex
1772 2210 1829 2241 hoe
1869 2210 1977 2249 itaque
2009 2216 2198 2251 contemptu

1241 2254 1385 2291 caecitas,
1421 2260 1455 2284 ut
1478 2264 1549 2284 eum
1570 2264 1663 2293 quem
1682 2252 1797 2283 millies
1816 2252 1964 2283 viderant
1988 2252 2078 2284 Sauli
2099 2255 2199 2285 inser-

1241 2298 1392 2335 vientem,
1415 2297 1538 2327 cithara
1561 2296 1635 2326 mali
1659 2296 1790 2335 spiritus
1806 2295 2012 2326 afflictionem
2026 2296 2197 2335 levantem,

1241 2340 1391 2380 quoniam
1421 2339 1512 2379 parvi
1544 2339 1673 2373 faciunt,
1708 2342 1740 2368 61
1773 2338 1945 2377 inglorium
1974 2348 2042 2369 esse
2072 2339 2196 2377 volunt,

1239 2393 1303 2414 non
1328 2387 1510 2422 agnoscant.
1555 2381 1592 2412 In
1617 2391 1678 2421 quo
1702 2391 1871 2420 possumus
1894 2387 2048 2420 tanquam
2071 2381 2105 2411 in
2128 2392 2198 2422 spe-

1239 2426 1309 2457 culo
1340 2425 1549 2464 contemplari
1579 2423 1661 2463 quod
1690 2423 1770 2454 solet
1800 2424 1831 2453 in
1861 2423 1981 2454 mundo
2007 2423 2197 2464 plerumque

1240 2467 1396 2499 accidere:
1430 2472 1464 2497 ut
1494 2467 1647 2497 nimirum
1678 2471 1845 2506 magnates
1875 2470 1906 2496 et
1936 2466 2096 2506 principes
2125 2467 2196 2506 viri,

1239 2521 1336 2550 opera
1358 2510 1518 2540 minorum
1543 2515 1689 2539 utuntur:
1713 2508 1767 2539 sed
1786 2519 1827 2538 ne
1845 2508 1923 2548 ipsis
1941 2508 2061 2548 aliquid
2081 2509 2196 2541 debere

1240 2558 1272 2584 et
1294 2552 1434 2583 devincti
1457 2562 1526 2583 esse
1550 2551 1727 2588 videantur,
1750 2551 1857 2582 statim
1881 2561 1990 2582 eorum
2009 2553 2197 2583 memoriam

1241 2595 1322 2627 elabi
1345 2595 1462 2626 sinant.
1507 2594 1680 2625 Caeterum
1704 2594 1772 2624 fieri
1795 2594 1891 2624 etiam
1914 2598 2018 2634 potest
2047 2600 2085 2625 ut
2107 2595 2197 2626 Deus

1242 2638 1406 2669 Abnerum
1431 2642 1463 2667 et
1486 2636 1615 2668 Saulem
1638 2636 1682 2667 sic
1705 2637 1892 2674 excaecarit,
1922 2642 1957 2667 ut
1981 2647 2076 2677 quem
2099 2648 2197 2670 nove-
