2551 3044
220 215 280 245 733

219 314 274 339 aut
295 308 328 339 in
352 309 610 349 desperationem
634 309 810 347 veniamus,
840 314 875 340 ut
905 309 1030 341 nullum
1052 309 1183 341 divinae
1208 312 1210 327 ⁸

215 351 455 382 misericordiae
474 361 605 382 sensum
626 351 811 391 habeamus,
842 352 897 383 sed
925 352 1031 392 potius
1059 352 1181 391 suppli·
1208 355 1210 368 ¹

217 403 270 424 ces
294 393 420 425 veniam
445 393 655 433 deprecemur
678 397 710 424 et
732 404 908 433 speremus.
933 394 988 425 Sic
1011 394 1063 425 isti
1088 394 1182 425 labes

217 435 342 467 incolae
372 435 436 467 Dei
465 435 585 466 iustum
616 435 768 466 iudicium
793 436 971 468 sentientes
1005 436 1181 467 adversum

217 488 312 510 suum
325 478 479 519 populum
498 477 716 518 profligatum,
741 482 772 509 et
796 478 943 518 luporum
968 478 1114 510 faucibus
1139 479 1182 509 la·
1208 483 1209 490 ¹

218 520 343 552 niatum
366 521 469 552 instar
490 520 600 552 ovium
623 519 812 560 palantium,
835 521 875 552 ad
899 522 1006 553 Deum
1029 521 1182 561 confuge-

218 567 303 600 runt,
328 562 511 602 ieiunioque
535 573 645 602 preces
665 562 901 595 adiunxerunt:
926 563 1009 604 quod
1035 563 1095 594 fuit
1118 564 1183 595 sin·
1207 560 1210 578 ‘

217 605 328 646 gulare
352 605 572 636 testimonium
596 604 698 636 divini
729 616 806 646 erga
828 606 913 646 ipsos
936 606 1065 644 favoris,
1097 605 1182 646 quod

217 657 281 678 non
294 647 532 687 obstupuerunt
543 648 577 678 in
591 648 747 687 adversis,
767 659 845 688 neqt
885 649 1108 689 desperarunt,
1126 647 1183 680 sed

215 700 290 722 cum
312 689 432 721 ieiunio
452 689 581 722 veniam
606 690 768 730 deprecati
792 702 851 722 sun
908 697 939 723 et
963 692 1045 722 bene
1069 692 1101 722 in
1126 701 1182 731 po-

214 736 336 763 sterum
360 736 542 772 sperarunt.
587 732 683 764 Hanc
706 733 745 764 ob
766 743 896 765 causam
920 734 1065 775 graviter
1087 733 1183 765 irasci

213 774 323 805 Deum
352 785 410 814 per
439 774 631 814 prophetam
663 775 781 815 populo
808 776 972 814 videmus,
1010 775 1094 816 quod
1126 786 1183 815 pro

213 817 292 848 fletu
322 821 355 848 et
382 817 537 857 lacrymis
571 817 611 848 ad
644 817 707 848 Dei
749 817 903 849 iudicium
939 819 1183 855 indurarentur,
1209 834 1210 840 κ

850 216 898 248 ΙΝ
922 217 948 247 Ι.
972 216 1060 247 LIB.
1085 216 1284 248 SAMUEL.
1310 217 1408 248 OAP.
1427 217 1559 249 XXXI.

213 869 312 899 quum
335 859 391 897 ait,
421 860 538 890 vocavit
559 859 718 891 Dominus
746 859 835 891 Deus
865 862 1055 893 exercituum
1077 861 1112 891 in
1134 861 1185 892 die

213 901 272 933 illa
303 902 344 933 ad
371 902 475 940 fletum
506 904 532 933 et
562 902 604 933 ad
627 902 798 941 planctum,
830 903 872 934 ad
900 904 1063 941 calvitiem,
1094 905 1121 934 et
1144 904 1185 934 ad

212 943 372 984 cingulum
384 944 476 983 sacci,
499 947 526 975 et
538 954 598 988 ecce
608 945 760 984 qaudium
772 947 798 976 et
813 944 942 977 laetitia.
966 945 1004 978 Si
1015 945 1186 979 dimittetur

2145 219 2205 248 734

1235 309 1306 341 haec
1330 311 1480 350 iniquitas
1503 312 1586 343 vobis
1609 312 1700 343 donec
1723 312 1915 342 moriamini.
1941 311 2071 350 Quibus
2095 311 2203 342 verbis

1237 352 1366 383 Domini
1392 353 1552 391 docemur,
1583 354 1713 394 signum
1736 365 1805 385 esse
1829 354 2075 393 reprobationis,
2105 363 2204 393 quum

1236 404 1273 425 eo
1297 406 1395 434 usquc
1418 397 1556 436 stuporis
1569 396 1768 433 devenimus,
1791 401 1902 427 utnon
1922 396 2082 436 possimus
2095 405 2203 427 coram

1236 437 1306 467 Deo
1330 447 1388 467 nos
1411 437 1555 476 deiicere,
1586 445 1617 469 et
1640 443 1728 469 metu
1751 438 1942 470 iudiciorum
1972 439 2075 478 ipsius
2099 438 2203 469 territi

1236 479 1275 509 ad
1300 479 1402 517 ipsius
1421 481 1675 511 misericordiam
1692 481 1874 521 confugere.
1899 480 2119 520 Quamobrem
2140 480 2203 511 dis-

1235 531 1347 552 camus
1360 522 1587 553 afflictionibus
1600 527 1633 553 et
1645 523 1879 555 calamitatibus
1896 523 2132 563 ingruentibus,
2147 534 2204 553 nos

1236 563 1275 594 ad
1309 565 1541 602 poenitentiam
1573 566 1699 602 vocari,
1741 576 1807 596 non
1835 566 1965 605 quidem
1995 566 2028 596 in
2059 566 2204 597 externis

1236 605 1299 637 illis
1324 606 1449 644 ritibus,
1476 612 1556 646 puta
1586 617 1676 639 sacco
1700 607 1751 638 vel
1784 608 1889 639 cincre
1920 613 1976 639 aut
2006 608 2125 639 ieiunio
2149 618 2203 648 po-

1236 648 1342 685 sitam,
1373 648 1428 679 sed
1460 649 1493 679 in
1522 659 1599 681 vera
1631 650 1814 681 humilitate
1842 655 1872 680 et
1902 655 2108 690 pcccatorum
2138 660 2203 680 non

1236 691 1389 722 simulata
1412 691 1623 728 confessione,
1648 697 1680 722 et
1699 692 1738 723 ab
1757 703 1795 723 ea
1814 692 2017 733 aegritudine
2038 703 2119 732 quae
2138 703 2202 723 non

1237 744 1255 764 a
1278 733 1348 764 Deo
1372 738 1485 764 avocet
1508 734 1739 773 desperatione,
1763 735 1819 766 sed
1841 745 1922 774 quac
1940 745 2016 766 cum
2041 735 2103 766 fide
2127 745 2203 766 con—

1236 776 1355 813 iuncta,
1379 785 1439 806 nos
1463 775 1502 806 ad
1526 776 1633 815 ipsum
1657 778 1790 817 propius
1816 777 1962 815 adducat,
1986 788 2027 808 ne
2048 778 2081 808 in
2103 776 2201 807 rebel-

1236 818 1356 849 lionem
1379 818 1469 849 illam
1482 818 1670 856 incidamus,
1695 829 1784 859 quac,
1808 824 1844 850 ut
1856 825 1931 850 ante
1943 819 2094 857 diximus,
2119 830 2202 850 nun-

1237 871 1333 900 quam
1357 861 1543 891 remittitur.

1322 903 1392 934 Iam
1417 913 1495 934 vero
1520 903 1606 943 agite
1629 905 1679 934 etc.
