2551 3044
422 208 485 238 4235

514 301 562 332 De
575 300 684 331 Saulis
708 300 922 331 obstinatione
947 300 1044 331 verba
1069 300 1202 331 fecimus
1226 301 1390 340 superiore

427 344 587 378 concione,
619 353 714 382 quem
739 353 838 382 quum
864 341 1024 373 Davidem
1050 342 1174 373 videret
1199 342 1390 374 Philistaeo-

427 397 496 417 rum
528 396 644 425 agmen
670 386 864 425 profligasse,
896 386 1061 426 oportebat
1086 386 1215 425 placari,
1239 393 1270 416 et
1295 386 1390 426 depo-

428 439 503 460 nere
534 429 642 458 odium
673 434 704 458 et
736 428 904 465 malitiam,
935 428 1030 459 etiam
1064 429 1089 459 si
1115 427 1222 459 David
1255 429 1390 460 alieuius

426 471 571 503 criminis
602 481 676 502 reus
707 477 856 510 peractus·
888 471 1011 502 fuisset.

425 514 557 554 egregio
589 513 672 544 sacto
703 514 950 553 praeteritorum
985 514 1139 544 memoria
1169 513 1282 545 deleri:
1315 525 1392 554 quo-

426 557 520 588 modo
540 557 638 593 igitur
658 566 722 586 non
743 556 844 586 multo
864 556 966 596 magis
990 557 1036 587 ira
1060 557 1161 596 ipsius
1181 557 1391 597 mitigabatur

426 609 523 640 quum
549 599 655 629 David
687 606 771 630 essct
796 599 958 630 innocens.
997 599 1038 630 Et
1062 610 1160 639 quum
1185 606 1274 631 tanto
1298 600 1390 632 bene-

427 643 497 673 ficio
532 641 697 682 populum.
735 649 763 672 et
800 652 908 681 regem
944 641 1049 682 ipsum
1086 641 1145 673 sibi
1180 642 1389 680 devinxisset,

425 695 524 725 quare
543 695 607 714 non
628 684 805 724 deponebat
826 695 937 715 001008
957 685 1031 722 11118,
1055 684 1215 716 et1)avidi
1239 686 1387 716 concilia-

427 727 544 759 butur‘?
599 726 661 757 Sed
697 727 741 758 ita
773 727 878 758 solent
908 727 941 757 in
973 727 1064 768 peius
1096 728 1253 759 inereduli
1287 739 1388 764 ruere,

426 775 594 810 postquam
618 769 718 800 :iDeo
739 769 883 800 derelicti
908 777 1065 801 venerunt
1090 770 1122 800 in
1147 770 1261 801 diaboli
1288 777 1388 810 potes-

425 820 533 844 tatem.
569 813 785 843 Transeamus
804 813 910 852 itaque
929 813 966 843 ad
981 812 1116 844 Davidis
1140 813 1387 844 sollicitudinem

423 857 456 886 in
470 866 566 895 quam
591 855 681 886 venit
704 866 802 895 quum
823 855 954 887 Saulem
978 855 1155 887 audivisset
1180 857 1302 896 ingenti
1316 866 1387 887 cum

425 899 568 929 exercitu
605 898 727 929 Ceilam
771 897 942 929 adversum
977 909 1010 930 se
1045 898 1210 938 progredi:
1253 910 1291 929 ex
1327 909 1389 938 qua

425 948 532 972 tamen
569 951 630 972 non
667 940 782 972 fuisset
815 952 980 982 egressus,
1022 942 1047 972 si
1083 941 1192 972 fideles
1227 941 1286 971 sibi
1321 941 1389 972 fore

425 984 544 1015 incolas
575 983 752 1014 arbitratus
783 990 876 1015 esset.

425 1027 529 1058 Deum
563 1026 717 1067 confugit,
749 1033 780 1057 et
804 1027 991 1067 interrogat,
1023 1027 1106 1058 sitne
1131 1026 1209 1058 Saul
1233 1027 1388 1057 adversus

424 1071 529 1110 ipsum
555 1070 778 1100 descensurus.
813 1069 874 1101 Cui
898 1069 1121 1110 respondetur.
1145 1070 1386 1101 descensurum.

425 1113 467 1143 Et
500 1113 618 1143 iterum
643 1112 834 1153 interrogat:

424 1155 535 1186 incolis
560 1154 746 1186 tradendus.
783 1155 844 1186 Cui
870 1155 1012 1187 vicissim
1040 1156 1201 1194 respondit
1220 1155 1387 1190 Dominus,

423 1198 577 1229 traditum
616 1197 665 1228 iri.
718 1197 938 1236 Quamobrem
973 1198 1051 1228 urbe
1081 1208 1227 1238 egressus
1258 1204 1321 1233 est,

424 1241 485 1272 1100
511 1240 586 1271 111110
609 1246 747 1281 vagatus
769 1241 868 1271 fuisse
892 1239 1018 1279 dicitur,
1042 1240 1126 1280 quod
1149 1241 1246 1271 animi
1271 1240 1385 1271 dubius

425 1284 561 1315 nesciret
595 1282 727 1314 ubinam
761 1288 865 1314 tutam
901 1283 1040 1322 aliquam
1077 1282 1184 1313 sedem
1221 1284 1384 1322 reperii-et,

424 1334 478 1357 aut
512 1337 553 1357 an
588 1331 695 1366 posset
728 1326 762 1356 in
793 1326 901 1366 aliquo
931 1331 1093 1357 terrarum
1124 1326 1242 1366 angulo
1274 1326 1384 1357 latere.

423 1370 534 1408 Quare
567 1369 711 1400 incertus
746 1376 777 1399 et
811 1367 929 1399 dubius
965 1369 1070 1399 exivit
1104 1368 1215 1400 Uellau
1252 1379 1384 1408 remque

424 1419 534 1450 totam,
559 1421 623 1442 non
643 1411 802 1448 fortunae,
826 1417 861 1442 ut
883 1411 1007 1452 profani
1033 1411 1384 1452 1001111111111κ80111)00

423 1454 592 1485 commisit.
643 1453 705 1484 Hic.
744 1454 775 1484 in
814 1454 925 1502 primis
956 1453 1191 1485 observandum
1226 1454 1383 1485 Daeisidem

424 1507 588 1536 nunquam
613 1497 658 1527 iti
683 1497 775 1527 0111118
797 1497 864 1527 8018
889 1498 1105 1536 perterritum
1126 1498 1200 1536 quin
1225 1497 1263 1527 ad
1278 1497 1383 1528 Deum

424 1546 577 1580 tanquam
610 1539 647 1569 ad
681 1539 805 1580 asylum
838 1539 1027 1580 confugerit.
1075 1539 1167 1578 Quod
1199 1540 1383 1580 exemplum

424 1593 482 1614 nos
511 1581 602 1613 decet
633 1582 760 1617 imitari,
791 1588 826 1612 ut
850 1583 883 1612 in
908 1582 1044 1613 suminis
1069 1584 1189 1612 nostri-z
1213 1583 1383 1623 angustiis,

424 1635 482 1656 nos
512 1625 663 1655 humanis
694 1625 842 1656 omnibus
866 1624 980 1656 mediis
1003 1632 1033 1655 et
1057 1625 1185 1656 auxiliis
1209 1625 1385 1656 deficienti-

423 1668 491 1704 bus,
522 1675 552 1698 et
584 1667 672 1697 nulla
703 1678 758 1707 spe
788 1667 900 1698 salutis
930 1675 1104 1707 apparente
1129 1668 1160 1698 in
1187 1668 1246 1698 Dei
1269 1679 1384 1700 manus

421 1721 473 1742 res
502 1717 628 1741 nostras
652 1709 861 1750 deponamus,
891 1716 922 1741 et
946 1711 1092 1750 precibus
1116 1710 1153 1740 ad
1178 1712 1283 1751 ipsum
1308 1722 1383 1743 eon-

422 1753 594 1793 fugiamus,
623 1758 655 1783 et
684 1753 852 1784 consilium
877 1759 1023 1793 petentes
1046 1753 1084 1784 ab
1109 1753 1186 1793 ipso,
1210 1759 1240 1784 et
1265 1753 1382 1785 bonum

422 1797 545 1827 exitum
587 1800 763 1835 sperantes.
820 1795 886 1827 Nos
928 1795 1022 1827 hodie
1052 1795 1178 1835 quidem
1215 1807 1277 1827 non
1313 1807 1382 1828 eam

421 1838 578 1870 habemus
623 1837 779 1869 visibilem
826 1838 1047 1879 interrogandi
1093 1837 1153 1869 Dei
1198 1838 1383 1871 facultatem

421 1891 516 1921 quam
560 1879 675 1911 habuit
709 1880 817 1912 David
855 1881 947 1912 olim:
990 1891 1053 1912 non
1089 1881 1244 1912 habemus
1279 1882 1383 1922 ephod

421 1923 629 1960 sacerdotale,
670 1923 708 1954 ad
744 1923 877 1954 Domini
913 1924 1112 1955 voluntatem
1147 1925 1382 1964 requirendam.

423 1967 546 1997 Verum
574 1971 610 1997 ut
641 1972 716 1997 ante
740 1967 918 2007 attigimus,
942 1966 1062 1998 sufficit
1087 1966 1190 1998 Deum
1214 1977 1304 1998 suam
1331 1979 1382 1999 vo·
1410 1988 1411 1997 1

422 2009 578 2040 1001111001
616 2008 716 2045 001118,
751 2009 790 2040 ad
815 2020 909 2049 quam
942 2019 1054 2041 omnes
1085 2010 1227 2041 actiones
1259 2016 1384 2042 nostras
1410 2023 1411 2029 ¹

422 2053 594 2092 erigamus,
636 2052 834 2091 patefecisse.
891 2052 957 2083 Nos
990 2052 1090 2091 igitur
1123 2053 1148 2083 si
1183 2052 1382 2093 diligentiam

423 2094 666 2126 adhibuerimus
703 2095 734 2125 in
769 2095 966 2126 consulendo
1000 2094 1080 2133 Deo,
1116 2096 1255 2135 profecto
1289 2106 1384 2135 quam

424 2138 508 2168 viam
541 2137 629 2176 sequi
660 2147 718 2169 008
748 2143 895 2177 oporteat
925 2148 982 2178 per
1005 2143 1108 2168 totum
1134 2138 1219 2169 vitae
1255 2143 1385 2169 nostrae

423 2179 619 2211 curriculum
651 2179 892 2212 demonstrabit.
937 2180 981 2211 Et
1004 2185 1171 2220 praeterea
1194 2186 1306 2212 sancto
1329 2191 1386 2212 suo

422 2222 538 2262 spiritu
558 2229 657 2262 reget,
681 2228 712 2254 ct
737 2223 904 2255 consilinm
930 2223 961 2254 in
987 2223 1082 2254 rebus
1101 2224 1246 2265 angustis
1270 2234 1384 2264 suppe-

424 2265 556 2303 ditabit,
594 2272 626 2296 ct
665 2266 738 2297 licet
769 2276 827 2297 008
856 2276 873 2297 a
902 2265 994 2298 nobis
1022 2265 1099 2306 ipsis
1128 2266 1295 2298 eonsilium
1324 2277 1384 2297 non

424 2308 615 2356 habeamus,
649 2308 778 2339 abunde
811 2314 972 2349 suggeret.
1029 2308 1245 2348 Quamobrem
1281 2309 1387 2340 danda

423 2356 472 2382 est
490 2351 594 2382 omnis
613 2361 719 2392 opera,
744 2358 778 2382 111
797 2362 894 2391 quum
916 2351 1086 2391 desperata
1104 2351 1190 2383 salus
1214 2351 1385 2390 videbitur,

424 2399 457 2425 ct
486 2393 524 2424 de
555 2393 647 2425 nobis
677 2401 793 2431 actum,
824 2394 862 2425 ad
889 2395 993 2425 Deum
1017 2394 1127 2426 sedulo
1151 2394 1384 2436 confugiamus,

423 2444 455 2467 ct
485 2436 518 2466 in
549 2435 726 2476 desperatis
756 2437 850 2468 rebus
879 2437 918 2468 ab
942 2438 1010 2477 1080
1034 2437 1204 2469 eonsilium
1228 2442 1386 2478 petamus,

424 2484 460 2510 ut
500 2477 575 2519 qnid
609 2479 760 2519 expediat
794 2486 825 2510 et
859 2481 936 2510 utile
970 2480 1012 2511 sit
1045 2481 1138 2512 nobis
1171 2479 1386 2512 demonstret:

422 2521 692 2569 quemadmodum
729 2522 841 2554 fecisse
877 2523 1034 2554 Davidem
1067 2523 1223 2555 videmus.
1275 2521 1386 2562 Quan-

424 2574 518 2605 quam
555 2564 580 2595 si
615 2575 653 2595 ex
688 2564 850 2596 humanae
880 2565 1015 2597 rationis
1046 2576 1143 2597 sensu
1166 2565 1206 2597 de
1235 2575 1386 2606 responso

423 2606 506 2647 quod
531 2606 651 2638 Davidi
684 2607 793 2639 datum
825 2613 873 2639 081
902 2607 1089 2648 iudicemus,
1121 2607 1213 2640 valde
1237 2614 1333 2640 tenue
1355 2614 1388 2639 et

421 2650 563 2680 ieiunum
596 2649 698 2681 videri
725 2651 832 2690 possit,
863 2650 938 2683 licet
961 2651 993 2682 in
1017 2661 1055 2683 eo
1079 2651 1208 2683 divinae
1233 2649 1384 2683 bonitatis

1214 205 1410 238 HOMILIA
1441 206 1637 238 Lxxxiti.

1058 471 1141 502 Nam
1173 477 1296 511 poterat
1326 480 1389 503 tam
1416 484 1417 500 2

921 983 985 1015 Sed
1014 984 1046 1015 in
1078 984 1128 1014 his
1158 985 1317 1024 angustiis
1349 983 1386 1014 ad
1413 1010 1415 1017 ,

881 1112 933 1143 An
965 1113 1005 1143 sit
1031 1113 1062 1143 in
1086 1113 1186 1152 ipsius
1209 1123 1324 1143 manus
1348 1112 1386 1142 ab
1412 1110 1414 1144 Ῐ

1354 1203 1387 1228 et
1410 1211 1413 1234 f

1410 1355 1566 1398 leillimis
1602 1368 1696 1399 rebus
1731 1369 1852 1399 auxilio
1886 1369 1990 1408 ipsum
2027 1369 2146 1399 iuvare.

2346 205 2409 236 456

1414 307 1416 319 ¹
1443 300 1723 332 evidentissimum
1755 300 1975 330 testimonium
2000 300 2181 331 exsisteret.
2234 299 2317 330 Nam
2343 300 2408 332 Do-

1414 322 1417 362 l
1443 344 1550 375 minus
1582 342 1759 382 respondit:
1790 341 1915 374 Saulem
1945 352 2014 374 cum
2046 343 2160 382 inyeuti
2183 342 2317 373 exercitu
2339 353 2407 374 ven-

1445 389 1560 417 turum
1610 385 1747 424 Qualem
1779 395 1856 416 vero
1886 384 1962 416 inde
1993 396 2080 424 spem
2106 384 2212 416 David
2237 385 2405 434 concipere

1415 424 1417 452 Ι
1444 430 1561 469 potnit:
1595 429 1659 458 imo
1689 438 1785 467 quani
1819 429 1962 468 graiiter
1990 427 2172 476 perculsum
2206 427 2304 458 fuisse
2327 428 2409 459 veri-

1444 471 1549 501 simile
1580 470 1650 501 est?
1697 470 1779 501 Nam
1804 470 1910 502 Deum
1936 481 2028 510 posse
2052 471 2197 511 ipsius
2177 469 2289 501 Saulis
2312 479 2406 501 cona-

1416 516 1417 523 *
1445 521 1511 544 tum
1538 513 1694 552 impedire
1717 513 1846 551 sciebat,
1869 521 1898 544 et
1919 513 2052 545 Saulem
2084 514 2179 544 ctiam
2209 513 2248 543 ab
2278 513 2407 553 incepto

1446 565 1611 587 revocare:
1636 566 1732 596 quam
1753 555 1791 587 ob
1811 566 1940 587 causam
1965 557 2061 587 etiam
2076 555 2236 587 Dominus
2260 566 2316 595 per
2338 566 2408 596 pro-

1445 599 1572 638 phetam
1593 597 1680 636 dicit,
1712 598 1750 629 Se
1773 599 1971 630 inimicorum
1993 609 2121 630 suorum
2144 598 2274 629 maribus
2291 608 2408 638 ponere

1441 641 1599 679 circulum,
1630 644 1657 672 et
1683 642 1828 680 fraenum
1852 642 1885 672 in
1909 641 2002 673 labiis
2022 642 2171 680 ipsorum,
2199 644 2225 673 et
2248 643 2332 681 ipsos
2347 651 2408 682 pro

1414 720 1415 725 ¹
1442 683 1573 715 ‹zrbitrio
1606 694 1661 715 suo
1693 684 1926 716 circmmlucere.
1978 684 2158 715 Videbatur
2189 694 2266 725 ergo
2298 684 2404 715 David

1414 734 1415 738 ¹
1442 726 1523 766 apud
1550 727 1655 757 Deum
1686 737 1780 766 posse
1806 727 1969 766 conqueri,
2000 726 2084 767 quod
2107 726 2196 758 Sauli
2221 734 2286 757 tam
2310 726 2405 758 laxas

1414 765 1415 774 ¹
1442 769 1583 800 habenas
1615 769 1721 807 daret,
1751 776 1781 799 et
1811 780 1873 800 non
1906 770 2039 800 haberet
2070 770 2228 800 rationem
2257 769 2316 806 sui,
2348 770 2402 810 qui

1441 822 1512 843 eum
1534 816 1581 843 tot
1600 811 1841 843 difficultatibus
1865 824 1926 843 uon
1952 813 2013 843 alia
2037 811 2074 843 de
2096 821 2192 843 causa
2215 811 2406 851 luctabatur,

1441 865 1537 894 quam
1561 855 1643 894 quod
1668 854 1728 886 Dei
1754 856 1887 886 verbum
1913 861 2112 895 sequeretur.
2147 856 2235 885 Sane
2258 853 2342 894 quod
2366 855 2404 886 ad

1441 897 1520 927 illud
1553 897 1682 928 Domini
1714 908 1903 938 responsum
1936 898 2068 934 attinet,
2108 897 2214 928 David
2245 908 2282 928 00
2310 897 2406 929 vehe-

1441 946 1566 970 menter
1599 940 1721 971 turbari
1746 946 1880 980 poterat,
1911 941 2000 981 quasi
2029 941 2117 971 Deus
2141 941 2245 980 ipsum
2269 939 2406 972 obruere

1441 983 1521 1013 velle
1559 983 1741 1014 videretur:
1772 982 2028 1023 quandoquidem
2069 984 2166 1014 etiam
2199 983 2286 1015 Deus
2317 983 2404 1014 inco·

1413 1040 1414 1068 1
1440 1025 1543 1056 lai-um
1575 1026 1684 1057 Ceilae
1715 1026 1811 1057 corda
1843 1027 1970 1057 flectere
2003 1032 2143 1065 poterat,
2175 1036 2214 1056 ne
2243 1025 2404 1057 Davidem

1413 1070 1415 1084 <
1441 1068 1529 1099 Sauli
1563 1068 1745 1108 proderent,
1775 1069 1830 1100 sed
1862 1075 1975 1099 eontra
2007 1079 2063 1108 pro
2095 1069 2194 1109 ipsius
2223 1068 2327 1100 salute
2350 1068 2404 1100 ad·

1443 1122 1552 1141 versus
1584 1112 1674 1141 illum
1707 1111 1830 1142 fortiter
1861 1112 2067 1148 dimicarent,
2097 1117 2127 1142 et
2155 1111 2274 1143 clausis
2304 1113 2405 1152 portis

1440 1154 1600 1184 Davidem
1633 1154 1853 1191 defenderent,
1885 1161 1916 1185 et
1947 1165 1964 1185 a
1988 1154 2098 1185 Saulis
2129 1154 2235 1185 furore
2258 1159 2405 1195 protege-

1440 1204 1520 1227 rent.
1568 1196 1633 1227 Sed
1667 1197 1755 1229 Deus
1786 1197 1977 1228 nominatim
2010 1196 2196 1237 respondet:
2236 1197 2404 1229 Traditum

1438 1239 1481 1270 iri
1504 1239 1661 1270 Davidem
1693 1239 1731 1271 ab
1759 1240 1868 1272 ineolis
1894 1240 2000 1271 Sauli:
2023 1240 2230 1280 quamobrem
2252 1239 2330 1272 haec
2353 1250 2403 1272 se·

1437 1283 1542 1313 cunda
1558 1282 1729 1314 videbatur
1747 1283 1897 1314 accedere
1915 1282 1954 1314 ad
1975 1283 2112 1323 priorem
2134 1283 2276 1324 ingentis
2294 1282 2403 1315 luctus

1437 1335 1544 1361 causa,
1569 1326 1657 1364 quasi
1672 1325 1761 1357 Deus
1785 1325 1885 1356 nollet
1908 1326 2007 1365 ipsius
2030 1326 2184 1361 misereri,
2208 1330 2240 1356 ot
2262 1325 2295 1356 in
2318 1324 2403 1356 diffi-

2204 1367 2292 1399 Hinc
2326 1378 2402 1400 vero

1437 1410 1606 1446 discamus,
1638 1411 1712 1442 licet
1742 1422 1805 1442 non
1837 1412 1924 1442 omni
1953 1422 1993 1442 ex
2016 1417 2107 1451 parte
2132 1411 2222 1442 nobis
2245 1410 2307 1442 Dei
2333 1421 2403 1442 ver-

1438 1454 1512 1484 bum
1555 1453 1747 1492 satisfaciat,
1788 1458 1820 1485 et
1860 1454 1982 1485 nullam
2027 1453 2227 1484 occasionem
2261 1453 2403 1485 laetitiae

1437 1495 1605 1536 praebeat,
1636 1502 1744 1527 tamen
1775 1497 1916 1528 contenti
1948 1507 2017 1528 esse
2040 1496 2102 1526 Dei
2135 1496 2248 1527 verbo:
2277 1506 2339 1536 quo
2369 1506 2404 1528 se

1438 1540 1539 1570 008111
1581 1539 1778 1579 singularem
1822 1550 1931 1571 euram
1968 1549 2079 1580 gerere
2115 1539 2276 1578 patefacit.
2332 1538 2405 1571 Hac

1437 1582 1522 1613 enim
1538 1582 1661 1613 ratione
1682 1592 1888 1622 quascunque
1909 1583 2105 1613 tentationes
2125 1582 2276 1613 facillime
2294 1592 2404 1622 super-

1438 1625 1572 1665 abimus,
1609 1626 1667 1656 etsi
1703 1625 1792 1656 Deus
1827 1625 1928 1666 igitur
1963 1635 2026 1655 non
2062 1624 2253 1664 polliceatur
2281 1635 2315 1656 se
2344 1635 2402 1656 nos

1437 1668 1476 1699 ab
1500 1668 1649 1699 omnibns
1672 1668 1812 1699 miseriis
1836 1674 1866 1699 et
1890 1667 2128 1699 calamitatibus
2151 1668 2314 1698 immunes
2336 1667 2400 1700 fac-

1438 1716 1556 1747 turum,
1588 1710 1642 1742 sed
1675 1711 1780 1751 potius
1811 1711 1931 1742 multas
1962 1710 2179 1746 difficultates,
2210 1710 2401 1750 quibuscum

1438 1753 1528 1785 nobis
1558 1753 1619 1784 erit
1650 1753 1837 1785 luctandum
1861 1759 2027 1794 proponat,
2052 1759 2088 1785 ut
2111 1753 2305 1794 praemoniti
2329 1753 2403 1784 faci·

1437 1796 1499 1827 lius
1518 1806 1572 1827 eas
1592 1796 1741 1831 feramus,
1763 1806 1827 1827 non
1848 1796 1918 1827 ideo
1939 1796 2152 1828 recedendum
2177 1801 2227 1827 est
2247 1795 2339 1828 nobis
2361 1794 2402 1827 ab

1436 1839 1550 1876 officio,
1582 1849 1685 1879 neque
1715 1838 1965 1879 despondendus
1994 1844 2042 1870 est
2073 1840 2209 1876 animus,
2241 1843 2277 1869 ut
2306 1837 2401 1870 multi

1437 1887 1514 1913 sunt
1543 1881 1621 1912 adeo
1652 1881 1779 1913 delicati
1811 1888 1845 1913 ut
1876 1893 1909 1913 80
1939 1892 1957 1912 11
1981 1882 2050 1913 Deo
2083 1882 2178 1913 veluti
2203 1881 2304 1912 foveri
2328 1881 2401 1913 sinu

1439 1925 1547 1959 velint,
1571 1925 1616 1956 810
1631 1930 1666 1955 ut
1679 1925 1776 1956 nullis
1789 1924 1920 1955 omnino
1939 1925 2033 1955 malis
2053 1924 2249 1956 afficiantur.
2279 1923 2402 1956 Contra

1438 1978 1512 1997 vcro
1534 1967 1623 1998 Deus
1649 1978 1705 1998 nos
1730 1967 1866 1999 deiicere
1889 1973 1922 1999 et
1946 1967 2120 1998 humiliare
2145 1967 2224 2005 vult,
2246 1972 2402 1998 nostram-

1436 2021 1496 2050 que
1520 2010 1710 2050 patientiam
1735 2020 1896 2048 exercere,
1925 2016 1956 2041 et
1980 2010 2198 2041 obedientiam
2222 2009 2401 2050 explorare,

1437 2064 1477 2083 an
1509 2054 1634 2084 sincero
1666 2053 1772 2084 animo
1803 2053 1864 2094 ipsi
1894 2053 2082 2089 serviamus,
2112 2058 2145 2084 et
2173 2053 2212 2084 ab
2241 2052 2310 2092 ipso
2342 2052 2401 2083 toti

1438 2095 1645 2136 pendeamus.
1686 2096 1861 2127 Praeterea
1891 2102 2019 2136 peccata
2045 2101 2154 2127 nostra
2176 2095 2349 2136 corrigere,
2372 2099 2404 2126 et

1438 2150 1456 2169 a
1485 2138 1597 2170 mundi
1618 2148 1727 2170 amore
1751 2149 1808 2170 nos
1839 2138 2004 2169 retrahere
2031 2144 2062 2169 et
2093 2138 2177 2169 illius
2206 2137 2402 2169 oblivionem

1438 2181 1528 2213 nobis
1551 2181 1711 2213 inducere.
1748 2181 1898 2220 Denique
1923 2181 2044 2212 multae
2067 2186 2146 2212 sunt
2168 2190 2283 2212 causae
2306 2190 2402 2220 prop·

1438 2230 1486 2255 ter
1516 2234 1596 2264 quas
1629 2224 1724 2255 variis
1754 2234 1812 2254 nos
1842 2223 2068 2255 afflictionibus
2098 2223 2241 2254 exerceri
2266 2227 2401 2263 oportet.

1439 2267 1503 2299 Sed
1531 2267 1590 2298 hoc
1621 2266 1748 2298 videtur
1778 2266 1920 2298 insolens
1943 2266 1983 2297 iis
2005 2266 2058 2305 qui
2083 2265 2162 2297 nihil
2187 2266 2253 2306 pati
2277 2265 2402 2297 volunt.

1440 2310 1561 2340 Verum
1585 2309 1732 2350 exemplo
1756 2308 1893 2340 Davidis
1917 2309 2067 2340 docemur
2089 2309 2286 2349 propositam
2311 2307 2404 2340 nobis

1438 2353 1471 2383 in
1510 2352 1679 2393 evangelio
1712 2352 1928 2384 conditionem
1960 2350 2083 2392 placide
2113 2352 2222 2392 sequi,
2261 2355 2298 2382 ut
2328 2351 2405 2383 lieet

1439 2394 1548 2426 fideles
1568 2395 1679 2426 multis
1698 2395 1938 2427 calamitatibus
1956 2399 1988 2425 et
2011 2394 2150 2426 miseriis
2173 2393 2305 2425 obnoxii
2328 2393 2402 2431 sint,

1439 2437 1476 2468 ad
1497 2448 1592 2477 quam
1611 2437 1828 2469 conditionem
1849 2447 1901 2469 eos
1921 2444 2052 2468 vocatos
2072 2447 2140 2468 esse
2164 2436 2256 2468 docet
2268 2436 2402 2473 Paulus,

1439 2491 1500 2510 11οο
1534 2487 1641 2511 tamen
1673 2490 1812 2520 unquam
1843 2490 1861 2511 a
1888 2489 1964 2511 vero
1987 2479 2050 2510 Dei
2073 2480 2188 2511 timore
2211 2479 2402 2518 resiliamus,

1439 2528 1470 2553 et
1493 2523 1531 2554 ab
1555 2523 1655 2562 ipsius
1679 2523 1768 2554 cultu
1793 2523 2022 2554 dimoveamur.

1525 2565 1566 2596 Et
1597 2566 1657 2597 hoc
1687 2567 1719 2597 in
1751 2565 1862 2606 primis
1894 2565 1954 2597 1100
1981 2565 2050 2596 1000
2073 2564 2320 2603 observandum,
2349 2563 2401 2596 ubi

1440 2606 1560 2638 Davidi
1583 2608 1795 2648 respondetur
1817 2608 1997 2645 aDomino,
2024 2607 2155 2640 Saulem
2179 2617 2252 2639 eum
2276 2606 2401 2648 ingenti

1440 2650 1582 2681 exercitu
1607 2657 1792 2689 venturum,
1829 2657 1861 2683 et
1884 2651 2052 2683 Ceilenses
2076 2651 2268 2692 quibuscum
2291 2658 2400 2681 versa-
