<?xml version="1.0" encoding="UTF-8"?>
<!DOCTYPE html PUBLIC "-//W3C//DTD XHTML 1.0 Transitional//EN"
    "http://www.w3.org/TR/xhtml1/DTD/xhtml1-transitional.dtd">
<html xmlns="http://www.w3.org/1999/xhtml" xml:lang="en" lang="en">
 <head>
  <title>
</title>
<meta http-equiv="Content-Type" content="text/html;charset=utf-8" />
  <meta name='ocr-system' content='tesseract 3.04.00' />
  <meta name='ocr-capabilities' content='ocr_page ocr_carea ocr_par ocr_line ocrx_word'/>
</head>
<body>
  <div class='ocr_page' id='page_1' title='image "./ioanniscalviniop30calv_0341.png"; bbox 0 0 2551 3044; ppageno 0'>
   <div class='ocr_carea' id='block_1_1' title="bbox 0 733 47 3044">
    <p class='ocr_par' dir='ltr' id='par_1_1' title="bbox 0 733 47 3044">
     <span class='ocr_line' id='line_1_1' title="bbox 0 733 47 3044; baseline 0 0"><span class='ocrx_word' id='word_1_1' title='bbox 0 733 47 3044; x_wconf 95' lang='lat' dir='ltr'><em> </em></span> 
     </span>
    </p>
   </div>
   <div class='ocr_carea' id='block_1_2' title="bbox 27 2378 39 3031">
    <p class='ocr_par' dir='ltr' id='par_1_2' title="bbox 27 2378 39 3031">
     <span class='ocr_line' id='line_1_2' title="bbox 27 2378 39 3031; baseline 0 0"><span class='ocrx_word' id='word_1_2' title='bbox 27 2378 39 3031; x_wconf 95' lang='lat' dir='ltr'><em> </em></span> 
     </span>
    </p>
   </div>
   <div class='ocr_carea' id='block_1_3' title="bbox 230 216 883 344">
    <p class='ocr_par' dir='ltr' id='par_1_3' title="bbox 230 216 883 344">
     <span class='ocr_line' id='line_1_3' title="bbox 230 216 289 246; baseline -0.017 0"><span class='ocrx_word' id='word_1_3' title='bbox 230 216 289 246; x_wconf 81' lang='lat'><em>661</em></span> 
     </span>
     <span class='ocr_line' id='line_1_4' title="bbox 544 304 883 344; baseline -0.009 0"><span class='ocrx_word' id='word_1_4' title='bbox 544 304 789 344; x_wconf 88' lang='lat' dir='ltr'><strong>HOMILIA</strong></span> <span class='ocrx_word' id='word_1_5' title='bbox 821 304 883 341; x_wconf 87' lang='lat' dir='ltr'><em>CI-</em></span> 
     </span>
    </p>
   </div>
   <div class='ocr_carea' id='block_1_4' title="bbox 223 387 1201 1273">
    <p class='ocr_par' dir='ltr' id='par_1_4' title="bbox 223 387 1201 1273">
     <span class='ocr_line' id='line_1_5' title="bbox 319 387 1198 423; baseline -0.007 0"><span class='ocrx_word' id='word_1_6' title='bbox 319 392 368 423; x_wconf 90' lang='lat'><em>19.</em></span> <span class='ocrx_word' id='word_1_7' title='bbox 391 391 434 422; x_wconf 86' lang='lat' dir='ltr'><em>Et</em></span> <span class='ocrx_word' id='word_1_8' title='bbox 463 389 547 420; x_wconf 82' lang='lat' dir='ltr'><em>dabit</em></span> <span class='ocrx_word' id='word_1_9' title='bbox 577 387 734 418; x_wconf 76' lang='lat' dir='ltr'><em>Dominus</em></span> <span class='ocrx_word' id='word_1_10' title='bbox 768 388 861 418; x_wconf 75' lang='lat' dir='ltr'><em>etiam</em></span> <span class='ocrx_word' id='word_1_11' title='bbox 896 388 1000 418; x_wconf 53' lang='lat' dir='ltr'><em>Israel</em></span> <span class='ocrx_word' id='word_1_12' title='bbox 1028 390 1125 418; x_wconf 83' lang='lat' dir='ltr'><em>tecum</em></span> <span class='ocrx_word' id='word_1_13' title='bbox 1165 387 1198 417; x_wconf 82' lang='lat' dir='ltr'><em>iri</em></span> 
     </span>
     <span class='ocr_line' id='line_1_6' title="bbox 230 430 1197 468; baseline -0.008 -2"><span class='ocrx_word' id='word_1_14' title='bbox 230 444 344 466; x_wconf 68' lang='lat' dir='ltr'><em>marius</em></span> <span class='ocrx_word' id='word_1_15' title='bbox 368 432 557 464; x_wconf 75' lang='lat' dir='ltr'><em>Pliilistiim:</em></span> <span class='ocrx_word' id='word_1_16' title='bbox 584 439 655 460; x_wconf 84' lang='lat' dir='ltr'><em>cras</em></span> <span class='ocrx_word' id='word_1_17' title='bbox 686 431 768 460; x_wconf 77' lang='lat' dir='ltr'><em>euim</em></span> <span class='ocrx_word' id='word_1_18' title='bbox 797 433 831 460; x_wconf 84' lang='lat' dir='ltr'><em>tu</em></span> <span class='ocrx_word' id='word_1_19' title='bbox 863 433 889 460; x_wconf 82' lang='lat' dir='ltr'><em>et</em></span> <span class='ocrx_word' id='word_1_20' title='bbox 915 430 978 468; x_wconf 76' lang='lat' dir='ltr'><em>filii</em></span> <span class='ocrx_word' id='word_1_21' title='bbox 1009 431 1055 460; x_wconf 82' lang='lat' dir='ltr'><em>tui</em></span> <span class='ocrx_word' id='word_1_22' title='bbox 1085 439 1197 459; x_wconf 86' lang='lat' dir='ltr'><em>mecum</em></span> 
     </span>
     <span class='ocr_line' id='line_1_7' title="bbox 231 471 1199 510; baseline -0.007 -2"><span class='ocrx_word' id='word_1_23' title='bbox 231 477 338 508; x_wconf 78' lang='lat' dir='ltr'><em>eritis:</em></span> <span class='ocrx_word' id='word_1_24' title='bbox 359 475 414 506; x_wconf 86' lang='lat' dir='ltr'><em>sed</em></span> <span class='ocrx_word' id='word_1_25' title='bbox 436 477 462 504; x_wconf 83' lang='lat' dir='ltr'><em>et</em></span> <span class='ocrx_word' id='word_1_26' title='bbox 483 475 587 504; x_wconf 84' lang='lat' dir='ltr'><em>castra</em></span> <span class='ocrx_word' id='word_1_27' title='bbox 600 471 703 502; x_wconf 55' lang='lat' dir='ltr'><em>Israel</em></span> <span class='ocrx_word' id='word_1_28' title='bbox 721 473 819 502; x_wconf 80' lang='lat' dir='ltr'><em>tradet</em></span> <span class='ocrx_word' id='word_1_29' title='bbox 831 472 989 502; x_wconf 68' lang='lat' dir='ltr'><em>Dominus</em></span> <span class='ocrx_word' id='word_1_30' title='bbox 1012 473 1046 502; x_wconf 71' lang='lat' dir='ltr'><em>iu</em></span> <span class='ocrx_word' id='word_1_31' title='bbox 1068 481 1199 510; x_wconf 30' lang='lat' dir='ltr'><em>mci—(liius</em></span> 
     </span>
     <span class='ocr_line' id='line_1_8' title="bbox 234 514 1198 553; baseline -0.006 -3"><span class='ocrx_word' id='word_1_32' title='bbox 234 517 421 550; x_wconf 80' lang='lat' dir='ltr'><em>Pliilistiim.</em></span> <span class='ocrx_word' id='word_1_33' title='bbox 466 515 516 546; x_wconf 82' lang='lat'><em>20.</em></span> <span class='ocrx_word' id='word_1_34' title='bbox 541 514 714 552; x_wconf 73' lang='lat' dir='ltr'><em>Statimque</em></span> <span class='ocrx_word' id='word_1_35' title='bbox 740 514 818 545; x_wconf 82' lang='lat' dir='ltr'><em>Saul</em></span> <span class='ocrx_word' id='word_1_36' title='bbox 849 515 955 545; x_wconf 77' lang='lat' dir='ltr'><em>cecidit</em></span> <span class='ocrx_word' id='word_1_37' title='bbox 981 517 1142 553; x_wconf 76' lang='lat' dir='ltr'><em>porrectus</em></span> <span class='ocrx_word' id='word_1_38' title='bbox 1164 514 1198 543; x_wconf 75' lang='lat' dir='ltr'><em>iii</em></span> 
     </span>
     <span class='ocr_line' id='line_1_9' title="bbox 229 556 1197 593; baseline -0.006 -1"><span class='ocrx_word' id='word_1_39' title='bbox 229 564 362 592; x_wconf 85' lang='lat' dir='ltr'><em>terram:</em></span> <span class='ocrx_word' id='word_1_40' title='bbox 383 558 565 589; x_wconf 72' lang='lat' dir='ltr'><em>extimuerat</em></span> <span class='ocrx_word' id='word_1_41' title='bbox 587 557 669 587; x_wconf 75' lang='lat' dir='ltr'><em>enim</em></span> <span class='ocrx_word' id='word_1_42' title='bbox 687 557 776 587; x_wconf 83' lang='lat' dir='ltr'><em>valde</em></span> <span class='ocrx_word' id='word_1_43' title='bbox 798 557 889 587; x_wconf 76' lang='lat' dir='ltr'><em>verba</em></span> <span class='ocrx_word' id='word_1_44' title='bbox 913 556 1077 593; x_wconf 52' lang='lat' dir='ltr'><em>Snonuelzk,</em></span> <span class='ocrx_word' id='word_1_45' title='bbox 1102 559 1127 586; x_wconf 81' lang='lat' dir='ltr'><em>et</em></span> <span class='ocrx_word' id='word_1_46' title='bbox 1147 566 1197 586; x_wconf 92' lang='lat' dir='ltr'><em>ro-</em></span> 
     </span>
     <span class='ocr_line' id='line_1_10' title="bbox 231 599 1197 638; baseline -0.006 -4"><span class='ocrx_word' id='word_1_47' title='bbox 231 604 288 635; x_wconf 87' lang='lat' dir='ltr'><em>bur</em></span> <span class='ocrx_word' id='word_1_48' title='bbox 317 610 376 632; x_wconf 77' lang='lat' dir='ltr'><em>nou</em></span> <span class='ocrx_word' id='word_1_49' title='bbox 402 602 466 630; x_wconf 86' lang='lat' dir='ltr'><em>erat</em></span> <span class='ocrx_word' id='word_1_50' title='bbox 496 600 529 629; x_wconf 78' lang='lat' dir='ltr'><em>iu</em></span> <span class='ocrx_word' id='word_1_51' title='bbox 560 609 600 634; x_wconf 86' lang='lat' dir='ltr'><em>eo,</em></span> <span class='ocrx_word' id='word_1_52' title='bbox 628 599 703 638; x_wconf 75' lang='lat' dir='ltr'><em>quia</em></span> <span class='ocrx_word' id='word_1_53' title='bbox 725 609 788 629; x_wconf 76' lang='lat' dir='ltr'><em>non</em></span> <span class='ocrx_word' id='word_1_54' title='bbox 809 600 982 630; x_wconf 77' lang='lat' dir='ltr'><em>comederat</em></span> <span class='ocrx_word' id='word_1_55' title='bbox 999 609 1114 637; x_wconf 76' lang='lat' dir='ltr'><em>ponem</em></span> <span class='ocrx_word' id='word_1_56' title='bbox 1138 601 1197 628; x_wconf 80' lang='lat' dir='ltr'><em>tota</em></span> 
     </span>
     <span class='ocr_line' id='line_1_11' title="bbox 229 641 1196 681; baseline -0.008 -4"><span class='ocrx_word' id='word_1_57' title='bbox 229 646 279 677; x_wconf 80' lang='lat' dir='ltr'><em>die</em></span> <span class='ocrx_word' id='word_1_58' title='bbox 301 643 368 674; x_wconf 78' lang='lat' dir='ltr'><em>illa.</em></span> <span class='ocrx_word' id='word_1_59' title='bbox 390 642 440 672; x_wconf 81' lang='lat'><em>21.</em></span> <span class='ocrx_word' id='word_1_60' title='bbox 466 641 614 681; x_wconf 76' lang='lat' dir='ltr'><em>Iiiyrcssa</em></span> <span class='ocrx_word' id='word_1_61' title='bbox 637 644 680 671; x_wconf 83' lang='lat' dir='ltr'><em>est</em></span> <span class='ocrx_word' id='word_1_62' title='bbox 703 642 804 680; x_wconf 39' lang='lat' dir='ltr'><em>vitaque</em></span> <span class='ocrx_word' id='word_1_63' title='bbox 826 642 941 671; x_wconf 74' lang='lat' dir='ltr'><em>‘mulie-r</em></span> <span class='ocrx_word' id='word_1_64' title='bbox 964 642 1021 672; x_wconf 78' lang='lat' dir='ltr'><em>illa</em></span> <span class='ocrx_word' id='word_1_65' title='bbox 1043 641 1083 671; x_wconf 77' lang='lat' dir='ltr'><em>acl</em></span> <span class='ocrx_word' id='word_1_66' title='bbox 1109 641 1196 679; x_wconf 68' lang='lat' dir='ltr'><em>Saul,</em></span> 
     </span>
     <span class='ocr_line' id='line_1_12' title="bbox 229 683 1198 725; baseline -0.003 -9"><span class='ocrx_word' id='word_1_67' title='bbox 229 689 257 719; x_wconf 87' lang='lat' dir='ltr'><em>et</em></span> <span class='ocrx_word' id='word_1_68' title='bbox 285 686 378 721; x_wconf 79' lang='lat' dir='ltr'><em>vidit,</em></span> <span class='ocrx_word' id='word_1_69' title='bbox 411 683 624 725; x_wconf 78' lang='lat' dir='ltr'><em>(conturbatus</em></span> <span class='ocrx_word' id='word_1_70' title='bbox 653 684 735 714; x_wconf 79' lang='lat' dir='ltr'><em>enim</em></span> <span class='ocrx_word' id='word_1_71' title='bbox 764 686 830 714; x_wconf 81' lang='lat' dir='ltr'><em>crat</em></span> <span class='ocrx_word' id='word_1_72' title='bbox 859 683 961 724; x_wconf 76' lang='lat' dir='ltr'><em>valde)</em></span> <span class='ocrx_word' id='word_1_73' title='bbox 991 684 1133 722; x_wconf 74' lang='lat' dir='ltr'><em>dixitque</em></span> <span class='ocrx_word' id='word_1_74' title='bbox 1157 683 1198 713; x_wconf 83' lang='lat' dir='ltr'><em>ad</em></span> 
     </span>
     <span class='ocr_line' id='line_1_13' title="bbox 227 725 1198 764; baseline -0.004 -5"><span class='ocrx_word' id='word_1_75' title='bbox 227 738 312 761; x_wconf 86' lang='lat' dir='ltr'><em>eum:</em></span> <span class='ocrx_word' id='word_1_76' title='bbox 343 726 420 758; x_wconf 83' lang='lat' dir='ltr'><em>Ecce</em></span> <span class='ocrx_word' id='word_1_77' title='bbox 449 727 578 757; x_wconf 69' lang='lat' dir='ltr'><em>obedivit</em></span> <span class='ocrx_word' id='word_1_78' title='bbox 605 726 721 757; x_wconf 78' lang='lat' dir='ltr'><em>cucilla</em></span> <span class='ocrx_word' id='word_1_79' title='bbox 751 729 804 757; x_wconf 83' lang='lat' dir='ltr'><em>tua</em></span> <span class='ocrx_word' id='word_1_80' title='bbox 834 727 898 756; x_wconf 86' lang='lat' dir='ltr'><em>voci</em></span> <span class='ocrx_word' id='word_1_81' title='bbox 932 729 1019 763; x_wconf 87' lang='lat' dir='ltr'><em>tuac,</em></span> <span class='ocrx_word' id='word_1_82' title='bbox 1049 728 1074 756; x_wconf 77' lang='lat' dir='ltr'><em>et</em></span> <span class='ocrx_word' id='word_1_83' title='bbox 1104 725 1198 764; x_wconf 78' lang='lat' dir='ltr'><em>posui</em></span> 
     </span>
     <span class='ocr_line' id='line_1_14' title="bbox 230 769 1197 805; baseline -0.005 -3"><span class='ocrx_word' id='word_1_84' title='bbox 230 771 369 803; x_wconf 75' lang='lat' dir='ltr'><em>animam</em></span> <span class='ocrx_word' id='word_1_85' title='bbox 381 779 481 799; x_wconf 82' lang='lat' dir='ltr'><em>meam</em></span> <span class='ocrx_word' id='word_1_86' title='bbox 499 769 532 799; x_wconf 77' lang='lat' dir='ltr'><em>in</em></span> <span class='ocrx_word' id='word_1_87' title='bbox 549 779 646 799; x_wconf 78' lang='lat' dir='ltr'><em>mauu</em></span> <span class='ocrx_word' id='word_1_88' title='bbox 663 778 741 805; x_wconf 79' lang='lat' dir='ltr'><em>mea,</em></span> <span class='ocrx_word' id='word_1_89' title='bbox 766 771 792 799; x_wconf 88' lang='lat' dir='ltr'><em>et</em></span> <span class='ocrx_word' id='word_1_90' title='bbox 814 769 923 799; x_wconf 81' lang='lat' dir='ltr'><em>audivi</em></span> <span class='ocrx_word' id='word_1_91' title='bbox 946 778 1102 799; x_wconf 77' lang='lat' dir='ltr'><em>sermones</em></span> <span class='ocrx_word' id='word_1_92' title='bbox 1120 770 1197 805; x_wconf 82' lang='lat' dir='ltr'><em>tuos,</em></span> 
     </span>
     <span class='ocr_line' id='line_1_15' title="bbox 229 811 1199 853; baseline -0.004 -10"><span class='ocrx_word' id='word_1_93' title='bbox 229 822 305 853; x_wconf 77' lang='lat' dir='ltr'><em>quos</em></span> <span class='ocrx_word' id='word_1_94' title='bbox 327 812 469 850; x_wconf 72' lang='lat' dir='ltr'><em>loquutus</em></span> <span class='ocrx_word' id='word_1_95' title='bbox 491 821 522 842; x_wconf 83' lang='lat' dir='ltr'><em>es</em></span> <span class='ocrx_word' id='word_1_96' title='bbox 545 811 586 842; x_wconf 84' lang='lat' dir='ltr'><em>ad</em></span> <span class='ocrx_word' id='word_1_97' title='bbox 608 821 664 841; x_wconf 85' lang='lat' dir='ltr'><em>me.</em></span> <span class='ocrx_word' id='word_1_98' title='bbox 707 811 757 841; x_wconf 79' lang='lat'><em>22.</em></span> <span class='ocrx_word' id='word_1_99' title='bbox 784 811 877 841; x_wconf 78' lang='lat' dir='ltr'><em>Nune</em></span> <span class='ocrx_word' id='word_1_100' title='bbox 901 811 995 850; x_wconf 72' lang='lat' dir='ltr'><em>iyitur</em></span> <span class='ocrx_word' id='word_1_101' title='bbox 1018 811 1095 841; x_wconf 81' lang='lat' dir='ltr'><em>audi</em></span> <span class='ocrx_word' id='word_1_102' title='bbox 1118 813 1145 840; x_wconf 80' lang='lat' dir='ltr'><em>et</em></span> <span class='ocrx_word' id='word_1_103' title='bbox 1166 812 1199 840; x_wconf 77' lang='lat' dir='ltr'><em>tu</em></span> 
     </span>
     <span class='ocr_line' id='line_1_16' title="bbox 227 852 1199 892; baseline -0.005 -6"><span class='ocrx_word' id='word_1_104' title='bbox 227 864 330 886; x_wconf 79' lang='lat' dir='ltr'><em>vocem</em></span> <span class='ocrx_word' id='word_1_105' title='bbox 362 854 495 884; x_wconf 75' lang='lat' dir='ltr'><em>ancillae</em></span> <span class='ocrx_word' id='word_1_106' title='bbox 528 856 611 891; x_wconf 80' lang='lat' dir='ltr'><em>tuae,</em></span> <span class='ocrx_word' id='word_1_107' title='bbox 645 856 671 883; x_wconf 84' lang='lat' dir='ltr'><em>et</em></span> <span class='ocrx_word' id='word_1_108' title='bbox 697 863 815 892; x_wconf 80' lang='lat' dir='ltr'><em>ponam</em></span> <span class='ocrx_word' id='word_1_109' title='bbox 849 864 951 884; x_wconf 76' lang='lat' dir='ltr'><em>coram</em></span> <span class='ocrx_word' id='word_1_110' title='bbox 979 855 1006 882; x_wconf 85' lang='lat' dir='ltr'><em>te</em></span> <span class='ocrx_word' id='word_1_111' title='bbox 1035 852 1199 883; x_wconf 77' lang='lat' dir='ltr'><em>buccellam</em></span> 
     </span>
     <span class='ocr_line' id='line_1_17' title="bbox 223 896 1199 937; baseline -0.004 -9"><span class='ocrx_word' id='word_1_112' title='bbox 223 897 331 937; x_wconf 73' lang='lat' dir='ltr'><em>panis,</em></span> <span class='ocrx_word' id='word_1_113' title='bbox 361 899 395 926; x_wconf 89' lang='lat' dir='ltr'><em>ut</em></span> <span class='ocrx_word' id='word_1_114' title='bbox 424 896 579 926; x_wconf 76' lang='lat' dir='ltr'><em>comedens</em></span> <span class='ocrx_word' id='word_1_115' title='bbox 602 896 794 926; x_wconf 77' lang='lat' dir='ltr'><em>convalescas</em></span> <span class='ocrx_word' id='word_1_116' title='bbox 825 899 850 926; x_wconf 85' lang='lat' dir='ltr'><em>et</em></span> <span class='ocrx_word' id='word_1_117' title='bbox 874 896 982 934; x_wconf 72' lang='lat' dir='ltr'><em>possis</em></span> <span class='ocrx_word' id='word_1_118' title='bbox 1011 896 1070 925; x_wconf 83' lang='lat' dir='ltr'><em>iter</em></span> <span class='ocrx_word' id='word_1_119' title='bbox 1100 905 1199 934; x_wconf 70' lang='lat' dir='ltr'><em>ayere.</em></span> 
     </span>
     <span class='ocr_line' id='line_1_18' title="bbox 228 938 1201 977; baseline -0.004 -7"><span class='ocrx_word' id='word_1_120' title='bbox 228 940 280 971; x_wconf 82' lang='lat'><em>23.</em></span> <span class='ocrx_word' id='word_1_121' title='bbox 322 939 383 977; x_wconf 68' lang='lat' dir='ltr'><em>Qui</em></span> <span class='ocrx_word' id='word_1_122' title='bbox 412 939 524 975; x_wconf 80' lang='lat' dir='ltr'><em>renuit,</em></span> <span class='ocrx_word' id='word_1_123' title='bbox 559 940 585 968; x_wconf 91' lang='lat' dir='ltr'><em>et</em></span> <span class='ocrx_word' id='word_1_124' title='bbox 618 938 678 968; x_wconf 82' lang='lat' dir='ltr'><em>ait.-</em></span> <span class='ocrx_word' id='word_1_125' title='bbox 715 938 786 969; x_wconf 83' lang='lat' dir='ltr'><em>Non</em></span> <span class='ocrx_word' id='word_1_126' title='bbox 814 939 977 969; x_wconf 81' lang='lat' dir='ltr'><em>comedam.</em></span> <span class='ocrx_word' id='word_1_127' title='bbox 1031 938 1201 977; x_wconf 71' lang='lat' dir='ltr'><em>Coeyerunt</em></span> 
     </span>
     <span class='ocr_line' id='line_1_19' title="bbox 228 980 1200 1020; baseline -0.005 -6"><span class='ocrx_word' id='word_1_128' title='bbox 228 984 330 1014; x_wconf 82' lang='lat' dir='ltr'><em>autem</em></span> <span class='ocrx_word' id='word_1_129' title='bbox 350 990 419 1013; x_wconf 88' lang='lat' dir='ltr'><em>eum</em></span> <span class='ocrx_word' id='word_1_130' title='bbox 439 981 524 1012; x_wconf 73' lang='lat' dir='ltr'><em>servi</em></span> <span class='ocrx_word' id='word_1_131' title='bbox 546 980 597 1011; x_wconf 75' lang='lat' dir='ltr'><em>sui</em></span> <span class='ocrx_word' id='word_1_132' title='bbox 620 983 646 1010; x_wconf 87' lang='lat' dir='ltr'><em>et</em></span> <span class='ocrx_word' id='word_1_133' title='bbox 668 980 790 1020; x_wconf 81' lang='lat' dir='ltr'><em>mulier,</em></span> <span class='ocrx_word' id='word_1_134' title='bbox 815 983 839 1011; x_wconf 85' lang='lat' dir='ltr'><em>et</em></span> <span class='ocrx_word' id='word_1_135' title='bbox 862 981 982 1011; x_wconf 76' lang='lat' dir='ltr'><em>tandem</em></span> <span class='ocrx_word' id='word_1_136' title='bbox 1006 980 1115 1010; x_wconf 81' lang='lat' dir='ltr'><em>audita</em></span> <span class='ocrx_word' id='word_1_137' title='bbox 1134 989 1200 1010; x_wconf 81' lang='lat' dir='ltr'><em>voce</em></span> 
     </span>
     <span class='ocr_line' id='line_1_20' title="bbox 227 1021 1199 1061; baseline -0.002 -7"><span class='ocrx_word' id='word_1_138' title='bbox 227 1033 330 1055; x_wconf 85' lang='lat' dir='ltr'><em>eorum</em></span> <span class='ocrx_word' id='word_1_139' title='bbox 342 1023 480 1054; x_wconf 73' lang='lat' dir='ltr'><em>surrexit</em></span> <span class='ocrx_word' id='word_1_140' title='bbox 494 1023 531 1054; x_wconf 79' lang='lat' dir='ltr'><em>de</em></span> <span class='ocrx_word' id='word_1_141' title='bbox 543 1026 637 1061; x_wconf 81' lang='lat' dir='ltr'><em>terra,</em></span> <span class='ocrx_word' id='word_1_142' title='bbox 661 1026 688 1053; x_wconf 80' lang='lat' dir='ltr'><em>et</em></span> <span class='ocrx_word' id='word_1_143' title='bbox 705 1023 784 1053; x_wconf 79' lang='lat' dir='ltr'><em>sedit</em></span> <span class='ocrx_word' id='word_1_144' title='bbox 801 1033 897 1061; x_wconf 75' lang='lat' dir='ltr'><em>super</em></span> <span class='ocrx_word' id='word_1_145' title='bbox 919 1023 1035 1053; x_wconf 83' lang='lat' dir='ltr'><em>lectum.</em></span> <span class='ocrx_word' id='word_1_146' title='bbox 1060 1022 1110 1052; x_wconf 82' lang='lat'><em>24.</em></span> <span class='ocrx_word' id='word_1_147' title='bbox 1127 1021 1199 1052; x_wconf 85' lang='lat' dir='ltr'><em>Mu-</em></span> 
     </span>
     <span class='ocr_line' id='line_1_21' title="bbox 228 1065 1199 1104; baseline -0.001 -6"><span class='ocrx_word' id='word_1_148' title='bbox 228 1067 287 1098; x_wconf 80' lang='lat' dir='ltr'><em>lier</em></span> <span class='ocrx_word' id='word_1_149' title='bbox 318 1069 420 1096; x_wconf 86' lang='lat' dir='ltr'><em>autem</em></span> <span class='ocrx_word' id='word_1_150' title='bbox 452 1065 509 1096; x_wconf 84' lang='lat' dir='ltr'><em>illa</em></span> <span class='ocrx_word' id='word_1_151' title='bbox 538 1065 666 1095; x_wconf 69' lang='lat' dir='ltr'><em>habehat</em></span> <span class='ocrx_word' id='word_1_152' title='bbox 692 1065 824 1096; x_wconf 83' lang='lat' dir='ltr'><em>vitulum</em></span> <span class='ocrx_word' id='word_1_153' title='bbox 844 1065 1023 1104; x_wconf 74' lang='lat' dir='ltr'><em>pascualem</em></span> <span class='ocrx_word' id='word_1_154' title='bbox 1046 1065 1080 1095; x_wconf 80' lang='lat' dir='ltr'><em>iu</em></span> <span class='ocrx_word' id='word_1_155' title='bbox 1103 1065 1199 1097; x_wconf 76' lang='lat' dir='ltr'><em>domo.</em></span> 
     </span>
     <span class='ocr_line' id='line_1_22' title="bbox 227 1107 1201 1148; baseline -0.003 -9"><span class='ocrx_word' id='word_1_156' title='bbox 227 1112 255 1140; x_wconf 88' lang='lat' dir='ltr'><em>et</em></span> <span class='ocrx_word' id='word_1_157' title='bbox 264 1108 432 1148; x_wconf 74' lang='lat' dir='ltr'><em>festinavit,</em></span> <span class='ocrx_word' id='word_1_158' title='bbox 456 1111 482 1138; x_wconf 81' lang='lat' dir='ltr'><em>et</em></span> <span class='ocrx_word' id='word_1_159' title='bbox 494 1108 603 1138; x_wconf 78' lang='lat' dir='ltr'><em>occidit</em></span> <span class='ocrx_word' id='word_1_160' title='bbox 620 1118 705 1138; x_wconf 73' lang='lat' dir='ltr'><em>eum:</em></span> <span class='ocrx_word' id='word_1_161' title='bbox 727 1107 891 1146; x_wconf 77' lang='lat' dir='ltr'><em>tollensque</em></span> <span class='ocrx_word' id='word_1_162' title='bbox 907 1108 1058 1146; x_wconf 78' lang='lat' dir='ltr'><em>farinam,</em></span> <span class='ocrx_word' id='word_1_163' title='bbox 1078 1107 1201 1137; x_wconf 75' lang='lat' dir='ltr'><em>miscuit</em></span> 
     </span>
     <span class='ocr_line' id='line_1_23' title="bbox 227 1149 1201 1189; baseline -0.003 -7"><span class='ocrx_word' id='word_1_164' title='bbox 227 1161 296 1182; x_wconf 84' lang='lat' dir='ltr'><em>eam</em></span> <span class='ocrx_word' id='word_1_165' title='bbox 319 1153 345 1181; x_wconf 88' lang='lat' dir='ltr'><em>et</em></span> <span class='ocrx_word' id='word_1_166' title='bbox 367 1150 446 1181; x_wconf 66' lang='lat' dir='ltr'><em>coxit</em></span> <span class='ocrx_word' id='word_1_167' title='bbox 468 1160 588 1189; x_wconf 65' lang='lat' dir='ltr'><em>azyma.</em></span> <span class='ocrx_word' id='word_1_168' title='bbox 612 1149 663 1180; x_wconf 80' lang='lat'><em>25.</em></span> <span class='ocrx_word' id='word_1_169' title='bbox 689 1149 731 1180; x_wconf 81' lang='lat' dir='ltr'><em>Et</em></span> <span class='ocrx_word' id='word_1_170' title='bbox 748 1151 855 1189; x_wconf 75' lang='lat' dir='ltr'><em>posuit</em></span> <span class='ocrx_word' id='word_1_171' title='bbox 877 1154 947 1181; x_wconf 76' lang='lat' dir='ltr'><em>ante</em></span> <span class='ocrx_word' id='word_1_172' title='bbox 972 1150 1058 1187; x_wconf 83' lang='lat' dir='ltr'><em>Saul,</em></span> <span class='ocrx_word' id='word_1_173' title='bbox 1083 1152 1109 1180; x_wconf 78' lang='lat' dir='ltr'><em>et</em></span> <span class='ocrx_word' id='word_1_174' title='bbox 1132 1151 1201 1179; x_wconf 73' lang='lat' dir='ltr'><em>ante</em></span> 
     </span>
     <span class='ocr_line' id='line_1_24' title="bbox 225 1193 1201 1232; baseline -0.002 -8"><span class='ocrx_word' id='word_1_175' title='bbox 225 1203 327 1225; x_wconf 78' lang='lat' dir='ltr'><em>servos</em></span> <span class='ocrx_word' id='word_1_176' title='bbox 354 1194 439 1223; x_wconf 84' lang='lat' dir='ltr'><em>eius:</em></span> <span class='ocrx_word' id='word_1_177' title='bbox 475 1193 530 1232; x_wconf 81' lang='lat' dir='ltr'><em>qui</em></span> <span class='ocrx_word' id='word_1_178' title='bbox 557 1202 653 1231; x_wconf 81' lang='lat' dir='ltr'><em>quum</em></span> <span class='ocrx_word' id='word_1_179' title='bbox 675 1193 889 1231; x_wconf 79' lang='lat' dir='ltr'><em>comedissent,</em></span> <span class='ocrx_word' id='word_1_180' title='bbox 919 1194 1138 1231; x_wconf 59' lang='lat' dir='ltr'><em>surrexerunt,</em></span> <span class='ocrx_word' id='word_1_181' title='bbox 1173 1194 1201 1222; x_wconf 85' lang='lat' dir='ltr'><em>et</em></span> 
     </span>
     <span class='ocr_line' id='line_1_25' title="bbox 229 1235 914 1273; baseline 0 -7"><span class='ocrx_word' id='word_1_182' title='bbox 229 1235 464 1267; x_wconf 79' lang='lat' dir='ltr'><em>ambulaverunt</em></span> <span class='ocrx_word' id='word_1_183' title='bbox 481 1245 541 1273; x_wconf 76' lang='lat' dir='ltr'><em>per</em></span> <span class='ocrx_word' id='word_1_184' title='bbox 561 1237 656 1265; x_wconf 79' lang='lat' dir='ltr'><em>totam</em></span> <span class='ocrx_word' id='word_1_185' title='bbox 679 1238 796 1266; x_wconf 74' lang='lat' dir='ltr'><em>noctem</em></span> <span class='ocrx_word' id='word_1_186' title='bbox 815 1235 914 1266; x_wconf 76' lang='lat' dir='ltr'><em>illam.</em></span> 
     </span>
    </p>
   </div>
   <div class='ocr_carea' id='block_1_5' title="bbox 227 1319 1208 2673">
    <p class='ocr_par' dir='ltr' id='par_1_5' title="bbox 227 1319 1208 2673">
     <span class='ocr_line' id='line_1_26' title="bbox 319 1319 1199 1350; baseline -0.001 0"><span class='ocrx_word' id='word_1_187' title='bbox 319 1320 484 1350; x_wconf 85' lang='lat' dir='ltr'><em>Hesterna</em></span> <span class='ocrx_word' id='word_1_188' title='bbox 514 1319 669 1350; x_wconf 82' lang='lat' dir='ltr'><em>concione</em></span> <span class='ocrx_word' id='word_1_189' title='bbox 696 1319 881 1350; x_wconf 86' lang='lat' dir='ltr'><em>audivimus</em></span> <span class='ocrx_word' id='word_1_190' title='bbox 905 1319 1038 1350; x_wconf 79' lang='lat' dir='ltr'><em>Saulem</em></span> <span class='ocrx_word' id='word_1_191' title='bbox 1062 1319 1199 1349; x_wconf 90' lang='lat' dir='ltr'><em>nimium</em></span> 
     </span>
     <span class='ocr_line' id='line_1_27' title="bbox 230 1361 1201 1402; baseline -0.003 -8"><span class='ocrx_word' id='word_1_192' title='bbox 230 1361 475 1394; x_wconf 78' lang='lat' dir='ltr'><em>misericordem</em></span> <span class='ocrx_word' id='word_1_193' title='bbox 506 1368 619 1392; x_wconf 81' lang='lat' dir='ltr'><em>eontra</em></span> <span class='ocrx_word' id='word_1_194' title='bbox 643 1363 704 1393; x_wconf 88' lang='lat' dir='ltr'><em>Dei</em></span> <span class='ocrx_word' id='word_1_195' title='bbox 730 1369 935 1402; x_wconf 87' lang='lat' dir='ltr'><em>praeceptum</em></span> <span class='ocrx_word' id='word_1_196' title='bbox 961 1363 1110 1393; x_wconf 90' lang='lat' dir='ltr'><em>ultimum</em></span> <span class='ocrx_word' id='word_1_197' title='bbox 1136 1362 1201 1392; x_wconf 86' lang='lat' dir='ltr'><em>exi-</em></span> 
     </span>
     <span class='ocr_line' id='line_1_28' title="bbox 231 1404 1198 1444; baseline -0.002 -8"><span class='ocrx_word' id='word_1_198' title='bbox 231 1407 312 1436; x_wconf 89' lang='lat' dir='ltr'><em>tium</em></span> <span class='ocrx_word' id='word_1_199' title='bbox 337 1406 369 1435; x_wconf 90' lang='lat' dir='ltr'><em>in</em></span> <span class='ocrx_word' id='word_1_200' title='bbox 394 1415 488 1435; x_wconf 87' lang='lat' dir='ltr'><em>suum</em></span> <span class='ocrx_word' id='word_1_201' title='bbox 513 1410 611 1443; x_wconf 86' lang='lat' dir='ltr'><em>caput</em></span> <span class='ocrx_word' id='word_1_202' title='bbox 634 1405 847 1441; x_wconf 73' lang='lat' dir='ltr'><em>accen-sivisse,</em></span> <span class='ocrx_word' id='word_1_203' title='bbox 876 1404 960 1444; x_wconf 90' lang='lat' dir='ltr'><em>quod</em></span> <span class='ocrx_word' id='word_1_204' title='bbox 985 1405 1023 1435; x_wconf 89' lang='lat' dir='ltr'><em>de</em></span> <span class='ocrx_word' id='word_1_205' title='bbox 1044 1404 1198 1435; x_wconf 85' lang='lat' dir='ltr'><em>Hamale-</em></span> 
     </span>
     <span class='ocr_line' id='line_1_29' title="bbox 227 1446 1198 1486; baseline -0.003 -7"><span class='ocrx_word' id='word_1_206' title='bbox 227 1448 300 1479; x_wconf 84' lang='lat' dir='ltr'><em>citis</em></span> <span class='ocrx_word' id='word_1_207' title='bbox 337 1457 401 1477; x_wconf 88' lang='lat' dir='ltr'><em>non</em></span> <span class='ocrx_word' id='word_1_208' title='bbox 436 1448 628 1486; x_wconf 74' lang='lat' dir='ltr'><em>sumpsisset</em></span> <span class='ocrx_word' id='word_1_209' title='bbox 658 1457 738 1486; x_wconf 87' lang='lat' dir='ltr'><em>quas</em></span> <span class='ocrx_word' id='word_1_210' title='bbox 769 1446 861 1478; x_wconf 89' lang='lat' dir='ltr'><em>Deus</em></span> <span class='ocrx_word' id='word_1_211' title='bbox 892 1457 1012 1486; x_wconf 89' lang='lat' dir='ltr'><em>poenas</em></span> <span class='ocrx_word' id='word_1_212' title='bbox 1045 1448 1198 1477; x_wconf 86' lang='lat' dir='ltr'><em>iusserat:</em></span> 
     </span>
     <span class='ocr_line' id='line_1_30' title="bbox 228 1489 1198 1529; baseline -0.002 -8"><span class='ocrx_word' id='word_1_213' title='bbox 228 1491 294 1522; x_wconf 85' lang='lat' dir='ltr'><em>iam</em></span> <span class='ocrx_word' id='word_1_214' title='bbox 325 1490 472 1528; x_wconf 85' lang='lat' dir='ltr'><em>sequitur</em></span> <span class='ocrx_word' id='word_1_215' title='bbox 502 1489 752 1529; x_wconf 81' lang='lat' dir='ltr'><em>expendendum</em></span> <span class='ocrx_word' id='word_1_216' title='bbox 777 1489 862 1529; x_wconf 91' lang='lat' dir='ltr'><em>quod</em></span> <span class='ocrx_word' id='word_1_217' title='bbox 886 1490 1037 1520; x_wconf 87' lang='lat' dir='ltr'><em>adiicitur</em></span> <span class='ocrx_word' id='word_1_218' title='bbox 1060 1500 1123 1520; x_wconf 88' lang='lat' dir='ltr'><em>non</em></span> <span class='ocrx_word' id='word_1_219' title='bbox 1148 1500 1198 1519; x_wconf 89' lang='lat' dir='ltr'><em>so-</em></span> 
     </span>
     <span class='ocr_line' id='line_1_31' title="bbox 228 1532 1197 1572; baseline -0.001 -9"><span class='ocrx_word' id='word_1_220' title='bbox 228 1533 295 1563; x_wconf 90' lang='lat' dir='ltr'><em>lum</em></span> <span class='ocrx_word' id='word_1_221' title='bbox 326 1532 433 1572; x_wconf 91' lang='lat' dir='ltr'><em>ipsum</em></span> <span class='ocrx_word' id='word_1_222' title='bbox 466 1542 587 1570; x_wconf 83' lang='lat' dir='ltr'><em>poenas</em></span> <span class='ocrx_word' id='word_1_223' title='bbox 622 1532 800 1568; x_wconf 90' lang='lat' dir='ltr'><em>luiturum,</em></span> <span class='ocrx_word' id='word_1_224' title='bbox 829 1532 885 1562; x_wconf 88' lang='lat' dir='ltr'><em>sed</em></span> <span class='ocrx_word' id='word_1_225' title='bbox 910 1532 1100 1563; x_wconf 89' lang='lat' dir='ltr'><em>universum</em></span> <span class='ocrx_word' id='word_1_226' title='bbox 1124 1542 1197 1563; x_wconf 88' lang='lat' dir='ltr'><em>eum</em></span> 
     </span>
     <span class='ocr_line' id='line_1_32' title="bbox 227 1574 1196 1616; baseline -0.002 -10"><span class='ocrx_word' id='word_1_227' title='bbox 227 1576 297 1616; x_wconf 89' lang='lat' dir='ltr'><em>ipso</em></span> <span class='ocrx_word' id='word_1_228' title='bbox 331 1574 497 1605; x_wconf 80' lang='lat' dir='ltr'><em>Israelem.</em></span> <span class='ocrx_word' id='word_1_229' title='bbox 543 1574 638 1613; x_wconf 73' lang='lat' dir='ltr'><em>Quod</em></span> <span class='ocrx_word' id='word_1_230' title='bbox 669 1575 788 1604; x_wconf 89' lang='lat' dir='ltr'><em>mirum</em></span> <span class='ocrx_word' id='word_1_231' title='bbox 812 1574 917 1605; x_wconf 84' lang='lat' dir='ltr'><em>videri</em></span> <span class='ocrx_word' id='word_1_232' title='bbox 941 1576 1056 1605; x_wconf 90' lang='lat' dir='ltr'><em>merito</em></span> <span class='ocrx_word' id='word_1_233' title='bbox 1080 1581 1196 1614; x_wconf 89' lang='lat' dir='ltr'><em>posset,</em></span> 
     </span>
     <span class='ocr_line' id='line_1_33' title="bbox 229 1617 1198 1658; baseline -0.002 -10"><span class='ocrx_word' id='word_1_234' title='bbox 229 1628 327 1658; x_wconf 84' lang='lat' dir='ltr'><em>quum</em></span> <span class='ocrx_word' id='word_1_235' title='bbox 348 1617 540 1656; x_wconf 87' lang='lat' dir='ltr'><em>praesertim</em></span> <span class='ocrx_word' id='word_1_236' title='bbox 553 1617 703 1648; x_wconf 81' lang='lat' dir='ltr'><em>Ezechiel</em></span> <span class='ocrx_word' id='word_1_237' title='bbox 724 1618 913 1647; x_wconf 82' lang='lat' dir='ltr'><em>nominatim</em></span> <span class='ocrx_word' id='word_1_238' title='bbox 939 1617 1023 1648; x_wconf 86' lang='lat' dir='ltr'><em>dicat</em></span> <span class='ocrx_word' id='word_1_239' title='bbox 1046 1628 1121 1648; x_wconf 89' lang='lat' dir='ltr'><em>eum</em></span> <span class='ocrx_word' id='word_1_240' title='bbox 1145 1617 1198 1655; x_wconf 91' lang='lat' dir='ltr'><em>qui</em></span> 
     </span>
     <span class='ocr_line' id='line_1_34' title="bbox 229 1659 1198 1700; baseline -0.002 -9"><span class='ocrx_word' id='word_1_241' title='bbox 229 1660 411 1700; x_wconf 83' lang='lat' dir='ltr'><em>peccaverit</em></span> <span class='ocrx_word' id='word_1_242' title='bbox 439 1660 644 1696; x_wconf 85' lang='lat' dir='ltr'><em>moriturum,</em></span> <span class='ocrx_word' id='word_1_243' title='bbox 684 1659 738 1690; x_wconf 85' lang='lat' dir='ltr'><em>sed</em></span> <span class='ocrx_word' id='word_1_244' title='bbox 763 1660 969 1690; x_wconf 84' lang='lat' dir='ltr'><em>innocentem</em></span> <span class='ocrx_word' id='word_1_245' title='bbox 1005 1670 1069 1690; x_wconf 89' lang='lat' dir='ltr'><em>non</em></span> <span class='ocrx_word' id='word_1_246' title='bbox 1105 1659 1198 1698; x_wconf 90' lang='lat' dir='ltr'><em>puni-</em></span> 
     </span>
     <span class='ocr_line' id='line_1_35' title="bbox 228 1701 1197 1741; baseline -0.002 -8"><span class='ocrx_word' id='word_1_247' title='bbox 228 1708 298 1733; x_wconf 84' lang='lat' dir='ltr'><em>tum</em></span> <span class='ocrx_word' id='word_1_248' title='bbox 327 1703 367 1732; x_wconf 88' lang='lat' dir='ltr'><em>iri</em></span> <span class='ocrx_word' id='word_1_249' title='bbox 398 1701 437 1732; x_wconf 85' lang='lat' dir='ltr'><em>ab</em></span> <span class='ocrx_word' id='word_1_250' title='bbox 467 1703 552 1741; x_wconf 77' lang='lat' dir='ltr'><em>ipso:</em></span> <span class='ocrx_word' id='word_1_251' title='bbox 586 1702 745 1741; x_wconf 88' lang='lat' dir='ltr'><em>quomodo</em></span> <span class='ocrx_word' id='word_1_252' title='bbox 769 1702 869 1741; x_wconf 83' lang='lat' dir='ltr'><em>igitur</em></span> <span class='ocrx_word' id='word_1_253' title='bbox 894 1703 982 1733; x_wconf 90' lang='lat' dir='ltr'><em>Deus</em></span> <span class='ocrx_word' id='word_1_254' title='bbox 1006 1702 1197 1732; x_wconf 86' lang='lat' dir='ltr'><em>universum</em></span> 
     </span>
     <span class='ocr_line' id='line_1_36' title="bbox 228 1743 1197 1776; baseline -0.003 0"><span class='ocrx_word' id='word_1_255' title='bbox 228 1744 385 1776; x_wconf 65' lang='lat' dir='ltr'><em>Israelem</em></span> <span class='ocrx_word' id='word_1_256' title='bbox 417 1745 450 1774; x_wconf 86' lang='lat' dir='ltr'><em>in</em></span> <span class='ocrx_word' id='word_1_257' title='bbox 475 1744 585 1775; x_wconf 64' lang='lat' dir='ltr'><em>Saulis</em></span> <span class='ocrx_word' id='word_1_258' title='bbox 619 1744 889 1775; x_wconf 82' lang='lat' dir='ltr'><em>condemnatione</em></span> <span class='ocrx_word' id='word_1_259' title='bbox 920 1744 1085 1775; x_wconf 83' lang='lat' dir='ltr'><em>involvit?</em></span> <span class='ocrx_word' id='word_1_260' title='bbox 1133 1743 1197 1775; x_wconf 82' lang='lat' dir='ltr'><em>Sed</em></span> 
     </span>
     <span class='ocr_line' id='line_1_37' title="bbox 230 1787 1197 1827; baseline -0.002 -9"><span class='ocrx_word' id='word_1_261' title='bbox 230 1787 364 1827; x_wconf 84' lang='lat' dir='ltr'><em>pulchre</em></span> <span class='ocrx_word' id='word_1_262' title='bbox 398 1787 484 1817; x_wconf 86' lang='lat' dir='ltr'><em>iuter</em></span> <span class='ocrx_word' id='word_1_263' title='bbox 518 1798 551 1817; x_wconf 87' lang='lat' dir='ltr'><em>se</em></span> <span class='ocrx_word' id='word_1_264' title='bbox 586 1787 649 1817; x_wconf 86' lang='lat' dir='ltr'><em>ista</em></span> <span class='ocrx_word' id='word_1_265' title='bbox 682 1788 896 1825; x_wconf 84' lang='lat' dir='ltr'><em>conveniunt,</em></span> <span class='ocrx_word' id='word_1_266' title='bbox 928 1787 1197 1826; x_wconf 83' lang='lat' dir='ltr'><em>quemadmodum</em></span> 
     </span>
     <span class='ocr_line' id='line_1_38' title="bbox 231 1829 1197 1869; baseline -0.002 -8"><span class='ocrx_word' id='word_1_267' title='bbox 231 1840 273 1861; x_wconf 82' lang='lat' dir='ltr'><em>ex</em></span> <span class='ocrx_word' id='word_1_268' title='bbox 292 1829 404 1860; x_wconf 86' lang='lat' dir='ltr'><em>multis</em></span> <span class='ocrx_word' id='word_1_269' title='bbox 423 1839 533 1860; x_wconf 83' lang='lat' dir='ltr'><em>sacrae</em></span> <span class='ocrx_word' id='word_1_270' title='bbox 546 1830 726 1869; x_wconf 81' lang='lat' dir='ltr'><em>scripturae</em></span> <span class='ocrx_word' id='word_1_271' title='bbox 745 1829 822 1861; x_wconf 88' lang='lat' dir='ltr'><em>locis</em></span> <span class='ocrx_word' id='word_1_272' title='bbox 842 1836 990 1869; x_wconf 87' lang='lat' dir='ltr'><em>apparet:</em></span> <span class='ocrx_word' id='word_1_273' title='bbox 1013 1839 1197 1868; x_wconf 77' lang='lat' dir='ltr'><em>quanquam</em></span> 
     </span>
     <span class='ocr_line' id='line_1_39' title="bbox 230 1871 1199 1911; baseline -0.001 -8"><span class='ocrx_word' id='word_1_274' title='bbox 230 1872 395 1904; x_wconf 81' lang='lat' dir='ltr'><em>adoranda</em></span> <span class='ocrx_word' id='word_1_275' title='bbox 428 1878 505 1902; x_wconf 86' lang='lat' dir='ltr'><em>sunt</em></span> <span class='ocrx_word' id='word_1_276' title='bbox 538 1871 601 1902; x_wconf 92' lang='lat' dir='ltr'><em>Dei</em></span> <span class='ocrx_word' id='word_1_277' title='bbox 636 1872 769 1908; x_wconf 89' lang='lat' dir='ltr'><em>iudicia,</em></span> <span class='ocrx_word' id='word_1_278' title='bbox 804 1883 903 1911; x_wconf 90' lang='lat' dir='ltr'><em>quum</em></span> <span class='ocrx_word' id='word_1_279' title='bbox 938 1882 1050 1902; x_wconf 90' lang='lat' dir='ltr'><em>omnes</em></span> <span class='ocrx_word' id='word_1_280' title='bbox 1085 1882 1199 1902; x_wconf 88' lang='lat' dir='ltr'><em>sensus</em></span> 
     </span>
     <span class='ocr_line' id='line_1_40' title="bbox 229 1914 1200 1953; baseline -0.001 -8"><span class='ocrx_word' id='word_1_281' title='bbox 229 1920 356 1946; x_wconf 86' lang='lat' dir='ltr'><em>nostros</em></span> <span class='ocrx_word' id='word_1_282' title='bbox 379 1920 544 1953; x_wconf 85' lang='lat' dir='ltr'><em>superant.</em></span> <span class='ocrx_word' id='word_1_283' title='bbox 597 1914 681 1944; x_wconf 83' lang='lat' dir='ltr'><em>Nam</em></span> <span class='ocrx_word' id='word_1_284' title='bbox 713 1915 740 1944; x_wconf 89' lang='lat' dir='ltr'><em>si</em></span> <span class='ocrx_word' id='word_1_285' title='bbox 771 1924 842 1945; x_wconf 88' lang='lat' dir='ltr'><em>cum</em></span> <span class='ocrx_word' id='word_1_286' title='bbox 864 1914 935 1945; x_wconf 90' lang='lat' dir='ltr'><em>Deo</em></span> <span class='ocrx_word' id='word_1_287' title='bbox 966 1915 1133 1951; x_wconf 87' lang='lat' dir='ltr'><em>altercari,</em></span> <span class='ocrx_word' id='word_1_288' title='bbox 1167 1920 1200 1944; x_wconf 90' lang='lat' dir='ltr'><em>et</em></span> 
     </span>
     <span class='ocr_line' id='line_1_41' title="bbox 229 1956 1199 1996; baseline 0 -9"><span class='ocrx_word' id='word_1_289' title='bbox 229 1956 360 1988; x_wconf 84' lang='lat' dir='ltr'><em>tandem</em></span> <span class='ocrx_word' id='word_1_290' title='bbox 384 1967 423 1986; x_wconf 85' lang='lat' dir='ltr'><em>ex</em></span> <span class='ocrx_word' id='word_1_291' title='bbox 449 1957 549 1987; x_wconf 80' lang='lat' dir='ltr'><em>nostri</em></span> <span class='ocrx_word' id='word_1_292' title='bbox 573 1967 687 1987; x_wconf 87' lang='lat' dir='ltr'><em>sensus</em></span> <span class='ocrx_word' id='word_1_293' title='bbox 718 1963 814 1996; x_wconf 86' lang='lat' dir='ltr'><em>captu</em></span> <span class='ocrx_word' id='word_1_294' title='bbox 840 1958 1051 1996; x_wconf 84' lang='lat' dir='ltr'><em>pronuntiare</em></span> <span class='ocrx_word' id='word_1_295' title='bbox 1074 1956 1113 1986; x_wconf 88' lang='lat' dir='ltr'><em>de</em></span> <span class='ocrx_word' id='word_1_296' title='bbox 1138 1956 1199 1987; x_wconf 87' lang='lat' dir='ltr'><em>Dei</em></span> 
     </span>
     <span class='ocr_line' id='line_1_42' title="bbox 231 1998 1201 2038; baseline -0.002 -7"><span class='ocrx_word' id='word_1_297' title='bbox 231 1999 358 2031; x_wconf 84' lang='lat' dir='ltr'><em>iudiciis</em></span> <span class='ocrx_word' id='word_1_298' title='bbox 377 1998 545 2038; x_wconf 79' lang='lat' dir='ltr'><em>vellemus,</em></span> <span class='ocrx_word' id='word_1_299' title='bbox 569 2006 694 2030; x_wconf 85' lang='lat' dir='ltr'><em>certum</em></span> <span class='ocrx_word' id='word_1_300' title='bbox 713 2005 763 2029; x_wconf 86' lang='lat' dir='ltr'><em>est</em></span> <span class='ocrx_word' id='word_1_301' title='bbox 779 2000 839 2030; x_wconf 88' lang='lat' dir='ltr'><em>Dei</em></span> <span class='ocrx_word' id='word_1_302' title='bbox 862 1999 981 2030; x_wconf 87' lang='lat' dir='ltr'><em>iudicia</em></span> <span class='ocrx_word' id='word_1_303' title='bbox 1004 1999 1095 2030; x_wconf 88' lang='lat' dir='ltr'><em>nobis</em></span> <span class='ocrx_word' id='word_1_304' title='bbox 1114 1999 1201 2029; x_wconf 83' lang='lat' dir='ltr'><em>mala</em></span> 
     </span>
     <span class='ocr_line' id='line_1_43' title="bbox 232 2041 1201 2080; baseline 0 -8"><span class='ocrx_word' id='word_1_305' title='bbox 232 2048 265 2073; x_wconf 90' lang='lat' dir='ltr'><em>et</em></span> <span class='ocrx_word' id='word_1_306' title='bbox 291 2041 413 2071; x_wconf 79' lang='lat' dir='ltr'><em>iniusta</em></span> <span class='ocrx_word' id='word_1_307' title='bbox 444 2042 551 2071; x_wconf 88' lang='lat' dir='ltr'><em>visum</em></span> <span class='ocrx_word' id='word_1_308' title='bbox 582 2042 632 2079; x_wconf 86' lang='lat' dir='ltr'><em>iri,</em></span> <span class='ocrx_word' id='word_1_309' title='bbox 661 2041 744 2080; x_wconf 90' lang='lat' dir='ltr'><em>quod</em></span> <span class='ocrx_word' id='word_1_310' title='bbox 776 2041 833 2072; x_wconf 90' lang='lat' dir='ltr'><em>illa</em></span> <span class='ocrx_word' id='word_1_311' title='bbox 856 2043 922 2072; x_wconf 90' lang='lat' dir='ltr'><em>sint</em></span> <span class='ocrx_word' id='word_1_312' title='bbox 944 2042 1037 2072; x_wconf 88' lang='lat' dir='ltr'><em>nobis</em></span> <span class='ocrx_word' id='word_1_313' title='bbox 1061 2052 1145 2072; x_wconf 85' lang='lat' dir='ltr'><em>nova</em></span> <span class='ocrx_word' id='word_1_314' title='bbox 1168 2047 1201 2071; x_wconf 86' lang='lat' dir='ltr'><em>et</em></span> 
     </span>
     <span class='ocr_line' id='line_1_44' title="bbox 232 2083 1200 2115; baseline -0.001 0"><span class='ocrx_word' id='word_1_315' title='bbox 232 2084 414 2115; x_wconf 78' lang='lat' dir='ltr'><em>insolentia.</em></span> <span class='ocrx_word' id='word_1_316' title='bbox 439 2084 504 2114; x_wconf 77' lang='lat' dir='ltr'><em>Sed</em></span> <span class='ocrx_word' id='word_1_317' title='bbox 517 2085 622 2114; x_wconf 84' lang='lat' dir='ltr'><em>sobrie</em></span> <span class='ocrx_word' id='word_1_318' title='bbox 636 2089 667 2113; x_wconf 89' lang='lat' dir='ltr'><em>et</em></span> <span class='ocrx_word' id='word_1_319' title='bbox 683 2084 825 2115; x_wconf 84' lang='lat' dir='ltr'><em>modeste</em></span> <span class='ocrx_word' id='word_1_320' title='bbox 845 2084 884 2114; x_wconf 90' lang='lat' dir='ltr'><em>de</em></span> <span class='ocrx_word' id='word_1_321' title='bbox 903 2085 972 2115; x_wconf 86' lang='lat' dir='ltr'><em>istis</em></span> <span class='ocrx_word' id='word_1_322' title='bbox 992 2083 1200 2114; x_wconf 88' lang='lat' dir='ltr'><em>iudicandum</em></span> 
     </span>
     <span class='ocr_line' id='line_1_45' title="bbox 234 2126 1201 2166; baseline -0.001 -9"><span class='ocrx_word' id='word_1_323' title='bbox 234 2134 291 2162; x_wconf 87' lang='lat' dir='ltr'><em>est,</em></span> <span class='ocrx_word' id='word_1_324' title='bbox 322 2132 355 2156; x_wconf 85' lang='lat' dir='ltr'><em>et</em></span> <span class='ocrx_word' id='word_1_325' title='bbox 383 2127 624 2166; x_wconf 81' lang='lat' dir='ltr'><em>agnoscendum</em></span> <span class='ocrx_word' id='word_1_326' title='bbox 650 2127 757 2156; x_wconf 90' lang='lat' dir='ltr'><em>Deum</em></span> <span class='ocrx_word' id='word_1_327' title='bbox 787 2126 906 2157; x_wconf 87' lang='lat' dir='ltr'><em>iudicia</em></span> <span class='ocrx_word' id='word_1_328' title='bbox 930 2137 989 2157; x_wconf 87' lang='lat' dir='ltr'><em>sua</em></span> <span class='ocrx_word' id='word_1_329' title='bbox 1012 2126 1201 2165; x_wconf 87' lang='lat' dir='ltr'><em>dispensare</em></span> 
     </span>
     <span class='ocr_line' id='line_1_46' title="bbox 234 2168 1201 2208; baseline 0 -10"><span class='ocrx_word' id='word_1_330' title='bbox 234 2168 372 2208; x_wconf 81' lang='lat' dir='ltr'><em>quadam</em></span> <span class='ocrx_word' id='word_1_331' title='bbox 402 2168 593 2199; x_wconf 86' lang='lat' dir='ltr'><em>admiranda</em></span> <span class='ocrx_word' id='word_1_332' title='bbox 623 2169 756 2204; x_wconf 88' lang='lat' dir='ltr'><em>ratione,</em></span> <span class='ocrx_word' id='word_1_333' title='bbox 789 2169 868 2199; x_wconf 86' lang='lat' dir='ltr'><em>adeo</em></span> <span class='ocrx_word' id='word_1_334' title='bbox 891 2168 1020 2208; x_wconf 87' lang='lat' dir='ltr'><em>quidem</em></span> <span class='ocrx_word' id='word_1_335' title='bbox 1045 2178 1080 2199; x_wconf 84' lang='lat' dir='ltr'><em>ut</em></span> <span class='ocrx_word' id='word_1_336' title='bbox 1104 2169 1201 2199; x_wconf 85' lang='lat' dir='ltr'><em>unius</em></span> 
     </span>
     <span class='ocr_line' id='line_1_47' title="bbox 235 2211 1201 2251; baseline 0 -11"><span class='ocrx_word' id='word_1_337' title='bbox 235 2216 400 2250; x_wconf 83' lang='lat' dir='ltr'><em>peccatum</em></span> <span class='ocrx_word' id='word_1_338' title='bbox 424 2211 571 2250; x_wconf 85' lang='lat' dir='ltr'><em>puniens,</em></span> <span class='ocrx_word' id='word_1_339' title='bbox 595 2211 697 2241; x_wconf 87' lang='lat' dir='ltr'><em>multa</em></span> <span class='ocrx_word' id='word_1_340' title='bbox 720 2211 816 2242; x_wconf 88' lang='lat' dir='ltr'><em>simul</em></span> <span class='ocrx_word' id='word_1_341' title='bbox 830 2212 954 2251; x_wconf 88' lang='lat' dir='ltr'><em>puniat.</em></span> <span class='ocrx_word' id='word_1_342' title='bbox 987 2211 1042 2242; x_wconf 75' lang='lat' dir='ltr'><em>Sic</em></span> <span class='ocrx_word' id='word_1_343' title='bbox 1061 2211 1201 2250; x_wconf 84' lang='lat' dir='ltr'><em>exempli</em></span> 
     </span>
     <span class='ocr_line' id='line_1_48' title="bbox 235 2252 1201 2293; baseline 0.001 -11"><span class='ocrx_word' id='word_1_344' title='bbox 235 2252 350 2292; x_wconf 82' lang='lat' dir='ltr'><em>gratia,</em></span> <span class='ocrx_word' id='word_1_345' title='bbox 373 2252 511 2284; x_wconf 86' lang='lat' dir='ltr'><em>Davidis</em></span> <span class='ocrx_word' id='word_1_346' title='bbox 534 2254 573 2284; x_wconf 92' lang='lat' dir='ltr'><em>ob</em></span> <span class='ocrx_word' id='word_1_347' title='bbox 597 2253 734 2293; x_wconf 83' lang='lat' dir='ltr'><em>culpam,</em></span> <span class='ocrx_word' id='word_1_348' title='bbox 761 2254 844 2292; x_wconf 92' lang='lat' dir='ltr'><em>quod</em></span> <span class='ocrx_word' id='word_1_349' title='bbox 869 2254 1026 2293; x_wconf 91' lang='lat' dir='ltr'><em>populum</em></span> <span class='ocrx_word' id='word_1_350' title='bbox 1051 2253 1201 2284; x_wconf 80' lang='lat' dir='ltr'><em>israeliti-</em></span> 
     </span>
     <span class='ocr_line' id='line_1_49' title="bbox 235 2295 1203 2334; baseline 0 -8"><span class='ocrx_word' id='word_1_351' title='bbox 235 2305 309 2326; x_wconf 85' lang='lat' dir='ltr'><em>cum</em></span> <span class='ocrx_word' id='word_1_352' title='bbox 341 2295 576 2333; x_wconf 81' lang='lat' dir='ltr'><em>perlustrasset,</em></span> <span class='ocrx_word' id='word_1_353' title='bbox 608 2302 640 2326; x_wconf 85' lang='lat' dir='ltr'><em>et</em></span> <span class='ocrx_word' id='word_1_354' title='bbox 671 2297 896 2332; x_wconf 69' lang='lat' dir='ltr'><em>recensuisset,</em></span> <span class='ocrx_word' id='word_1_355' title='bbox 927 2296 1089 2326; x_wconf 89' lang='lat' dir='ltr'><em>horrenda</em></span> <span class='ocrx_word' id='word_1_356' title='bbox 1112 2301 1203 2334; x_wconf 88' lang='lat' dir='ltr'><em>peste</em></span> 
     </span>
     <span class='ocr_line' id='line_1_50' title="bbox 235 2336 1203 2378; baseline 0 -10"><span class='ocrx_word' id='word_1_357' title='bbox 235 2342 283 2368; x_wconf 86' lang='lat' dir='ltr'><em>tot</em></span> <span class='ocrx_word' id='word_1_358' title='bbox 306 2336 472 2367; x_wconf 90' lang='lat' dir='ltr'><em>hominum</em></span> <span class='ocrx_word' id='word_1_359' title='bbox 495 2338 598 2368; x_wconf 87' lang='lat' dir='ltr'><em>millia</em></span> <span class='ocrx_word' id='word_1_360' title='bbox 620 2343 697 2368; x_wconf 89' lang='lat' dir='ltr'><em>sunt</em></span> <span class='ocrx_word' id='word_1_361' title='bbox 720 2339 902 2378; x_wconf 87' lang='lat' dir='ltr'><em>absumpta.</em></span> <span class='ocrx_word' id='word_1_362' title='bbox 926 2338 1009 2377; x_wconf 81' lang='lat' dir='ltr'><em>Quis</em></span> <span class='ocrx_word' id='word_1_363' title='bbox 1030 2339 1117 2368; x_wconf 88' lang='lat' dir='ltr'><em>enim</em></span> <span class='ocrx_word' id='word_1_364' title='bbox 1138 2348 1203 2368; x_wconf 91' lang='lat' dir='ltr'><em>non</em></span> 
     </span>
     <span class='ocr_line' id='line_1_51' title="bbox 237 2379 1202 2420; baseline 0.001 -10"><span class='ocrx_word' id='word_1_365' title='bbox 237 2380 402 2410; x_wconf 85' lang='lat' dir='ltr'><em>existimet</em></span> <span class='ocrx_word' id='word_1_366' title='bbox 421 2379 565 2418; x_wconf 87' lang='lat' dir='ltr'><em>iniquum</em></span> <span class='ocrx_word' id='word_1_367' title='bbox 588 2391 667 2418; x_wconf 84' lang='lat' dir='ltr'><em>esse,</em></span> <span class='ocrx_word' id='word_1_368' title='bbox 691 2388 826 2420; x_wconf 85' lang='lat' dir='ltr'><em>propter</em></span> <span class='ocrx_word' id='word_1_369' title='bbox 850 2381 946 2411; x_wconf 89' lang='lat' dir='ltr'><em>unius</em></span> <span class='ocrx_word' id='word_1_370' title='bbox 968 2380 1111 2411; x_wconf 85' lang='lat' dir='ltr'><em>hominis</em></span> <span class='ocrx_word' id='word_1_371' title='bbox 1135 2391 1202 2411; x_wconf 88' lang='lat' dir='ltr'><em>am-</em></span> 
     </span>
     <span class='ocr_line' id='line_1_52' title="bbox 237 2421 1203 2463; baseline 0 -11"><span class='ocrx_word' id='word_1_372' title='bbox 237 2421 391 2452; x_wconf 89' lang='lat' dir='ltr'><em>bitionem</em></span> <span class='ocrx_word' id='word_1_373' title='bbox 409 2426 443 2451; x_wconf 86' lang='lat' dir='ltr'><em>et</em></span> <span class='ocrx_word' id='word_1_374' title='bbox 467 2422 638 2453; x_wconf 87' lang='lat' dir='ltr'><em>vanitatem</em></span> <span class='ocrx_word' id='word_1_375' title='bbox 664 2424 820 2462; x_wconf 90' lang='lat' dir='ltr'><em>populum</em></span> <span class='ocrx_word' id='word_1_376' title='bbox 844 2434 966 2463; x_wconf 80' lang='lat' dir='ltr'><em>poenas</em></span> <span class='ocrx_word' id='word_1_377' title='bbox 990 2422 1101 2453; x_wconf 74' lang='lat' dir='ltr'><em>luere?</em></span> <span class='ocrx_word' id='word_1_378' title='bbox 1138 2422 1203 2454; x_wconf 84' lang='lat' dir='ltr'><em>Sed</em></span> 
     </span>
     <span class='ocr_line' id='line_1_53' title="bbox 236 2463 1203 2505; baseline 0.001 -12"><span class='ocrx_word' id='word_1_379' title='bbox 236 2464 328 2494; x_wconf 88' lang='lat' dir='ltr'><em>Deus</em></span> <span class='ocrx_word' id='word_1_380' title='bbox 342 2463 481 2494; x_wconf 82' lang='lat' dir='ltr'><em>habebat</em></span> <span class='ocrx_word' id='word_1_381' title='bbox 493 2475 566 2494; x_wconf 85' lang='lat' dir='ltr'><em>suas</em></span> <span class='ocrx_word' id='word_1_382' title='bbox 585 2474 699 2496; x_wconf 81' lang='lat' dir='ltr'><em>causas</em></span> <span class='ocrx_word' id='word_1_383' title='bbox 717 2465 899 2505; x_wconf 84' lang='lat' dir='ltr'><em>castigandi</em></span> <span class='ocrx_word' id='word_1_384' title='bbox 923 2465 1078 2505; x_wconf 90' lang='lat' dir='ltr'><em>populum</em></span> <span class='ocrx_word' id='word_1_385' title='bbox 1098 2475 1203 2501; x_wconf 88' lang='lat' dir='ltr'><em>suum,</em></span> 
     </span>
     <span class='ocr_line' id='line_1_54' title="bbox 237 2506 1204 2547; baseline 0.002 -12"><span class='ocrx_word' id='word_1_386' title='bbox 237 2512 368 2546; x_wconf 85' lang='lat' dir='ltr'><em>propter</em></span> <span class='ocrx_word' id='word_1_387' title='bbox 398 2506 622 2545; x_wconf 80' lang='lat' dir='ltr'><em>praecedentia</em></span> <span class='ocrx_word' id='word_1_388' title='bbox 653 2507 763 2545; x_wconf 89' lang='lat' dir='ltr'><em>multa,</em></span> <span class='ocrx_word' id='word_1_389' title='bbox 793 2518 876 2547; x_wconf 86' lang='lat' dir='ltr'><em>quae</em></span> <span class='ocrx_word' id='word_1_390' title='bbox 899 2508 995 2538; x_wconf 91' lang='lat' dir='ltr'><em>simul</em></span> <span class='ocrx_word' id='word_1_391' title='bbox 1019 2508 1108 2538; x_wconf 88' lang='lat' dir='ltr'><em>Deus</em></span> <span class='ocrx_word' id='word_1_392' title='bbox 1131 2518 1204 2538; x_wconf 89' lang='lat' dir='ltr'><em>cum</em></span> 
     </span>
     <span class='ocr_line' id='line_1_55' title="bbox 237 2547 1203 2587; baseline 0 -8"><span class='ocrx_word' id='word_1_393' title='bbox 237 2548 377 2579; x_wconf 85' lang='lat' dir='ltr'><em>Davidis</em></span> <span class='ocrx_word' id='word_1_394' title='bbox 401 2547 497 2587; x_wconf 88' lang='lat' dir='ltr'><em>culpa</em></span> <span class='ocrx_word' id='word_1_395' title='bbox 521 2548 622 2578; x_wconf 85' lang='lat' dir='ltr'><em>voluit</em></span> <span class='ocrx_word' id='word_1_396' title='bbox 645 2549 770 2587; x_wconf 86' lang='lat' dir='ltr'><em>punire.</em></span> <span class='ocrx_word' id='word_1_397' title='bbox 810 2550 934 2581; x_wconf 85' lang='lat' dir='ltr'><em>Idcirco</em></span> <span class='ocrx_word' id='word_1_398' title='bbox 959 2550 1077 2581; x_wconf 85' lang='lat' dir='ltr'><em>dicitur</em></span> <span class='ocrx_word' id='word_1_399' title='bbox 1101 2549 1203 2580; x_wconf 81' lang='lat' dir='ltr'><em>Satan</em></span> 
     </span>
     <span class='ocr_line' id='line_1_56' title="bbox 237 2589 1204 2632; baseline 0.001 -11"><span class='ocrx_word' id='word_1_400' title='bbox 237 2591 409 2621; x_wconf 85' lang='lat' dir='ltr'><em>immisisse</em></span> <span class='ocrx_word' id='word_1_401' title='bbox 440 2590 472 2620; x_wconf 86' lang='lat' dir='ltr'><em>in</em></span> <span class='ocrx_word' id='word_1_402' title='bbox 501 2601 555 2621; x_wconf 86' lang='lat' dir='ltr'><em>cor</em></span> <span class='ocrx_word' id='word_1_403' title='bbox 577 2589 725 2631; x_wconf 81' lang='lat' dir='ltr'><em>Davidis‚</em></span> <span class='ocrx_word' id='word_1_404' title='bbox 756 2594 793 2622; x_wconf 89' lang='lat' dir='ltr'><em>ut</em></span> <span class='ocrx_word' id='word_1_405' title='bbox 822 2592 976 2632; x_wconf 89' lang='lat' dir='ltr'><em>populum</em></span> <span class='ocrx_word' id='word_1_406' title='bbox 1003 2598 1117 2623; x_wconf 86' lang='lat' dir='ltr'><em>contra</em></span> <span class='ocrx_word' id='word_1_407' title='bbox 1140 2592 1204 2622; x_wconf 87' lang='lat' dir='ltr'><em>Dei</em></span> 
     </span>
     <span class='ocr_line' id='line_1_57' title="bbox 238 2634 1208 2673; baseline 0 -9"><span class='ocrx_word' id='word_1_408' title='bbox 238 2640 445 2673; x_wconf 78' lang='lat' dir='ltr'><em>pracceptum</em></span> <span class='ocrx_word' id='word_1_409' title='bbox 470 2637 664 2667; x_wconf 77' lang='lat' dir='ltr'><em>recenseret.</em></span> <span class='ocrx_word' id='word_1_410' title='bbox 686 2634 770 2671; x_wconf 91' lang='lat' dir='ltr'><em>quod</em></span> <span class='ocrx_word' id='word_1_411' title='bbox 796 2635 948 2665; x_wconf 85' lang='lat' dir='ltr'><em>nimirum</em></span> <span class='ocrx_word' id='word_1_412' title='bbox 974 2635 1064 2665; x_wconf 89' lang='lat' dir='ltr'><em>Deus</em></span> <span class='ocrx_word' id='word_1_413' title='bbox 1087 2645 1208 2673; x_wconf 86' lang='lat' dir='ltr'><em>poenas</em></span> 
     </span>
    </p>
   </div>
   <div class='ocr_carea' id='block_1_6' title="bbox 849 209 1600 241">
    <p class='ocr_par' dir='ltr' id='par_1_6' title="bbox 849 209 1600 241">
     <span class='ocr_line' id='line_1_58' title="bbox 849 209 1600 241; baseline -0.003 -1"><span class='ocrx_word' id='word_1_414' title='bbox 849 210 894 240; x_wconf 87' lang='lat' dir='ltr'><em>IN</em></span> <span class='ocrx_word' id='word_1_415' title='bbox 922 210 946 241; x_wconf 92' lang='lat'><em>1.</em></span> <span class='ocrx_word' id='word_1_416' title='bbox 972 210 1060 240; x_wconf 82' lang='lat' dir='ltr'><em>LIB.</em></span> <span class='ocrx_word' id='word_1_417' title='bbox 1083 209 1282 241; x_wconf 79' lang='lat' dir='ltr'><em>SAMUEL.</em></span> <span class='ocrx_word' id='word_1_418' title='bbox 1309 209 1407 240; x_wconf 78' lang='lat' dir='ltr'><em>CAl&#39;.</em></span> <span class='ocrx_word' id='word_1_419' title='bbox 1432 209 1600 239; x_wconf 81' lang='lat' dir='ltr'><em>XXVIII.</em></span> 
     </span>
    </p>
   </div>
   <div class='ocr_carea' id='block_1_7' title="bbox 1221 310 1236 2655">
    <p class='ocr_par' dir='ltr' id='par_1_7' title="bbox 1221 310 1236 2655">
     <span class='ocr_line' id='line_1_59' title="bbox 1221 310 1236 2655; baseline 0 0"><span class='ocrx_word' id='word_1_420' title='bbox 1221 310 1236 2655; x_wconf 95' lang='lat' dir='ltr'><em> </em></span> 
     </span>
    </p>
   </div>
   <div class='ocr_carea' id='block_1_8' title="bbox 2159 207 2221 238">
    <p class='ocr_par' dir='ltr' id='par_1_8' title="bbox 2159 207 2221 238">
     <span class='ocr_line' id='line_1_60' title="bbox 2159 207 2221 238; baseline 0 -1"><span class='ocrx_word' id='word_1_421' title='bbox 2159 207 2221 238; x_wconf 79' lang='lat'><em>662</em></span> 
     </span>
    </p>
   </div>
   <div class='ocr_carea' id='block_1_9' title="bbox 1250 299 2229 2705">
    <p class='ocr_par' dir='ltr' id='par_1_9' title="bbox 1250 299 2229 2705">
     <span class='ocr_line' id='line_1_61' title="bbox 1252 299 2221 341; baseline -0.003 -9"><span class='ocrx_word' id='word_1_422' title='bbox 1252 301 1292 332; x_wconf 86' lang='lat' dir='ltr'><em>ab</em></span> <span class='ocrx_word' id='word_1_423' title='bbox 1315 302 1369 331; x_wconf 90' lang='lat' dir='ltr'><em>illo</em></span> <span class='ocrx_word' id='word_1_424' title='bbox 1395 309 1537 341; x_wconf 82' lang='lat' dir='ltr'><em>repetere</em></span> <span class='ocrx_word' id='word_1_425' title='bbox 1563 301 1667 331; x_wconf 82' lang='lat' dir='ltr'><em>vellet.</em></span> <span class='ocrx_word' id='word_1_426' title='bbox 1698 301 1745 331; x_wconf 87' lang='lat' dir='ltr'><em>Ac</em></span> <span class='ocrx_word' id='word_1_427' title='bbox 1768 310 1846 331; x_wconf 83' lang='lat' dir='ltr'><em>sanc</em></span> <span class='ocrx_word' id='word_1_428' title='bbox 1869 310 1967 339; x_wconf 87' lang='lat' dir='ltr'><em>quum</em></span> <span class='ocrx_word' id='word_1_429' title='bbox 1995 300 2084 330; x_wconf 86' lang='lat' dir='ltr'><em>Deus</em></span> <span class='ocrx_word' id='word_1_430' title='bbox 2106 299 2221 339; x_wconf 84' lang='lat' dir='ltr'><em>implet</em></span> 
     </span>
     <span class='ocr_line' id='line_1_62' title="bbox 1252 343 2220 383; baseline -0.002 -9"><span class='ocrx_word' id='word_1_431' title='bbox 1252 344 1333 383; x_wconf 89' lang='lat' dir='ltr'><em>quod</em></span> <span class='ocrx_word' id='word_1_432' title='bbox 1366 355 1421 383; x_wconf 87' lang='lat' dir='ltr'><em>per</em></span> <span class='ocrx_word' id='word_1_433' title='bbox 1453 344 1554 383; x_wconf 73' lang='lat' dir='ltr'><em>legem</em></span> <span class='ocrx_word' id='word_1_434' title='bbox 1587 344 1730 373; x_wconf 81' lang='lat' dir='ltr'><em>minatus</em></span> <span class='ocrx_word' id='word_1_435' title='bbox 1754 349 1812 381; x_wconf 87' lang='lat' dir='ltr'><em>est,</em></span> <span class='ocrx_word' id='word_1_436' title='bbox 1845 353 1959 381; x_wconf 83' lang='lat' dir='ltr'><em>nempe</em></span> <span class='ocrx_word' id='word_1_437' title='bbox 1982 352 2016 373; x_wconf 86' lang='lat' dir='ltr'><em>se</em></span> <span class='ocrx_word' id='word_1_438' title='bbox 2040 348 2161 381; x_wconf 85' lang='lat' dir='ltr'><em>pestem</em></span> <span class='ocrx_word' id='word_1_439' title='bbox 2187 343 2220 372; x_wconf 89' lang='lat' dir='ltr'><em>in</em></span> 
     </span>
     <span class='ocr_line' id='line_1_63' title="bbox 1251 385 2219 425; baseline -0.003 -9"><span class='ocrx_word' id='word_1_440' title='bbox 1251 386 1334 416; x_wconf 89' lang='lat' dir='ltr'><em>filios</em></span> <span class='ocrx_word' id='word_1_441' title='bbox 1377 392 1508 425; x_wconf 88' lang='lat' dir='ltr'><em>propter</em></span> <span class='ocrx_word' id='word_1_442' title='bbox 1542 392 1712 424; x_wconf 85' lang='lat' dir='ltr'><em>parentum</em></span> <span class='ocrx_word' id='word_1_443' title='bbox 1748 386 1950 424; x_wconf 85' lang='lat' dir='ltr'><em>iniquitatem</em></span> <span class='ocrx_word' id='word_1_444' title='bbox 1986 385 2219 421; x_wconf 83' lang='lat' dir='ltr'><em>immissurum,</em></span> 
     </span>
     <span class='ocr_line' id='line_1_64' title="bbox 1252 427 2218 468; baseline -0.002 -10"><span class='ocrx_word' id='word_1_445' title='bbox 1252 439 1355 468; x_wconf 88' lang='lat' dir='ltr'><em>ncquc</em></span> <span class='ocrx_word' id='word_1_446' title='bbox 1389 428 1584 465; x_wconf 80' lang='lat' dir='ltr'><em>iniustitiae,</em></span> <span class='ocrx_word' id='word_1_447' title='bbox 1626 438 1730 466; x_wconf 78' lang='lat' dir='ltr'><em>noque</em></span> <span class='ocrx_word' id='word_1_448' title='bbox 1764 427 1963 458; x_wconf 80' lang='lat' dir='ltr'><em>crudelitatis</em></span> <span class='ocrx_word' id='word_1_449' title='bbox 2004 436 2022 456; x_wconf 82' lang='lat' dir='ltr'><em>a</em></span> <span class='ocrx_word' id='word_1_450' title='bbox 2056 436 2218 465; x_wconf 85' lang='lat' dir='ltr'><em>quoquam</em></span> 
     </span>
     <span class='ocr_line' id='line_1_65' title="bbox 1251 469 2220 509; baseline -0.003 -8"><span class='ocrx_word' id='word_1_451' title='bbox 1251 471 1394 501; x_wconf 84' lang='lat' dir='ltr'><em>accusari</em></span> <span class='ocrx_word' id='word_1_452' title='bbox 1420 476 1532 509; x_wconf 88' lang='lat' dir='ltr'><em>potest.</em></span> <span class='ocrx_word' id='word_1_453' title='bbox 1580 470 1626 499; x_wconf 60' lang='lat' dir='ltr'><em>A(-</em></span> <span class='ocrx_word' id='word_1_454' title='bbox 1651 471 1675 499; x_wconf 89' lang='lat' dir='ltr'><em>si</em></span> <span class='ocrx_word' id='word_1_455' title='bbox 1701 471 1771 508; x_wconf 85' lang='lat' dir='ltr'><em>quis</em></span> <span class='ocrx_word' id='word_1_456' title='bbox 1795 469 1911 499; x_wconf 77' lang='lat' dir='ltr'><em>audeat</em></span> <span class='ocrx_word' id='word_1_457' title='bbox 1933 470 1992 508; x_wconf 88' lang='lat' dir='ltr'><em>ipsi</em></span> <span class='ocrx_word' id='word_1_458' title='bbox 2017 469 2157 508; x_wconf 79' lang='lat' dir='ltr'><em>obloqui,</em></span> <span class='ocrx_word' id='word_1_459' title='bbox 2186 473 2220 499; x_wconf 83' lang='lat' dir='ltr'><em>et</em></span> 
     </span>
     <span class='ocr_line' id='line_1_66' title="bbox 1252 511 2219 551; baseline -0.002 -8"><span class='ocrx_word' id='word_1_460' title='bbox 1252 514 1406 543; x_wconf 81' lang='lat' dir='ltr'><em>adversus</em></span> <span class='ocrx_word' id='word_1_461' title='bbox 1439 513 1543 551; x_wconf 89' lang='lat' dir='ltr'><em>ipsum</em></span> <span class='ocrx_word' id='word_1_462' title='bbox 1577 512 1665 541; x_wconf 86' lang='lat' dir='ltr'><em>litem</em></span> <span class='ocrx_word' id='word_1_463' title='bbox 1695 513 1864 548; x_wconf 76' lang='lat' dir='ltr'><em>intentare,</em></span> <span class='ocrx_word' id='word_1_464' title='bbox 1896 513 1973 541; x_wconf 84' lang='lat' dir='ltr'><em>satis</em></span> <span class='ocrx_word' id='word_1_465' title='bbox 2007 511 2103 541; x_wconf 84' lang='lat' dir='ltr'><em>habet</em></span> <span class='ocrx_word' id='word_1_466' title='bbox 2129 517 2219 550; x_wconf 88' lang='lat' dir='ltr'><em>pote-</em></span> 
     </span>
     <span class='ocr_line' id='line_1_67' title="bbox 1250 554 2220 586; baseline -0.003 0"><span class='ocrx_word' id='word_1_467' title='bbox 1250 556 1344 586; x_wconf 81' lang='lat' dir='ltr'><em>statis</em></span> <span class='ocrx_word' id='word_1_468' title='bbox 1358 560 1388 585; x_wconf 89' lang='lat' dir='ltr'><em>et</em></span> <span class='ocrx_word' id='word_1_469' title='bbox 1402 555 1582 585; x_wconf 81' lang='lat' dir='ltr'><em>autoritatis</em></span> <span class='ocrx_word' id='word_1_470' title='bbox 1601 554 1640 583; x_wconf 88' lang='lat' dir='ltr'><em>ad</em></span> <span class='ocrx_word' id='word_1_471' title='bbox 1665 554 1820 584; x_wconf 69' lang='lat' dir='ltr'><em>factorum</em></span> <span class='ocrx_word' id='word_1_472' title='bbox 1845 564 1979 584; x_wconf 87' lang='lat' dir='ltr'><em>suorum</em></span> <span class='ocrx_word' id='word_1_473' title='bbox 2005 554 2162 583; x_wconf 72' lang='lat' dir='ltr'><em>iustitiam</em></span> <span class='ocrx_word' id='word_1_474' title='bbox 2186 557 2220 583; x_wconf 88' lang='lat' dir='ltr'><em>et</em></span> 
     </span>
     <span class='ocr_line' id='line_1_68' title="bbox 1251 595 2219 637; baseline -0.003 -9"><span class='ocrx_word' id='word_1_475' title='bbox 1251 598 1446 637; x_wconf 83' lang='lat' dir='ltr'><em>aequitatem</em></span> <span class='ocrx_word' id='word_1_476' title='bbox 1471 598 1677 636; x_wconf 80' lang='lat' dir='ltr'><em>probandam.</em></span> <span class='ocrx_word' id='word_1_477' title='bbox 1705 597 1850 635; x_wconf 81' lang='lat' dir='ltr'><em>Denique</em></span> <span class='ocrx_word' id='word_1_478' title='bbox 1876 597 1943 626; x_wconf 85' lang='lat' dir='ltr'><em>Deo</em></span> <span class='ocrx_word' id='word_1_479' title='bbox 1968 596 2119 635; x_wconf 89' lang='lat' dir='ltr'><em>populum</em></span> <span class='ocrx_word' id='word_1_480' title='bbox 2146 595 2219 625; x_wconf 89' lang='lat' dir='ltr'><em>uni-</em></span> 
     </span>
     <span class='ocr_line' id='line_1_69' title="bbox 1251 638 2220 679; baseline -0.003 -9"><span class='ocrx_word' id='word_1_481' title='bbox 1251 650 1385 670; x_wconf 89' lang='lat' dir='ltr'><em>versum</em></span> <span class='ocrx_word' id='word_1_482' title='bbox 1400 640 1554 679; x_wconf 87' lang='lat' dir='ltr'><em>puniente</em></span> <span class='ocrx_word' id='word_1_483' title='bbox 1568 649 1626 678; x_wconf 83' lang='lat' dir='ltr'><em>pro</em></span> <span class='ocrx_word' id='word_1_484' title='bbox 1647 639 1743 669; x_wconf 74' lang='lat' dir='ltr'><em>nnius</em></span> <span class='ocrx_word' id='word_1_485' title='bbox 1764 639 1905 668; x_wconf 88' lang='lat' dir='ltr'><em>hominis</em></span> <span class='ocrx_word' id='word_1_486' title='bbox 1929 638 2055 675; x_wconf 88' lang='lat' dir='ltr'><em>delicto,</em></span> <span class='ocrx_word' id='word_1_487' title='bbox 2079 639 2220 668; x_wconf 85' lang='lat' dir='ltr'><em>sciamus</em></span> 
     </span>
     <span class='ocr_line' id='line_1_70' title="bbox 1252 680 2217 719; baseline -0.003 -7"><span class='ocrx_word' id='word_1_488' title='bbox 1252 683 1412 712; x_wconf 86' lang='lat' dir='ltr'><em>neminem</em></span> <span class='ocrx_word' id='word_1_489' title='bbox 1446 689 1511 712; x_wconf 87' lang='lat' dir='ltr'><em>tam</em></span> <span class='ocrx_word' id='word_1_490' title='bbox 1542 682 1746 711; x_wconf 70' lang='lat' dir='ltr'><em>innocentem</em></span> <span class='ocrx_word' id='word_1_491' title='bbox 1779 692 1863 717; x_wconf 82' lang='lat' dir='ltr'><em>esse,</em></span> <span class='ocrx_word' id='word_1_492' title='bbox 1895 681 1973 719; x_wconf 90' lang='lat' dir='ltr'><em>quin</em></span> <span class='ocrx_word' id='word_1_493' title='bbox 2005 681 2031 710; x_wconf 86' lang='lat' dir='ltr'><em>si</em></span> <span class='ocrx_word' id='word_1_494' title='bbox 2064 680 2154 710; x_wconf 71' lang='lat' dir='ltr'><em>Deus</em></span> <span class='ocrx_word' id='word_1_495' title='bbox 2183 680 2217 710; x_wconf 92' lang='lat' dir='ltr'><em>in</em></span> 
     </span>
     <span class='ocr_line' id='line_1_71' title="bbox 1251 722 2219 761; baseline -0.003 -6"><span class='ocrx_word' id='word_1_496' title='bbox 1251 725 1404 755; x_wconf 87' lang='lat' dir='ltr'><em>iudicium</em></span> <span class='ocrx_word' id='word_1_497' title='bbox 1420 725 1538 761; x_wconf 87' lang='lat' dir='ltr'><em>veniat,</em></span> <span class='ocrx_word' id='word_1_498' title='bbox 1563 725 1653 753; x_wconf 82' lang='lat' dir='ltr'><em>fateri</em></span> <span class='ocrx_word' id='word_1_499' title='bbox 1668 729 1800 759; x_wconf 61' lang='lat' dir='ltr'><em>coeatur</em></span> <span class='ocrx_word' id='word_1_500' title='bbox 1819 734 1852 753; x_wconf 80' lang='lat' dir='ltr'><em>se</em></span> <span class='ocrx_word' id='word_1_501' title='bbox 1871 723 2004 753; x_wconf 87' lang='lat' dir='ltr'><em>meritas</em></span> <span class='ocrx_word' id='word_1_502' title='bbox 2027 722 2219 753; x_wconf 87' lang='lat' dir='ltr'><em>delictorum</em></span> 
     </span>
     <span class='ocr_line' id='line_1_72' title="bbox 1252 763 2220 806; baseline -0.003 -9"><span class='ocrx_word' id='word_1_503' title='bbox 1252 777 1370 806; x_wconf 78' lang='lat' dir='ltr'><em>poenas</em></span> <span class='ocrx_word' id='word_1_504' title='bbox 1395 767 1481 797; x_wconf 89' lang='lat' dir='ltr'><em>dare.</em></span> <span class='ocrx_word' id='word_1_505' title='bbox 1523 766 1594 796; x_wconf 88' lang='lat' dir='ltr'><em>Hoc</em></span> <span class='ocrx_word' id='word_1_506' title='bbox 1618 766 1716 805; x_wconf 71' lang='lat' dir='ltr'><em>igitur</em></span> <span class='ocrx_word' id='word_1_507' title='bbox 1740 767 1769 795; x_wconf 93' lang='lat' dir='ltr'><em>in</em></span> <span class='ocrx_word' id='word_1_508' title='bbox 1795 767 1907 805; x_wconf 87' lang='lat' dir='ltr'><em>primis</em></span> <span class='ocrx_word' id='word_1_509' title='bbox 1931 766 2078 795; x_wconf 77' lang='lat' dir='ltr'><em>discutito</em></span> <span class='ocrx_word' id='word_1_510' title='bbox 2102 764 2156 803; x_wconf 93' lang='lat' dir='ltr'><em>qui</em></span> <span class='ocrx_word' id='word_1_511' title='bbox 2180 763 2220 794; x_wconf 86' lang='lat' dir='ltr'><em>ad</em></span> 
     </span>
     <span class='ocr_line' id='line_1_73' title="bbox 1252 806 2218 848; baseline -0.003 -9"><span class='ocrx_word' id='word_1_512' title='bbox 1252 820 1358 839; x_wconf 85' lang='lat' dir='ltr'><em>rerum</em></span> <span class='ocrx_word' id='word_1_513' title='bbox 1374 809 1595 848; x_wconf 79' lang='lat' dir='ltr'><em>gubernacula</em></span> <span class='ocrx_word' id='word_1_514' title='bbox 1614 809 1736 845; x_wconf 77' lang='lat' dir='ltr'><em>sedent,</em></span> <span class='ocrx_word' id='word_1_515' title='bbox 1759 808 1903 847; x_wconf 79' lang='lat' dir='ltr'><em>cogitare</em></span> <span class='ocrx_word' id='word_1_516' title='bbox 1922 808 2004 838; x_wconf 89' lang='lat' dir='ltr'><em>serio</em></span> <span class='ocrx_word' id='word_1_517' title='bbox 2023 806 2099 846; x_wconf 89' lang='lat' dir='ltr'><em>quid</em></span> <span class='ocrx_word' id='word_1_518' title='bbox 2123 806 2218 837; x_wconf 84' lang='lat' dir='ltr'><em>officii</em></span> 
     </span>
     <span class='ocr_line' id='line_1_74' title="bbox 1251 850 2217 890; baseline -0.003 -8"><span class='ocrx_word' id='word_1_519' title='bbox 1251 852 1301 882; x_wconf 86' lang='lat' dir='ltr'><em>sui</em></span> <span class='ocrx_word' id='word_1_520' title='bbox 1325 853 1408 882; x_wconf 86' lang='lat' dir='ltr'><em>ratio</em></span> <span class='ocrx_word' id='word_1_521' title='bbox 1432 851 1579 890; x_wconf 81' lang='lat' dir='ltr'><em>postulet,</em></span> <span class='ocrx_word' id='word_1_522' title='bbox 1610 857 1645 880; x_wconf 92' lang='lat' dir='ltr'><em>ut</em></span> <span class='ocrx_word' id='word_1_523' title='bbox 1676 851 1709 880; x_wconf 92' lang='lat' dir='ltr'><em>in</em></span> <span class='ocrx_word' id='word_1_524' title='bbox 1734 851 1919 889; x_wconf 80' lang='lat' dir='ltr'><em>integritate</em></span> <span class='ocrx_word' id='word_1_525' title='bbox 1943 860 2050 880; x_wconf 86' lang='lat' dir='ltr'><em>coram</em></span> <span class='ocrx_word' id='word_1_526' title='bbox 2075 850 2217 880; x_wconf 82' lang='lat' dir='ltr'><em>Domino</em></span> 
     </span>
     <span class='ocr_line' id='line_1_75' title="bbox 1252 890 2217 932; baseline -0.003 -8"><span class='ocrx_word' id='word_1_527' title='bbox 1252 894 1428 925; x_wconf 85' lang='lat' dir='ltr'><em>ambulent.</em></span> <span class='ocrx_word' id='word_1_528' title='bbox 1474 894 1558 924; x_wconf 88' lang='lat' dir='ltr'><em>Nam</em></span> <span class='ocrx_word' id='word_1_529' title='bbox 1589 894 1614 923; x_wconf 91' lang='lat' dir='ltr'><em>si</em></span> <span class='ocrx_word' id='word_1_530' title='bbox 1645 894 1782 932; x_wconf 87' lang='lat' dir='ltr'><em>peccatis</em></span> <span class='ocrx_word' id='word_1_531' title='bbox 1813 894 1879 923; x_wconf 86' lang='lat' dir='ltr'><em>suis</em></span> <span class='ocrx_word' id='word_1_532' title='bbox 1908 893 1940 922; x_wconf 89' lang='lat' dir='ltr'><em>in</em></span> <span class='ocrx_word' id='word_1_533' title='bbox 1972 892 2126 931; x_wconf 89' lang='lat' dir='ltr'><em>populum</em></span> <span class='ocrx_word' id='word_1_534' title='bbox 2155 890 2217 921; x_wconf 85' lang='lat' dir='ltr'><em>Dei</em></span> 
     </span>
     <span class='ocr_line' id='line_1_76' title="bbox 1252 933 2218 973; baseline -0.004 -6"><span class='ocrx_word' id='word_1_535' title='bbox 1252 936 1429 967; x_wconf 84' lang='lat' dir='ltr'><em>vindictam</em></span> <span class='ocrx_word' id='word_1_536' title='bbox 1462 936 1664 971; x_wconf 81' lang='lat' dir='ltr'><em>attraxerint,</em></span> <span class='ocrx_word' id='word_1_537' title='bbox 1689 941 1812 966; x_wconf 88' lang='lat' dir='ltr'><em>certum</em></span> <span class='ocrx_word' id='word_1_538' title='bbox 1835 941 1883 965; x_wconf 87' lang='lat' dir='ltr'><em>est</em></span> <span class='ocrx_word' id='word_1_539' title='bbox 1906 935 1937 964; x_wconf 93' lang='lat' dir='ltr'><em>in</em></span> <span class='ocrx_word' id='word_1_540' title='bbox 1962 945 2021 964; x_wconf 86' lang='lat' dir='ltr'><em>sua</em></span> <span class='ocrx_word' id='word_1_541' title='bbox 2042 934 2149 973; x_wconf 87' lang='lat' dir='ltr'><em>capita</em></span> <span class='ocrx_word' id='word_1_542' title='bbox 2172 933 2218 964; x_wconf 89' lang='lat' dir='ltr'><em>di-</em></span> 
     </span>
     <span class='ocr_line' id='line_1_77' title="bbox 1254 975 2219 1015; baseline -0.003 -6"><span class='ocrx_word' id='word_1_543' title='bbox 1254 979 1363 1009; x_wconf 84' lang='lat' dir='ltr'><em>vinam</em></span> <span class='ocrx_word' id='word_1_544' title='bbox 1383 979 1560 1009; x_wconf 83' lang='lat' dir='ltr'><em>vindictam</em></span> <span class='ocrx_word' id='word_1_545' title='bbox 1583 977 1711 1008; x_wconf 82' lang='lat' dir='ltr'><em>tandem</em></span> <span class='ocrx_word' id='word_1_546' title='bbox 1732 977 1951 1013; x_wconf 81' lang='lat' dir='ltr'><em>derivandam,</em></span> <span class='ocrx_word' id='word_1_547' title='bbox 1975 982 2008 1006; x_wconf 86' lang='lat' dir='ltr'><em>et</em></span> <span class='ocrx_word' id='word_1_548' title='bbox 2030 987 2066 1006; x_wconf 93' lang='lat' dir='ltr'><em>eo</em></span> <span class='ocrx_word' id='word_1_549' title='bbox 2090 975 2219 1015; x_wconf 89' lang='lat' dir='ltr'><em>quidem</em></span> 
     </span>
     <span class='ocr_line' id='line_1_78' title="bbox 1252 1018 2221 1060; baseline -0.004 -8"><span class='ocrx_word' id='word_1_550' title='bbox 1252 1032 1356 1060; x_wconf 85' lang='lat' dir='ltr'><em>magis</em></span> <span class='ocrx_word' id='word_1_551' title='bbox 1376 1021 1572 1052; x_wconf 79' lang='lat' dir='ltr'><em>horrendam</em></span> <span class='ocrx_word' id='word_1_552' title='bbox 1597 1030 1660 1059; x_wconf 90' lang='lat' dir='ltr'><em>quo</em></span> <span class='ocrx_word' id='word_1_553' title='bbox 1684 1020 1779 1050; x_wconf 88' lang='lat' dir='ltr'><em>altius</em></span> <span class='ocrx_word' id='word_1_554' title='bbox 1801 1020 1903 1050; x_wconf 88' lang='lat' dir='ltr'><em>evecti</em></span> <span class='ocrx_word' id='word_1_555' title='bbox 1926 1025 2010 1049; x_wconf 88' lang='lat' dir='ltr'><em>sunt.</em></span> <span class='ocrx_word' id='word_1_556' title='bbox 2035 1018 2221 1058; x_wconf 84' lang='lat' dir='ltr'><em>Diligenter</em></span> 
     </span>
     <span class='ocr_line' id='line_1_79' title="bbox 1253 1061 2221 1103; baseline -0.003 -9"><span class='ocrx_word' id='word_1_557' title='bbox 1253 1065 1354 1103; x_wconf 89' lang='lat' dir='ltr'><em>igitur</em></span> <span class='ocrx_word' id='word_1_558' title='bbox 1385 1070 1521 1094; x_wconf 86' lang='lat' dir='ltr'><em>caveant</em></span> <span class='ocrx_word' id='word_1_559' title='bbox 1544 1073 1585 1092; x_wconf 86' lang='lat' dir='ltr'><em>ne</em></span> <span class='ocrx_word' id='word_1_560' title='bbox 1609 1063 1753 1092; x_wconf 74' lang='lat' dir='ltr'><em>divinam</em></span> <span class='ocrx_word' id='word_1_561' title='bbox 1778 1063 1857 1092; x_wconf 85' lang='lat' dir='ltr'><em>iram</em></span> <span class='ocrx_word' id='word_1_562' title='bbox 1883 1067 2057 1101; x_wconf 84' lang='lat' dir='ltr'><em>provocent</em></span> <span class='ocrx_word' id='word_1_563' title='bbox 2081 1061 2221 1101; x_wconf 84' lang='lat' dir='ltr'><em>peccatis</em></span> 
     </span>
     <span class='ocr_line' id='line_1_80' title="bbox 1253 1104 2220 1145; baseline -0.003 -9"><span class='ocrx_word' id='word_1_564' title='bbox 1253 1107 1320 1136; x_wconf 87' lang='lat' dir='ltr'><em>suis</em></span> <span class='ocrx_word' id='word_1_565' title='bbox 1333 1116 1413 1145; x_wconf 87' lang='lat' dir='ltr'><em>quae</em></span> <span class='ocrx_word' id='word_1_566' title='bbox 1433 1105 1568 1145; x_wconf 86' lang='lat' dir='ltr'><em>populos</em></span> <span class='ocrx_word' id='word_1_567' title='bbox 1590 1105 1686 1135; x_wconf 80' lang='lat' dir='ltr'><em>etiam</em></span> <span class='ocrx_word' id='word_1_568' title='bbox 1708 1105 1862 1135; x_wconf 83' lang='lat' dir='ltr'><em>involvat.</em></span> <span class='ocrx_word' id='word_1_569' title='bbox 1888 1104 2060 1135; x_wconf 82' lang='lat' dir='ltr'><em>Caeterum</em></span> <span class='ocrx_word' id='word_1_570' title='bbox 2080 1104 2220 1134; x_wconf 84' lang='lat' dir='ltr'><em>sciamus</em></span> 
     </span>
     <span class='ocr_line' id='line_1_81' title="bbox 1253 1146 2220 1187; baseline -0.004 -8"><span class='ocrx_word' id='word_1_571' title='bbox 1253 1149 1352 1179; x_wconf 89' lang='lat' dir='ltr'><em>etiam</em></span> <span class='ocrx_word' id='word_1_572' title='bbox 1379 1149 1483 1179; x_wconf 89' lang='lat' dir='ltr'><em>Deum</em></span> <span class='ocrx_word' id='word_1_573' title='bbox 1509 1147 1748 1187; x_wconf 84' lang='lat' dir='ltr'><em>permittentem</em></span> <span class='ocrx_word' id='word_1_574' title='bbox 1775 1158 1875 1186; x_wconf 77' lang='lat' dir='ltr'><em>reges,</em></span> <span class='ocrx_word' id='word_1_575' title='bbox 1906 1147 2076 1186; x_wconf 82' lang='lat' dir='ltr'><em>principes,</em></span> <span class='ocrx_word' id='word_1_576' title='bbox 2101 1152 2132 1175; x_wconf 87' lang='lat' dir='ltr'><em>et</em></span> <span class='ocrx_word' id='word_1_577' title='bbox 2155 1146 2220 1185; x_wconf 88' lang='lat' dir='ltr'><em>pri-</em></span> 
     </span>
     <span class='ocr_line' id='line_1_82' title="bbox 1254 1188 2221 1230; baseline -0.003 -9"><span class='ocrx_word' id='word_1_578' title='bbox 1254 1192 1375 1221; x_wconf 83' lang='lat' dir='ltr'><em>mariae</em></span> <span class='ocrx_word' id='word_1_579' title='bbox 1388 1191 1556 1230; x_wconf 77' lang='lat' dir='ltr'><em>dignitatis</em></span> <span class='ocrx_word' id='word_1_580' title='bbox 1576 1190 1661 1220; x_wconf 89' lang='lat' dir='ltr'><em>viros</em></span> <span class='ocrx_word' id='word_1_581' title='bbox 1681 1190 1713 1219; x_wconf 94' lang='lat' dir='ltr'><em>in</em></span> <span class='ocrx_word' id='word_1_582' title='bbox 1734 1196 1862 1229; x_wconf 86' lang='lat' dir='ltr'><em>peccata</em></span> <span class='ocrx_word' id='word_1_583' title='bbox 1885 1189 1959 1219; x_wconf 88' lang='lat' dir='ltr'><em>ferri</em></span> <span class='ocrx_word' id='word_1_584' title='bbox 1976 1189 2057 1219; x_wconf 87' lang='lat' dir='ltr'><em>laxis</em></span> <span class='ocrx_word' id='word_1_585' title='bbox 2077 1188 2221 1225; x_wconf 85' lang='lat' dir='ltr'><em>habenis,</em></span> 
     </span>
     <span class='ocr_line' id='line_1_83' title="bbox 1253 1230 2219 1272; baseline -0.003 -9"><span class='ocrx_word' id='word_1_586' title='bbox 1253 1234 1369 1272; x_wconf 90' lang='lat' dir='ltr'><em>quibus</em></span> <span class='ocrx_word' id='word_1_587' title='bbox 1410 1234 1512 1272; x_wconf 86' lang='lat' dir='ltr'><em>ipsius</em></span> <span class='ocrx_word' id='word_1_588' title='bbox 1546 1234 1594 1263; x_wconf 82' lang='lat' dir='ltr'><em>ira</em></span> <span class='ocrx_word' id='word_1_589' title='bbox 1629 1239 1822 1271; x_wconf 87' lang='lat' dir='ltr'><em>provocatur</em></span> <span class='ocrx_word' id='word_1_590' title='bbox 1845 1232 1876 1261; x_wconf 86' lang='lat' dir='ltr'><em>id</em></span> <span class='ocrx_word' id='word_1_591' title='bbox 1912 1232 2098 1270; x_wconf 85' lang='lat' dir='ltr'><em>permittere</em></span> <span class='ocrx_word' id='word_1_592' title='bbox 2134 1230 2219 1269; x_wconf 91' lang='lat' dir='ltr'><em>quod</em></span> 
     </span>
     <span class='ocr_line' id='line_1_84' title="bbox 1254 1274 2222 1315; baseline -0.005 -8"><span class='ocrx_word' id='word_1_593' title='bbox 1254 1281 1446 1315; x_wconf 83' lang='lat' dir='ltr'><em>provocatus</em></span> <span class='ocrx_word' id='word_1_594' title='bbox 1481 1275 1619 1315; x_wconf 83' lang='lat' dir='ltr'><em>peccatis</em></span> <span class='ocrx_word' id='word_1_595' title='bbox 1653 1280 1685 1304; x_wconf 87' lang='lat' dir='ltr'><em>ct</em></span> <span class='ocrx_word' id='word_1_596' title='bbox 1720 1274 2028 1313; x_wconf 83' lang='lat' dir='ltr'><em>transgressionibus</em></span> <span class='ocrx_word' id='word_1_597' title='bbox 2066 1274 2222 1311; x_wconf 87' lang='lat' dir='ltr'><em>omnium,</em></span> 
     </span>
     <span class='ocr_line' id='line_1_85' title="bbox 1254 1316 2220 1358; baseline -0.004 -9"><span class='ocrx_word' id='word_1_598' title='bbox 1254 1325 1320 1349; x_wconf 88' lang='lat' dir='ltr'><em>tam</em></span> <span class='ocrx_word' id='word_1_599' title='bbox 1337 1329 1460 1358; x_wconf 82' lang='lat' dir='ltr'><em>regum,</em></span> <span class='ocrx_word' id='word_1_600' title='bbox 1483 1319 1665 1357; x_wconf 85' lang='lat' dir='ltr'><em>principum</em></span> <span class='ocrx_word' id='word_1_601' title='bbox 1690 1323 1723 1347; x_wconf 87' lang='lat' dir='ltr'><em>et</em></span> <span class='ocrx_word' id='word_1_602' title='bbox 1746 1317 1917 1356; x_wconf 83' lang='lat' dir='ltr'><em>primariae</em></span> <span class='ocrx_word' id='word_1_603' title='bbox 1942 1316 2111 1355; x_wconf 83' lang='lat' dir='ltr'><em>dignitatis</em></span> <span class='ocrx_word' id='word_1_604' title='bbox 2136 1316 2220 1345; x_wconf 90' lang='lat' dir='ltr'><em>viro-</em></span> 
     </span>
     <span class='ocr_line' id='line_1_86' title="bbox 1253 1358 2220 1400; baseline -0.004 -9"><span class='ocrx_word' id='word_1_605' title='bbox 1253 1372 1325 1391; x_wconf 91' lang='lat' dir='ltr'><em>rum</em></span> <span class='ocrx_word' id='word_1_606' title='bbox 1356 1371 1452 1400; x_wconf 86' lang='lat' dir='ltr'><em>quam</em></span> <span class='ocrx_word' id='word_1_607' title='bbox 1485 1360 1617 1390; x_wconf 89' lang='lat' dir='ltr'><em>infimae</em></span> <span class='ocrx_word' id='word_1_608' title='bbox 1647 1360 1748 1399; x_wconf 80' lang='lat' dir='ltr'><em>plebis</em></span> <span class='ocrx_word' id='word_1_609' title='bbox 1772 1365 1803 1389; x_wconf 90' lang='lat' dir='ltr'><em>et</em></span> <span class='ocrx_word' id='word_1_610' title='bbox 1826 1358 2018 1389; x_wconf 84' lang='lat' dir='ltr'><em>conditionis</em></span> <span class='ocrx_word' id='word_1_611' title='bbox 2042 1358 2220 1394; x_wconf 85' lang='lat' dir='ltr'><em>hominum,</em></span> 
     </span>
     <span class='ocr_line' id='line_1_87' title="bbox 1253 1400 2221 1443; baseline -0.005 -9"><span class='ocrx_word' id='word_1_612' title='bbox 1253 1404 1449 1443; x_wconf 84' lang='lat' dir='ltr'><em>exipsorum</em></span> <span class='ocrx_word' id='word_1_613' title='bbox 1463 1404 1602 1443; x_wconf 84' lang='lat' dir='ltr'><em>peccatis</em></span> <span class='ocrx_word' id='word_1_614' title='bbox 1627 1403 1836 1437; x_wconf 80' lang='lat' dir='ltr'><em>occasionem,</em></span> <span class='ocrx_word' id='word_1_615' title='bbox 1862 1406 1925 1431; x_wconf 84' lang='lat' dir='ltr'><em>tam</em></span> <span class='ocrx_word' id='word_1_616' title='bbox 1951 1401 2008 1430; x_wconf 90' lang='lat' dir='ltr'><em>hos</em></span> <span class='ocrx_word' id='word_1_617' title='bbox 2033 1410 2129 1440; x_wconf 84' lang='lat' dir='ltr'><em>quam</em></span> <span class='ocrx_word' id='word_1_618' title='bbox 2150 1400 2221 1430; x_wconf 88' lang='lat' dir='ltr'><em>illos</em></span> 
     </span>
     <span class='ocr_line' id='line_1_88' title="bbox 1253 1442 2220 1486; baseline -0.004 -10"><span class='ocrx_word' id='word_1_619' title='bbox 1253 1446 1409 1486; x_wconf 88' lang='lat' dir='ltr'><em>puniendi</em></span> <span class='ocrx_word' id='word_1_620' title='bbox 1423 1447 1544 1485; x_wconf 86' lang='lat' dir='ltr'><em>capiat:</em></span> <span class='ocrx_word' id='word_1_621' title='bbox 1569 1446 1614 1476; x_wconf 87' lang='lat' dir='ltr'><em>sic</em></span> <span class='ocrx_word' id='word_1_622' title='bbox 1628 1450 1734 1475; x_wconf 86' lang='lat' dir='ltr'><em>tamen</em></span> <span class='ocrx_word' id='word_1_623' title='bbox 1749 1451 1784 1474; x_wconf 92' lang='lat' dir='ltr'><em>ut</em></span> <span class='ocrx_word' id='word_1_624' title='bbox 1799 1445 1918 1474; x_wconf 89' lang='lat' dir='ltr'><em>nemini</em></span> <span class='ocrx_word' id='word_1_625' title='bbox 1939 1444 2033 1474; x_wconf 82' lang='lat' dir='ltr'><em>faciat</em></span> <span class='ocrx_word' id='word_1_626' title='bbox 2056 1442 2220 1479; x_wconf 89' lang='lat' dir='ltr'><em>iniuriam,</em></span> 
     </span>
     <span class='ocr_line' id='line_1_89' title="bbox 1253 1485 2221 1528; baseline -0.005 -9"><span class='ocrx_word' id='word_1_627' title='bbox 1253 1499 1357 1528; x_wconf 88' lang='lat' dir='ltr'><em>neque</em></span> <span class='ocrx_word' id='word_1_628' title='bbox 1393 1491 1494 1528; x_wconf 86' lang='lat' dir='ltr'><em>possit</em></span> <span class='ocrx_word' id='word_1_629' title='bbox 1526 1490 1695 1527; x_wconf 85' lang='lat' dir='ltr'><em>quisquam</em></span> <span class='ocrx_word' id='word_1_630' title='bbox 1725 1487 1880 1517; x_wconf 86' lang='lat' dir='ltr'><em>adversus</em></span> <span class='ocrx_word' id='word_1_631' title='bbox 1912 1487 2017 1525; x_wconf 89' lang='lat' dir='ltr'><em>ipsum</em></span> <span class='ocrx_word' id='word_1_632' title='bbox 2050 1485 2139 1515; x_wconf 88' lang='lat' dir='ltr'><em>litem</em></span> <span class='ocrx_word' id='word_1_633' title='bbox 2170 1485 2221 1514; x_wconf 89' lang='lat' dir='ltr'><em>in-</em></span> 
     </span>
     <span class='ocr_line' id='line_1_90' title="bbox 1253 1527 2222 1570; baseline -0.005 -8"><span class='ocrx_word' id='word_1_634' title='bbox 1253 1537 1389 1561; x_wconf 84' lang='lat' dir='ltr'><em>tentare.</em></span> <span class='ocrx_word' id='word_1_635' title='bbox 1416 1534 1522 1570; x_wconf 83' lang='lat' dir='ltr'><em>Atque</em></span> <span class='ocrx_word' id='word_1_636' title='bbox 1541 1530 1620 1561; x_wconf 89' lang='lat' dir='ltr'><em>haec</em></span> <span class='ocrx_word' id='word_1_637' title='bbox 1643 1529 1844 1559; x_wconf 84' lang='lat' dir='ltr'><em>observanda</em></span> <span class='ocrx_word' id='word_1_638' title='bbox 1864 1535 1940 1558; x_wconf 85' lang='lat' dir='ltr'><em>sunt</em></span> <span class='ocrx_word' id='word_1_639' title='bbox 1963 1528 1995 1558; x_wconf 91' lang='lat' dir='ltr'><em>in</em></span> <span class='ocrx_word' id='word_1_640' title='bbox 2022 1528 2127 1558; x_wconf 90' lang='lat' dir='ltr'><em>verbis</em></span> <span class='ocrx_word' id='word_1_641' title='bbox 2150 1527 2222 1557; x_wconf 90' lang='lat' dir='ltr'><em>istis</em></span> 
     </span>
     <span class='ocr_line' id='line_1_91' title="bbox 1252 1568 2222 1613; baseline -0.004 -9"><span class='ocrx_word' id='word_1_642' title='bbox 1252 1573 1368 1613; x_wconf 86' lang='lat' dir='ltr'><em>quibus</em></span> <span class='ocrx_word' id='word_1_643' title='bbox 1403 1574 1553 1604; x_wconf 89' lang='lat' dir='ltr'><em>audimus</em></span> <span class='ocrx_word' id='word_1_644' title='bbox 1594 1572 1746 1611; x_wconf 89' lang='lat' dir='ltr'><em>populum</em></span> <span class='ocrx_word' id='word_1_645' title='bbox 1789 1571 1998 1602; x_wconf 79' lang='lat' dir='ltr'><em>israeliticum</em></span> <span class='ocrx_word' id='word_1_646' title='bbox 2036 1570 2076 1600; x_wconf 91' lang='lat' dir='ltr'><em>ob</em></span> <span class='ocrx_word' id='word_1_647' title='bbox 2111 1568 2222 1601; x_wconf 83' lang='lat' dir='ltr'><em>Saulis</em></span> 
     </span>
     <span class='ocr_line' id='line_1_92' title="bbox 1252 1611 2221 1655; baseline -0.005 -8"><span class='ocrx_word' id='word_1_648' title='bbox 1252 1622 1418 1655; x_wconf 87' lang='lat' dir='ltr'><em>peccatum</em></span> <span class='ocrx_word' id='word_1_649' title='bbox 1449 1617 1547 1646; x_wconf 80' lang='lat' dir='ltr'><em>etiam</em></span> <span class='ocrx_word' id='word_1_650' title='bbox 1576 1615 1614 1645; x_wconf 90' lang='lat' dir='ltr'><em>ab</em></span> <span class='ocrx_word' id='word_1_651' title='bbox 1646 1615 1785 1645; x_wconf 89' lang='lat' dir='ltr'><em>inimicis</em></span> <span class='ocrx_word' id='word_1_652' title='bbox 1817 1614 2010 1653; x_wconf 85' lang='lat' dir='ltr'><em>castigatum</em></span> <span class='ocrx_word' id='word_1_653' title='bbox 2038 1613 2087 1642; x_wconf 86' lang='lat' dir='ltr'><em>iri.</em></span> <span class='ocrx_word' id='word_1_654' title='bbox 2135 1611 2221 1643; x_wconf 79' lang='lat' dir='ltr'><em>Sane</em></span> 
     </span>
     <span class='ocr_line' id='line_1_93' title="bbox 1252 1655 2220 1698; baseline -0.005 -9"><span class='ocrx_word' id='word_1_655' title='bbox 1252 1659 1361 1698; x_wconf 93' lang='lat' dir='ltr'><em>populi</em></span> <span class='ocrx_word' id='word_1_656' title='bbox 1376 1665 1505 1698; x_wconf 86' lang='lat' dir='ltr'><em>peccata</em></span> <span class='ocrx_word' id='word_1_657' title='bbox 1520 1658 1570 1688; x_wconf 84' lang='lat' dir='ltr'><em>hic</em></span> <span class='ocrx_word' id='word_1_658' title='bbox 1586 1668 1649 1688; x_wconf 88' lang='lat' dir='ltr'><em>non</em></span> <span class='ocrx_word' id='word_1_659' title='bbox 1669 1657 1907 1695; x_wconf 87' lang='lat' dir='ltr'><em>exprimuntur,</em></span> <span class='ocrx_word' id='word_1_660' title='bbox 1928 1655 1982 1685; x_wconf 88' lang='lat' dir='ltr'><em>sed</em></span> <span class='ocrx_word' id='word_1_661' title='bbox 2004 1665 2085 1694; x_wconf 85' lang='lat' dir='ltr'><em>quae</em></span> <span class='ocrx_word' id='word_1_662' title='bbox 2110 1659 2220 1685; x_wconf 84' lang='lat' dir='ltr'><em>tamen</em></span> 
     </span>
     <span class='ocr_line' id='line_1_94' title="bbox 1252 1697 2220 1739; baseline -0.006 -7"><span class='ocrx_word' id='word_1_663' title='bbox 1252 1712 1370 1739; x_wconf 78' lang='lat' dir='ltr'><em>magna</em></span> <span class='ocrx_word' id='word_1_664' title='bbox 1399 1702 1529 1731; x_wconf 87' lang='lat' dir='ltr'><em>fuerunt</em></span> <span class='ocrx_word' id='word_1_665' title='bbox 1559 1701 1585 1731; x_wconf 90' lang='lat' dir='ltr'><em>si</em></span> <span class='ocrx_word' id='word_1_666' title='bbox 1617 1699 1656 1730; x_wconf 81' lang='lat' dir='ltr'><em>ab</em></span> <span class='ocrx_word' id='word_1_667' title='bbox 1682 1700 1760 1738; x_wconf 79' lang='lat' dir='ltr'><em>ipsis</em></span> <span class='ocrx_word' id='word_1_668' title='bbox 1783 1700 1912 1738; x_wconf 80' lang='lat' dir='ltr'><em>exigere</em></span> <span class='ocrx_word' id='word_1_669' title='bbox 1936 1698 2094 1727; x_wconf 77' lang='lat' dir='ltr'><em>rationem</em></span> <span class='ocrx_word' id='word_1_670' title='bbox 2120 1697 2220 1734; x_wconf 89' lang='lat' dir='ltr'><em>Deus,</em></span> 
     </span>
     <span class='ocr_line' id='line_1_95' title="bbox 1251 1740 2219 1782; baseline -0.005 -8"><span class='ocrx_word' id='word_1_671' title='bbox 1251 1751 1283 1774; x_wconf 88' lang='lat' dir='ltr'><em>et</em></span> <span class='ocrx_word' id='word_1_672' title='bbox 1317 1754 1444 1774; x_wconf 89' lang='lat' dir='ltr'><em>summo</em></span> <span class='ocrx_word' id='word_1_673' title='bbox 1478 1754 1550 1774; x_wconf 88' lang='lat' dir='ltr'><em>eum</em></span> <span class='ocrx_word' id='word_1_674' title='bbox 1583 1743 1661 1782; x_wconf 87' lang='lat' dir='ltr'><em>ipsis</em></span> <span class='ocrx_word' id='word_1_675' title='bbox 1695 1743 1766 1771; x_wconf 88' lang='lat' dir='ltr'><em>iure</em></span> <span class='ocrx_word' id='word_1_676' title='bbox 1799 1751 1894 1780; x_wconf 83' lang='lat' dir='ltr'><em>agere</em></span> <span class='ocrx_word' id='word_1_677' title='bbox 1928 1740 2100 1770; x_wconf 87' lang='lat' dir='ltr'><em>voluisset:</em></span> <span class='ocrx_word' id='word_1_678' title='bbox 2143 1749 2219 1770; x_wconf 86' lang='lat' dir='ltr'><em>nam</em></span> 
     </span>
     <span class='ocr_line' id='line_1_96' title="bbox 1251 1782 2222 1825; baseline -0.005 -9"><span class='ocrx_word' id='word_1_679' title='bbox 1251 1797 1347 1825; x_wconf 89' lang='lat' dir='ltr'><em>quum</em></span> <span class='ocrx_word' id='word_1_680' title='bbox 1390 1786 1528 1825; x_wconf 88' lang='lat' dir='ltr'><em>populus</em></span> <span class='ocrx_word' id='word_1_681' title='bbox 1569 1795 1677 1824; x_wconf 85' lang='lat' dir='ltr'><em>regem</em></span> <span class='ocrx_word' id='word_1_682' title='bbox 1712 1795 1730 1814; x_wconf 79' lang='lat' dir='ltr'><em>a</em></span> <span class='ocrx_word' id='word_1_683' title='bbox 1763 1783 1907 1813; x_wconf 88' lang='lat' dir='ltr'><em>Domino</em></span> <span class='ocrx_word' id='word_1_684' title='bbox 1943 1782 2154 1822; x_wconf 82' lang='lat' dir='ltr'><em>postulasset,</em></span> <span class='ocrx_word' id='word_1_685' title='bbox 2189 1788 2222 1812; x_wconf 85' lang='lat' dir='ltr'><em>et</em></span> 
     </span>
     <span class='ocr_line' id='line_1_97' title="bbox 1251 1824 2220 1867; baseline -0.006 -8"><span class='ocrx_word' id='word_1_686' title='bbox 1251 1834 1363 1859; x_wconf 88' lang='lat' dir='ltr'><em>contra</em></span> <span class='ocrx_word' id='word_1_687' title='bbox 1397 1829 1498 1867; x_wconf 86' lang='lat' dir='ltr'><em>ipsius</em></span> <span class='ocrx_word' id='word_1_688' title='bbox 1533 1837 1724 1866; x_wconf 87' lang='lat' dir='ltr'><em>expressum</em></span> <span class='ocrx_word' id='word_1_689' title='bbox 1760 1825 1950 1855; x_wconf 86' lang='lat' dir='ltr'><em>mandatum</em></span> <span class='ocrx_word' id='word_1_690' title='bbox 1980 1825 2084 1854; x_wconf 86' lang='lat' dir='ltr'><em>invito</em></span> <span class='ocrx_word' id='word_1_691' title='bbox 2116 1824 2220 1854; x_wconf 85' lang='lat' dir='ltr'><em>veluti</em></span> 
     </span>
     <span class='ocr_line' id='line_1_98' title="bbox 1252 1866 2219 1909; baseline -0.005 -8"><span class='ocrx_word' id='word_1_692' title='bbox 1252 1871 1323 1901; x_wconf 90' lang='lat' dir='ltr'><em>Deo</em></span> <span class='ocrx_word' id='word_1_693' title='bbox 1336 1872 1531 1901; x_wconf 86' lang='lat' dir='ltr'><em>constituere</em></span> <span class='ocrx_word' id='word_1_694' title='bbox 1545 1875 1693 1909; x_wconf 85' lang='lat' dir='ltr'><em>optasset,</em></span> <span class='ocrx_word' id='word_1_695' title='bbox 1713 1867 1984 1907; x_wconf 89' lang='lat' dir='ltr'><em>quemadmodum</em></span> <span class='ocrx_word' id='word_1_696' title='bbox 2004 1867 2098 1897; x_wconf 87' lang='lat' dir='ltr'><em>initio</em></span> <span class='ocrx_word' id='word_1_697' title='bbox 2120 1866 2219 1897; x_wconf 89' lang='lat' dir='ltr'><em>huius</em></span> 
     </span>
     <span class='ocr_line' id='line_1_99' title="bbox 1252 1909 2218 1951; baseline -0.006 -7"><span class='ocrx_word' id='word_1_698' title='bbox 1252 1913 1405 1944; x_wconf 87' lang='lat' dir='ltr'><em>historiae</em></span> <span class='ocrx_word' id='word_1_699' title='bbox 1444 1913 1583 1943; x_wconf 86' lang='lat' dir='ltr'><em>vidimus</em></span> <span class='ocrx_word' id='word_1_700' title='bbox 1614 1911 1768 1951; x_wconf 88' lang='lat' dir='ltr'><em>populum</em></span> <span class='ocrx_word' id='word_1_701' title='bbox 1799 1912 1895 1940; x_wconf 76' lang='lat' dir='ltr'><em>istum</em></span> <span class='ocrx_word' id='word_1_702' title='bbox 1927 1910 2037 1940; x_wconf 86' lang='lat' dir='ltr'><em>furore</em></span> <span class='ocrx_word' id='word_1_703' title='bbox 2067 1909 2218 1948; x_wconf 90' lang='lat' dir='ltr'><em>quodam,</em></span> 
     </span>
     <span class='ocr_line' id='line_1_100' title="bbox 1252 1952 2221 1995; baseline -0.005 -9"><span class='ocrx_word' id='word_1_704' title='bbox 1252 1962 1285 1986; x_wconf 92' lang='lat' dir='ltr'><em>et</em></span> <span class='ocrx_word' id='word_1_705' title='bbox 1309 1966 1409 1995; x_wconf 86' lang='lat' dir='ltr'><em>paene</em></span> <span class='ocrx_word' id='word_1_706' title='bbox 1432 1955 1586 1985; x_wconf 87' lang='lat' dir='ltr'><em>diabolica</em></span> <span class='ocrx_word' id='word_1_707' title='bbox 1608 1955 1695 1984; x_wconf 76' lang='lat' dir='ltr'><em>rabie</em></span> <span class='ocrx_word' id='word_1_708' title='bbox 1719 1953 1873 1983; x_wconf 77' lang='lat' dir='ltr'><em>adversus</em></span> <span class='ocrx_word' id='word_1_709' title='bbox 1898 1952 2004 1982; x_wconf 88' lang='lat' dir='ltr'><em>Deum</em></span> <span class='ocrx_word' id='word_1_710' title='bbox 2029 1952 2221 1991; x_wconf 85' lang='lat' dir='ltr'><em>surrexisse,</em></span> 
     </span>
     <span class='ocr_line' id='line_1_101' title="bbox 1253 1995 2222 2037; baseline -0.004 -8"><span class='ocrx_word' id='word_1_711' title='bbox 1253 2004 1285 2029; x_wconf 81' lang='lat' dir='ltr'><em>et</em></span> <span class='ocrx_word' id='word_1_712' title='bbox 1298 1999 1457 2028; x_wconf 88' lang='lat' dir='ltr'><em>voluntati</em></span> <span class='ocrx_word' id='word_1_713' title='bbox 1471 1999 1572 2037; x_wconf 88' lang='lat' dir='ltr'><em>ipsius</em></span> <span class='ocrx_word' id='word_1_714' title='bbox 1592 1996 1838 2033; x_wconf 78' lang='lat' dir='ltr'><em>contradixisse,</em></span> <span class='ocrx_word' id='word_1_715' title='bbox 1863 2005 1970 2024; x_wconf 89' lang='lat' dir='ltr'><em>nonne</em></span> <span class='ocrx_word' id='word_1_716' title='bbox 1996 1995 2059 2024; x_wconf 81' lang='lat' dir='ltr'><em>fuit.</em></span> <span class='ocrx_word' id='word_1_717' title='bbox 2082 1995 2222 2034; x_wconf 85' lang='lat' dir='ltr'><em>insignis</em></span> 
     </span>
     <span class='ocr_line' id='line_1_102' title="bbox 1253 2038 2223 2079; baseline -0.005 -8"><span class='ocrx_word' id='word_1_718' title='bbox 1253 2041 1310 2071; x_wconf 87' lang='lat' dir='ltr'><em>illa</em></span> <span class='ocrx_word' id='word_1_719' title='bbox 1342 2040 1473 2071; x_wconf 84' lang='lat' dir='ltr'><em>rebellio</em></span> <span class='ocrx_word' id='word_1_720' title='bbox 1503 2050 1585 2079; x_wconf 90' lang='lat' dir='ltr'><em>qnae</em></span> <span class='ocrx_word' id='word_1_721' title='bbox 1608 2038 1800 2073; x_wconf 78' lang='lat' dir='ltr'><em>merebatur,</em></span> <span class='ocrx_word' id='word_1_722' title='bbox 1825 2044 1861 2067; x_wconf 91' lang='lat' dir='ltr'><em>ut</em></span> <span class='ocrx_word' id='word_1_723' title='bbox 1886 2038 1974 2067; x_wconf 89' lang='lat' dir='ltr'><em>Deus</em></span> <span class='ocrx_word' id='word_1_724' title='bbox 1999 2042 2133 2076; x_wconf 89' lang='lat' dir='ltr'><em>repente</em></span> <span class='ocrx_word' id='word_1_725' title='bbox 2158 2044 2223 2067; x_wconf 83' lang='lat' dir='ltr'><em>tam</em></span> 
     </span>
     <span class='ocr_line' id='line_1_103' title="bbox 1253 2079 2224 2123; baseline -0.004 -10"><span class='ocrx_word' id='word_1_726' title='bbox 1253 2085 1418 2123; x_wconf 78' lang='lat' dir='ltr'><em>ingratum</em></span> <span class='ocrx_word' id='word_1_727' title='bbox 1444 2083 1594 2122; x_wconf 86' lang='lat' dir='ltr'><em>populum</em></span> <span class='ocrx_word' id='word_1_728' title='bbox 1619 2080 1826 2120; x_wconf 81' lang='lat' dir='ltr'><em>profligaret?</em></span> <span class='ocrx_word' id='word_1_729' title='bbox 1850 2079 1952 2118; x_wconf 86' lang='lat' dir='ltr'><em>Atqui</em></span> <span class='ocrx_word' id='word_1_730' title='bbox 1966 2079 2058 2110; x_wconf 87' lang='lat' dir='ltr'><em>Deus</em></span> <span class='ocrx_word' id='word_1_731' title='bbox 2081 2079 2224 2110; x_wconf 86' lang='lat' dir='ltr'><em>clemen-</em></span> 
     </span>
     <span class='ocr_line' id='line_1_104' title="bbox 1255 2122 2225 2165; baseline -0.003 -9"><span class='ocrx_word' id='word_1_732' title='bbox 1255 2127 1404 2165; x_wconf 83' lang='lat' dir='ltr'><em>teripsos</em></span> <span class='ocrx_word' id='word_1_733' title='bbox 1424 2126 1477 2155; x_wconf 89' lang='lat' dir='ltr'><em>diu</em></span> <span class='ocrx_word' id='word_1_734' title='bbox 1499 2125 1669 2154; x_wconf 77' lang='lat' dir='ltr'><em>tolerarat:</em></span> <span class='ocrx_word' id='word_1_735' title='bbox 1693 2133 1876 2162; x_wconf 81' lang='lat' dir='ltr'><em>poenasque</em></span> <span class='ocrx_word' id='word_1_736' title='bbox 1901 2122 2071 2152; x_wconf 81' lang='lat' dir='ltr'><em>distulerat</em></span> <span class='ocrx_word' id='word_1_737' title='bbox 2095 2132 2225 2153; x_wconf 87' lang='lat' dir='ltr'><em>summa</em></span> 
     </span>
     <span class='ocr_line' id='line_1_105' title="bbox 1255 2164 2225 2207; baseline -0.004 -9"><span class='ocrx_word' id='word_1_738' title='bbox 1255 2178 1328 2199; x_wconf 89' lang='lat' dir='ltr'><em>eum</em></span> <span class='ocrx_word' id='word_1_739' title='bbox 1360 2168 1533 2207; x_wconf 74' lang='lat' dir='ltr'><em>patientia,</em></span> <span class='ocrx_word' id='word_1_740' title='bbox 1569 2166 1622 2196; x_wconf 86' lang='lat' dir='ltr'><em>sed</em></span> <span class='ocrx_word' id='word_1_741' title='bbox 1656 2176 1718 2195; x_wconf 90' lang='lat' dir='ltr'><em>non</em></span> <span class='ocrx_word' id='word_1_742' title='bbox 1751 2171 1857 2194; x_wconf 88' lang='lat' dir='ltr'><em>tamen</em></span> <span class='ocrx_word' id='word_1_743' title='bbox 1890 2164 2079 2195; x_wconf 82' lang='lat' dir='ltr'><em>abstulerat.</em></span> <span class='ocrx_word' id='word_1_744' title='bbox 2133 2164 2225 2195; x_wconf 88' lang='lat' dir='ltr'><em>Deus</em></span> 
     </span>
     <span class='ocr_line' id='line_1_106' title="bbox 1255 2206 2225 2249; baseline -0.005 -8"><span class='ocrx_word' id='word_1_745' title='bbox 1255 2211 1342 2241; x_wconf 87' lang='lat' dir='ltr'><em>enim</em></span> <span class='ocrx_word' id='word_1_746' title='bbox 1357 2220 1477 2249; x_wconf 83' lang='lat' dir='ltr'><em>poenas</em></span> <span class='ocrx_word' id='word_1_747' title='bbox 1490 2210 1619 2248; x_wconf 86' lang='lat' dir='ltr'><em>quidem</em></span> <span class='ocrx_word' id='word_1_748' title='bbox 1644 2207 1683 2237; x_wconf 87' lang='lat' dir='ltr'><em>ad</em></span> <span class='ocrx_word' id='word_1_749' title='bbox 1709 2214 1836 2245; x_wconf 88' lang='lat' dir='ltr'><em>tempus</em></span> <span class='ocrx_word' id='word_1_750' title='bbox 1860 2206 1984 2237; x_wconf 80' lang='lat' dir='ltr'><em>differt:</em></span> <span class='ocrx_word' id='word_1_751' title='bbox 2011 2206 2066 2236; x_wconf 86' lang='lat' dir='ltr'><em>sed</em></span> <span class='ocrx_word' id='word_1_752' title='bbox 2091 2206 2225 2237; x_wconf 87' lang='lat' dir='ltr'><em>tandem</em></span> 
     </span>
     <span class='ocr_line' id='line_1_107' title="bbox 1256 2249 2225 2293; baseline -0.003 -10"><span class='ocrx_word' id='word_1_753' title='bbox 1256 2253 1418 2293; x_wconf 82' lang='lat' dir='ltr'><em>gravitate</em></span> <span class='ocrx_word' id='word_1_754' title='bbox 1442 2252 1589 2291; x_wconf 84' lang='lat' dir='ltr'><em>supplicii</em></span> <span class='ocrx_word' id='word_1_755' title='bbox 1611 2255 1809 2289; x_wconf 87' lang='lat' dir='ltr'><em>compensat.</em></span> <span class='ocrx_word' id='word_1_756' title='bbox 1848 2249 1962 2287; x_wconf 90' lang='lat' dir='ltr'><em>Neque</em></span> <span class='ocrx_word' id='word_1_757' title='bbox 1986 2250 2073 2279; x_wconf 90' lang='lat' dir='ltr'><em>enim</em></span> <span class='ocrx_word' id='word_1_758' title='bbox 2098 2255 2225 2280; x_wconf 87' lang='lat' dir='ltr'><em>mutare</em></span> 
     </span>
     <span class='ocr_line' id='line_1_108' title="bbox 1256 2291 2225 2334; baseline -0.003 -9"><span class='ocrx_word' id='word_1_759' title='bbox 1256 2296 1450 2326; x_wconf 87' lang='lat' dir='ltr'><em>sententiam</em></span> <span class='ocrx_word' id='word_1_760' title='bbox 1476 2299 1591 2334; x_wconf 82' lang='lat' dir='ltr'><em>potest,</em></span> <span class='ocrx_word' id='word_1_761' title='bbox 1616 2298 1648 2322; x_wconf 89' lang='lat' dir='ltr'><em>et</em></span> <span class='ocrx_word' id='word_1_762' title='bbox 1671 2302 1781 2322; x_wconf 87' lang='lat' dir='ltr'><em>eorum</em></span> <span class='ocrx_word' id='word_1_763' title='bbox 1801 2292 1856 2330; x_wconf 92' lang='lat' dir='ltr'><em>qui</em></span> <span class='ocrx_word' id='word_1_764' title='bbox 1876 2292 1976 2330; x_wconf 87' lang='lat' dir='ltr'><em>ipsius</em></span> <span class='ocrx_word' id='word_1_765' title='bbox 2002 2291 2106 2327; x_wconf 67' lang='lat' dir='ltr'><em>gratia</em></span> <span class='ocrx_word' id='word_1_766' title='bbox 2132 2292 2225 2322; x_wconf 85' lang='lat' dir='ltr'><em>abusi</em></span> 
     </span>
     <span class='ocr_line' id='line_1_109' title="bbox 1255 2334 2226 2375; baseline -0.005 -7"><span class='ocrx_word' id='word_1_767' title='bbox 1255 2344 1332 2368; x_wconf 85' lang='lat' dir='ltr'><em>sunt</em></span> <span class='ocrx_word' id='word_1_768' title='bbox 1360 2338 1482 2367; x_wconf 88' lang='lat' dir='ltr'><em>maiora</em></span> <span class='ocrx_word' id='word_1_769' title='bbox 1512 2342 1543 2366; x_wconf 85' lang='lat' dir='ltr'><em>et</em></span> <span class='ocrx_word' id='word_1_770' title='bbox 1571 2335 1720 2375; x_wconf 82' lang='lat' dir='ltr'><em>graviora</em></span> <span class='ocrx_word' id='word_1_771' title='bbox 1750 2340 1880 2374; x_wconf 83' lang='lat' dir='ltr'><em>peccata</em></span> <span class='ocrx_word' id='word_1_772' title='bbox 1921 2334 2098 2364; x_wconf 82' lang='lat' dir='ltr'><em>maioribus</em></span> <span class='ocrx_word' id='word_1_773' title='bbox 2126 2335 2226 2364; x_wconf 85' lang='lat' dir='ltr'><em>etiam</em></span> 
     </span>
     <span class='ocr_line' id='line_1_110' title="bbox 1255 2376 2229 2419; baseline -0.003 -9"><span class='ocrx_word' id='word_1_774' title='bbox 1255 2385 1288 2411; x_wconf 87' lang='lat' dir='ltr'><em>et</em></span> <span class='ocrx_word' id='word_1_775' title='bbox 1322 2379 1524 2419; x_wconf 80' lang='lat' dir='ltr'><em>gravioribus</em></span> <span class='ocrx_word' id='word_1_776' title='bbox 1549 2377 1658 2417; x_wconf 87' lang='lat' dir='ltr'><em>poenis</em></span> <span class='ocrx_word' id='word_1_777' title='bbox 1682 2383 1761 2407; x_wconf 91' lang='lat' dir='ltr'><em>sunt</em></span> <span class='ocrx_word' id='word_1_778' title='bbox 1790 2376 1995 2406; x_wconf 84' lang='lat' dir='ltr'><em>vindicanda.</em></span> <span class='ocrx_word' id='word_1_779' title='bbox 2053 2376 2229 2407; x_wconf 84' lang='lat' dir='ltr'><em>Praeterea</em></span> 
     </span>
     <span class='ocr_line' id='line_1_111' title="bbox 1256 2418 2227 2461; baseline -0.004 -9"><span class='ocrx_word' id='word_1_780' title='bbox 1256 2422 1377 2452; x_wconf 78' lang='lat' dir='ltr'><em>multae</em></span> <span class='ocrx_word' id='word_1_781' title='bbox 1407 2421 1601 2461; x_wconf 90' lang='lat' dir='ltr'><em>pollutiones</em></span> <span class='ocrx_word' id='word_1_782' title='bbox 1626 2421 1658 2449; x_wconf 88' lang='lat' dir='ltr'><em>in</em></span> <span class='ocrx_word' id='word_1_783' title='bbox 1690 2419 1802 2448; x_wconf 88' lang='lat' dir='ltr'><em>divino</em></span> <span class='ocrx_word' id='word_1_784' title='bbox 1831 2418 1919 2448; x_wconf 91' lang='lat' dir='ltr'><em>cultu</em></span> <span class='ocrx_word' id='word_1_785' title='bbox 1951 2418 1989 2448; x_wconf 85' lang='lat' dir='ltr'><em>ad</em></span> <span class='ocrx_word' id='word_1_786' title='bbox 2023 2419 2114 2457; x_wconf 89' lang='lat' dir='ltr'><em>prius</em></span> <span class='ocrx_word' id='word_1_787' title='bbox 2144 2418 2227 2448; x_wconf 90' lang='lat' dir='ltr'><em>illud</em></span> 
     </span>
     <span class='ocr_line' id='line_1_112' title="bbox 1256 2460 2228 2504; baseline -0.003 -9"><span class='ocrx_word' id='word_1_788' title='bbox 1256 2472 1424 2504; x_wconf 87' lang='lat' dir='ltr'><em>peccatum</em></span> <span class='ocrx_word' id='word_1_789' title='bbox 1456 2467 1664 2493; x_wconf 81' lang='lat' dir='ltr'><em>accesserant.</em></span> <span class='ocrx_word' id='word_1_790' title='bbox 1712 2460 1873 2491; x_wconf 81' lang='lat' dir='ltr'><em>Davidem</em></span> <span class='ocrx_word' id='word_1_791' title='bbox 1903 2461 2001 2490; x_wconf 81' lang='lat' dir='ltr'><em>etiam</em></span> <span class='ocrx_word' id='word_1_792' title='bbox 2031 2471 2101 2491; x_wconf 91' lang='lat' dir='ltr'><em>cum</em></span> <span class='ocrx_word' id='word_1_793' title='bbox 2128 2461 2228 2492; x_wconf 57' lang='lat' dir='ltr'><em>»Saule</em></span> 
     </span>
     <span class='ocr_line' id='line_1_113' title="bbox 1257 2502 2228 2547; baseline -0.003 -10"><span class='ocrx_word' id='word_1_794' title='bbox 1257 2506 1443 2547; x_wconf 87' lang='lat' dir='ltr'><em>persequuti</em></span> <span class='ocrx_word' id='word_1_795' title='bbox 1474 2506 1620 2535; x_wconf 86' lang='lat' dir='ltr'><em>fuerant:</em></span> <span class='ocrx_word' id='word_1_796' title='bbox 1653 2514 1689 2534; x_wconf 89' lang='lat' dir='ltr'><em>ac</em></span> <span class='ocrx_word' id='word_1_797' title='bbox 1720 2502 1857 2543; x_wconf 88' lang='lat' dir='ltr'><em>proinde</em></span> <span class='ocrx_word' id='word_1_798' title='bbox 1884 2503 1980 2532; x_wconf 88' lang='lat' dir='ltr'><em>etiam</em></span> <span class='ocrx_word' id='word_1_799' title='bbox 2005 2510 2099 2533; x_wconf 88' lang='lat' dir='ltr'><em>erant</em></span> <span class='ocrx_word' id='word_1_800' title='bbox 2123 2503 2228 2534; x_wconf 87' lang='lat' dir='ltr'><em>homi-</em></span> 
     </span>
     <span class='ocr_line' id='line_1_114' title="bbox 1257 2545 2229 2586; baseline -0.002 -7"><span class='ocrx_word' id='word_1_801' title='bbox 1257 2549 1356 2580; x_wconf 82' lang='lat' dir='ltr'><em>cidae.</em></span> <span class='ocrx_word' id='word_1_802' title='bbox 1384 2548 1471 2586; x_wconf 78' lang='lat' dir='ltr'><em>Quid</em></span> <span class='ocrx_word' id='word_1_803' title='bbox 1495 2547 1581 2577; x_wconf 90' lang='lat' dir='ltr'><em>enim</em></span> <span class='ocrx_word' id='word_1_804' title='bbox 1604 2552 1794 2586; x_wconf 86' lang='lat' dir='ltr'><em>peccaverat</em></span> <span class='ocrx_word' id='word_1_805' title='bbox 1819 2545 1926 2575; x_wconf 82' lang='lat' dir='ltr'><em>David</em></span> <span class='ocrx_word' id='word_1_806' title='bbox 1951 2545 2107 2575; x_wconf 74' lang='lat' dir='ltr'><em>adversus</em></span> <span class='ocrx_word' id='word_1_807' title='bbox 2129 2546 2229 2585; x_wconf 88' lang='lat' dir='ltr'><em>ipsos,</em></span> 
     </span>
     <span class='ocr_line' id='line_1_115' title="bbox 1259 2588 2226 2629; baseline -0.002 -8"><span class='ocrx_word' id='word_1_808' title='bbox 1259 2597 1293 2621; x_wconf 89' lang='lat' dir='ltr'><em>ut</em></span> <span class='ocrx_word' id='word_1_809' title='bbox 1316 2601 1388 2621; x_wconf 91' lang='lat' dir='ltr'><em>eum</em></span> <span class='ocrx_word' id='word_1_810' title='bbox 1412 2591 1446 2620; x_wconf 89' lang='lat' dir='ltr'><em>in</em></span> <span class='ocrx_word' id='word_1_811' title='bbox 1470 2590 1606 2629; x_wconf 86' lang='lat' dir='ltr'><em>gratiam</em></span> <span class='ocrx_word' id='word_1_812' title='bbox 1631 2589 1717 2628; x_wconf 82' lang='lat' dir='ltr'><em>regis</em></span> <span class='ocrx_word' id='word_1_813' title='bbox 1741 2588 1780 2618; x_wconf 86' lang='lat' dir='ltr'><em>ad</em></span> <span class='ocrx_word' id='word_1_814' title='bbox 1804 2596 1940 2617; x_wconf 84' lang='lat' dir='ltr'><em>mortem</em></span> <span class='ocrx_word' id='word_1_815' title='bbox 1966 2588 2226 2627; x_wconf 81' lang='lat' dir='ltr'><em>persequantur?</em></span> 
     </span>
     <span class='ocr_line' id='line_1_116' title="bbox 1258 2629 2227 2671; baseline -0.001 -8"><span class='ocrx_word' id='word_1_816' title='bbox 1258 2633 1329 2664; x_wconf 90' lang='lat' dir='ltr'><em>Imo</em></span> <span class='ocrx_word' id='word_1_817' title='bbox 1352 2643 1459 2663; x_wconf 91' lang='lat' dir='ltr'><em>nonne</em></span> <span class='ocrx_word' id='word_1_818' title='bbox 1485 2631 1604 2662; x_wconf 88' lang='lat' dir='ltr'><em>Davidi</em></span> <span class='ocrx_word' id='word_1_819' title='bbox 1628 2636 1719 2662; x_wconf 84' lang='lat' dir='ltr'><em>erant</em></span> <span class='ocrx_word' id='word_1_820' title='bbox 1744 2640 1856 2660; x_wconf 88' lang='lat' dir='ltr'><em>omnes</em></span> <span class='ocrx_word' id='word_1_821' title='bbox 1879 2629 2033 2663; x_wconf 72' lang='lat' dir='ltr'><em>devincti,</em></span> <span class='ocrx_word' id='word_1_822' title='bbox 2057 2630 2227 2671; x_wconf 85' lang='lat' dir='ltr'><em>eidemque</em></span> 
     </span>
     <span class='ocr_line' id='line_1_117' title="bbox 1975 2679 2026 2705; baseline 0 -12"><span class='ocrx_word' id='word_1_823' title='bbox 1975 2679 2026 2705; x_wconf 63' lang='lat'><em>428</em></span> 
     </span>
    </p>
   </div>
  </div>
 </body>
</html>
