2551 3044
201 180 241 212 69
853 181 900 212 IN
924 181 948 212 I.
972 181 1058 212 LIB.
1083 180 1280 212 SAMUEL.
1305 180 1402 212 CAP.
1426 179 1518 212 XIV.
2125 184 2165 215 70

199 276 264 308 Hic
287 277 384 314 igitur
407 275 570 307 adoranda
588 276 680 307 nobis
702 275 923 307 inscrutabilia
942 275 1004 306 Dei
1027 274 1154 314 iudicia,

200 321 319 350 nostris
343 319 489 350 sensibus
512 318 636 349 altiora.
683 318 764 349 Nam
789 318 815 349 si
845 319 940 349 nimis
964 318 1058 349 anxie
1088 316 1154 348 vel-

201 362 305 393 lemus
345 371 455 393 causas
490 361 683 402 investigare
724 371 782 392 cur
817 361 906 392 Deus
939 359 1154 391 Ionathanum

201 404 430 441 condemnarit,
457 403 712 444 quandoquidem
734 407 828 434 antea
847 403 986 434 vidimus
1004 401 1155 433 Ionatha-

201 457 279 478 num
303 452 452 477 testatum
477 446 574 477 fuisse
597 456 631 476 se
653 445 818 486 ignorasse
842 446 923 486 quod
947 451 1038 486 pater
1057 444 1155 484 ipsius

201 489 424 530 prohibuerat:
460 494 491 518 et
524 498 589 519 non
624 498 771 528 peccasse
805 488 895 519 illum
930 488 1061 525 malitia,
1095 485 1154 535 'sed

202 531 287 572 quod
311 531 383 562 fecit
406 531 439 561 in
469 531 577 570 populi
601 531 737 562 salutem
767 530 892 562 fecisse:
924 541 983 561 nae
1013 533 1155 571 grawter

202 574 236 605 in
255 574 316 605 Dei
340 572 455 604 iudicia
478 582 702 612 peccaremus:
726 583 807 613 quae
829 578 905 604 sunt
927 573 1061 614 abyssus
1084 581 1154 612 pro-

202 616 402 652 fundissima,
427 620 458 646 et
480 616 513 646 in
537 626 617 655 quae
641 626 706 646 non
729 620 777 646 est
807 615 898 647 nobis
920 615 1077 647 curiosius
1106 615 1153 644 in-

202 659 403 699 quirendum.
449 658 519 688 Hoc
550 658 649 698 igitur
678 658 824 698 exemplo
854 669 964 698 sapere
994 657 1154 689 discamus

203 701 242 732 ad
266 701 481 738 sobrietatem,
511 704 543 731 et
566 711 701 741 quorum
725 711 786 732 non
821 700 975 732 habemus
999 700 1152 735 notitiam,

202 754 267 774 non
292 744 406 774 anxius
429 753 531 782 neque
554 743 711 774 curiosius
733 743 938 784 investigare.
984 743 1153 774 Caeterum

202 786 256 818 hie
278 786 392 816 merito
415 784 508 816 obiici
532 795 623 825 posse
652 785 820 823 videbitur,
852 786 890 817 ab
913 786 1022 826 inique
1051 784 1154 815 iudice

203 829 303 860 latam
323 827 517 860 sententiam
542 827 696 858 adversus
716 828 917 859 innocentem
937 838 1064 868 semper
1086 837 1154 858 esse

203 870 420 903 tremendam:
446 875 539 910 atque
562 871 595 900 in
618 871 731 910 primis
754 870 813 903 hoc
837 871 903 902 loco
926 871 1068 912 papistae
1091 879 1156 900 ma-

203 915 289 946 xime
322 913 500 944 abutuntur
539 912 579 943 ad
619 913 984 945 excommunicationum
1024 923 1154 944 suarum

203 957 338 988 fulmina
362 954 595 986 constituenda.
642 955 744 986 Aiunt
772 955 857 987 enim
881 966 980 996 quum
1003 955 1155 986 adversus

206 1000 344 1040 aliquem
367 998 571 1028 innocentem
602 1007 696 1028 suum
721 998 829 1038 fulgur
852 997 1154 1030 excommunicatio-

206 1043 256 1074 nis
286 1040 416 1072 iaculati
447 1039 575 1077 fuerint,
609 1040 691 1070 tanti
725 1050 795 1071 esse
828 1051 918 1072 suam
952 1041 1156 1072 autoritatem

206 1089 336 1124 tamque
359 1086 603 1121 sacrosanctam,
626 1086 661 1113 ut
683 1083 707 1113 si
732 1083 802 1123 quis
825 1083 1007 1114 offendatur
1024 1088 1157 1123 repente

207 1128 249 1159 sit
278 1124 540 1157 condemnandus
570 1129 722 1164 tanquam
753 1126 894 1157 maxime
922 1126 1047 1157 noxius.
1091 1124 1156 1156 Sed

207 1172 342 1202 cornuta
364 1171 440 1199 sunt
462 1166 643 1198 istiusmodi
666 1173 870 1208 argumenta:
900 1169 981 1208 quod
1004 1178 1069 1199 non
1093 1168 1157 1199 sint

207 1213 240 1244 in
264 1210 446 1251 exemplum
472 1209 629 1240 trahenda
653 1220 733 1250 quae
765 1211 863 1242 semel
887 1211 975 1242 Deus
1004 1210 1074 1242 fieri
1102 1220 1157 1241 vo-

207 1255 276 1286 luit.
321 1252 495 1293 Singulare
524 1253 610 1282 enim
640 1256 689 1283 est
717 1253 834 1284 factum
866 1253 951 1285 istud
974 1252 1156 1290 Ionathani,

208 1296 290 1338 quod
313 1295 459 1336 permisit
483 1294 572 1325 Deus
594 1300 629 1325 ut
657 1294 735 1326 Saul
759 1306 834 1326 suae
865 1296 1053 1328 temeritatis
1082 1305 1156 1336 poe-

208 1350 267 1371 nas
299 1338 411 1369 lueret.
468 1338 514 1368 Ac
547 1347 650 1377 saepe,
684 1338 795 1375 fateor,
835 1349 926 1379 reges
960 1338 1022 1369 Dei
1057 1338 1157 1368 afflati

207 1382 375 1414 maiestate
398 1380 582 1420 loquuntur,
612 1381 739 1411 etiamsi
761 1380 839 1420 quid
868 1381 1040 1421 loquantur
1067 1381 1156 1422 igno-

208 1429 296 1456 rent:
337 1422 420 1464 quod
454 1422 618 1462 Caiaphae
659 1433 784 1454 summo
825 1424 968 1464 pontifici
1008 1423 1158 1455 accidisse

209 1467 365 1499 videmus.
410 1465 493 1496 Nam
516 1465 717 1504 prophetiam
741 1465 839 1497 edidit
861 1465 899 1497 de
923 1465 1061 1499 Christo.
1085 1466 1158 1497 licet

208 1510 269 1541 Dei
293 1514 324 1540 et
347 1508 495 1539 veritatis
518 1508 628 1538 hostis.
651 1507 744 1539 Unde
767 1518 853 1545 vero,
878 1509 1016 1546 obsecro,
1040 1509 1157 1539 donum

209 1551 295 1584 istud
318 1549 527 1592 prophetiae?
573 1550 661 1581 Deus
691 1551 775 1581 enim
810 1556 910 1582 ratam
937 1551 1011 1582 fecit
1039 1550 1158 1582 autori-

210 1599 277 1626 tate
299 1593 464 1634 pontificia.
486 1592 642 1632 prolatam
666 1593 761 1624 istam
786 1594 988 1631 sententiam,
1012 1598 1158 1634 oportere

209 1642 247 1669 ut
280 1637 376 1668 homo
409 1640 586 1666 moreretur
620 1646 676 1675 pro
711 1640 775 1666 toto
807 1636 938 1676 populo:
979 1641 1014 1667 ut
1045 1641 1158 1667 notum

209 1681 299 1712 fieret
318 1678 465 1710 omnibus
488 1682 625 1708 mortem
649 1684 680 1709 et
703 1678 882 1717 passionem
903 1679 1032 1710 Domini
1055 1679 1158 1710 nostri

210 1723 284 1754 Iesu
315 1721 437 1753 Christi
467 1721 533 1751 fore
558 1720 701 1751 omnium
732 1720 993 1760 redemptionem.
1045 1722 1158 1761 Itaque

210 1766 300 1796 Deus
323 1764 362 1795 ad
392 1774 493 1794 unum
524 1767 630 1794 actum
662 1763 804 1804 linguam
829 1763 990 1804 Caiaphae
1016 1764 1158 1805 impulit:

207 1807 292 1848 quod
314 1807 340 1838 si
364 1806 491 1837 trahere
520 1806 554 1836 in
582 1806 728 1846 regulam
758 1806 938 1846 generalem
969 1807 1040 1846 quis
1069 1806 1157 1847 velit,

206 1860 266 1881 nae
289 1859 372 1881 vana
396 1849 623 1888 superstitione
647 1848 752 1879 Deum
777 1854 808 1879 et
830 1849 931 1889 ipsius
953 1850 1156 1889 prophetiam

204 1893 350 1924 irriserit.
395 1890 450 1923 Sic
472 1892 616 1931 papistae
639 1901 730 1922 suam
760 1891 975 1932 ignorantiam
1005 1892 1064 1924 1100
1087 1892 1154 1924 1000

204 1935 360 1976 produnt:
384 1934 512 1974 quando
541 1933 698 1973 dignitate
717 1934 777 1964 ista
804 1934 975 1974 pontificia,
1003 1938 1155 1974 tanquam

205 1978 331 2018 ingenti
366 1977 477 2017 clypeo
507 1986 541 2006 se
574 1980 758 2016 protegunt,
793 1981 826 2007 et
857 1977 998 2008 inferunt
1031 1987 1155 2018 papam,

204 2021 259 2061 qui
283 2029 410 2052 summo
434 2019 576 2058 pontifici
609 2019 761 2050 successit
785 2029 849 2050 non
871 2029 963 2059 posse
986 2020 1070 2060 loqui
1094 2020 1154 2051 nisi

205 2064 349 2095 afflatum
384 2066 494 2093 sancte
529 2062 589 2092 Dei
623 2061 747 2101 spiritu.
800 2061 899 2101 Atqui
939 2073 1002 2093 non
1039 2062 1156 2094 dicitur

204 2105 366 2146 Caiaphas
389 2114 515 2144 semper
537 2104 762 2144 prophetasse:
786 2104 884 2135 semel
908 2104 1066 2136 duntaxat
1088 2111 1155 2136 tota

204 2149 272 2179 vita
302 2158 361 2179 sua
391 2147 595 2187 prophetiam
629 2146 715 2176 illam
747 2146 854 2184 edidit,
887 2157 923 2178 ac
956 2147 1027 2187 plus
1060 2159 1155 2188 quam

203 2190 324 2222 centies
346 2190 463 2220 millies
488 2189 733 2228 blasphemavit.
779 2190 830 2220 An
855 2200 930 2230 ergo
953 2190 1098 2222 trahetur
1121 2192 1154 2222 in

203 2233 350 2273 regulam
374 2231 556 2272 generalem
576 2232 739 2271 singulare
757 2231 836 2262 illud
855 2232 996 2263 factum?
1019 2234 1154 2265 nimium

203 2275 264 2306 hoc
299 2279 488 2315 arroganter
521 2274 560 2305 ab
593 2274 664 2305 istis
705 2275 749 2305 fit.
805 2274 916 2314 Itaque
949 2275 1155 2308 observemus

205 2318 311 2349 Deum
342 2322 376 2348 ut
407 2316 538 2347 Saulem
567 2316 605 2346 de
635 2326 691 2347 sua
726 2317 904 2348 temeritate
937 2318 1065 2357 puniret
1098 2329 1154 2350 vo-

204 2360 302 2391 luisse
325 2365 427 2390 ratam
451 2359 555 2390 facere
578 2359 676 2389 latam
701 2360 739 2389 ab
759 2359 812 2390 illo
831 2361 1041 2392 sententiam:
1064 2362 1155 2402 quasi

204 2402 339 2433 diceret:
371 2401 418 2432 Tu
448 2411 505 2431 rex
534 2410 582 2431 es:
614 2411 740 2432 sacrum
771 2412 839 2433 esse
862 2407 950 2433 tuum
974 2413 1008 2434 os
1031 2409 1155 2445 oportet

202 2445 264 2476 hac
286 2445 319 2475 in
343 2448 445 2484 parte,
470 2448 623 2483 tanquam
647 2444 778 2483 spiritus
802 2446 902 2476 sancti
926 2455 1089 2486 organon:
1120 2453 1155 2478 tu

203 2497 280 2528 ergo
304 2487 495 2518 sententiam
519 2486 631 2524 tulisti,
654 2497 749 2526 quam
773 2487 843 2518 volo
866 2492 967 2518 ratam
991 2499 1074 2520 esse:
1100 2489 1154 2521 sed

204 2530 374 2561 adversam
403 2529 459 2560 tibi
482 2529 516 2559 in
539 2533 630 2559 tuum
655 2529 817 2561 damnum.
861 2530 934 2561 Non
961 2532 1060 2572 igitur
1081 2532 1156 2564 inde

203 2573 349 2613 sequitur
378 2571 446 2602 Deo
475 2571 642 2611 probatam
676 2572 773 2603 fuisse
807 2578 839 2603 et
872 2579 1030 2614 acceptam
1065 2575 1153 2606 illam

202 2615 454 2647 exsecrationem
489 2624 551 2653 qua
590 2618 690 2645 totum
732 2615 884 2655 populum
923 2616 1153 2649 obstrinxerat:

1207 284 1309 314 neque
1342 284 1550 315 quaecunque
1585 275 1663 307 Saul
1704 277 1873 318 eloquutus
1916 283 1999 310 esset
2042 282 2163 310 temere

1206 316 1313 347 Deum
1343 316 1482 348 voluisse
1513 322 1582 348 rata
1612 330 1688 350 0000,
1735 320 1869 351 Minime
1893 321 2050 361 gentium.
2097 320 2161 353 Sed

1205 364 1316 390 contra
1339 359 1428 390 Deus
1451 363 1558 391 ratum
1583 361 1654 392 feeit
1679 362 1764 394 illam
1786 364 1988 401 sententiam,
2013 373 2108 404 quam
2128 364 2160 395 in

1206 401 1338 432 Saulem
1362 406 1576 442 retorqueret:
1599 404 1656 441 Tu,
1681 405 1794 445 inquit,
1817 406 1897 436 mihi
1919 416 2035 446 poenas
2055 406 2162 444 dabis

1206 448 1240 474 tu
1275 444 1426 484 populum
1461 455 1567 476 meum
1602 449 1819 479 exsecratione
1853 449 2070 480 obstrinxisti:
2106 448 2160 480 sed

1206 485 1293 517 illam
1316 487 1351 517 in
1375 491 1406 517 te
1436 497 1494 527 ego
1524 488 1590 527 ipse
1620 491 1816 529 retorquebo.
1863 491 1977 531 Itaque
2008 502 2070 522 non
2102 491 2161 523 du-

1206 528 1292 559 bium
1317 533 1365 560 est
1388 530 1465 569 quin
1490 530 1580 561 Deus
1604 531 1647 561 illi
1678 532 1818 564 habenas
1848 533 1937 564 laxas
1967 534 2161 574 permiserit,

1205 575 1242 602 ut
1263 571 1325 603 ista
1348 571 1393 602 sic
1423 572 1571 603 effutiret.
1618 574 1703 604 Nihil
1734 576 1818 606 enim
1842 575 1913 607 Deo
1942 576 2159 616 incognitum:

1206 624 1312 644 rerum
1337 614 1479 645 omnium
1504 619 1639 647 eventus
1663 616 1798 648 habebat
1821 619 1898 650 satis
1918 624 2016 650 notos.
2052 618 2161 658 Quare

1207 656 1295 688 Deus
1317 657 1421 688 voluit
1444 656 1575 688 Saulem
1600 658 1683 698 quod
1714 664 1777 690 tam
1810 666 1929 692 temere
1959 666 1991 692 et
2020 661 2159 692 inconsi-

1206 698 1316 729 derate
1345 699 1408 730 iam
1439 706 1607 739 peccasset,
1639 701 1670 732 in
1703 702 1785 733 idom
1817 709 1979 743 peccatum
2010 703 2162 743 recidere,

1206 746 1241 772 ut
1264 751 1385 781 poenas
1416 742 1519 773 daret:
1549 743 1741 784 dignamque
1771 745 1862 777 factis
1886 746 1952 777 suis
1981 746 2160 778 mercedem

1206 788 1394 824 reportaret,
1418 785 1550 825 Deoque
1574 796 1641 817 sese
1664 787 1849 819 submittere
1873 788 2017 820 disceret.

1291 827 1426 858 Interim
1450 838 1525 858 vero
1549 828 1575 859 si
1599 829 1668 868 quis
1692 834 1781 870 roget
1800 830 1905 862 Deine
1927 832 2066 862 iustitiae
2087 842 2161 863 con-

1208 870 1342 910 venerit,
1384 870 1535 901 miserum
1571 876 1602 901 et
1637 872 1840 904 innocentem
1875 873 2091 905 Ionathanum
2127 875 2160 905 in

1207 912 1265 943 has
1288 913 1454 953 angustias
1478 913 1649 945 coniecisse
1672 920 1708 945 ut
1730 915 1761 946 in
1786 917 1899 947 mortis
1923 927 2023 957 usque
2047 917 2159 948 discri-

1207 964 1279 986 men
1305 955 1447 986 veniret:
1484 966 1559 987 sane
1582 958 1744 988 convenit:
1769 958 1823 989 sed
1846 959 1937 990 cuius
1960 969 1997 990 ea
2018 966 2067 991 est
2089 970 2163 1000 pro-

1207 997 1371 1028 videntiae
1401 998 1450 1029 vis
1472 1004 1507 1028 ut
1539 998 1713 1039 desperatis
1741 1001 1836 1032 rebus
1866 1001 1999 1032 salutem
2029 1002 2162 1039 adferat,

1207 1050 1324 1080 resque
1346 1051 1456 1072 omnes
1479 1041 1524 1071 ita
1547 1047 1714 1081 componat
1737 1048 1774 1073 ut
1797 1054 1893 1083 quum
1923 1044 2070 1076 ultimum
2095 1047 2163 1076 exi-

1208 1083 1289 1113 tium
1323 1083 1491 1114 imminere
1526 1083 1694 1121 videbitur,
1729 1085 1817 1117 salus
1850 1092 2013 1127 appareat.
2066 1087 2162 1127 Quod

1208 1125 1268 1165 ipsi
1304 1125 1484 1156 Ionathano
1518 1127 1659 1167 contigit.
1711 1128 1881 1159 Caeterum
1913 1130 2160 1168 observandum,

1209 1167 1280 1198 Deo
1302 1169 1508 1207 permittente
1531 1169 1716 1201 innocentes
1739 1171 1846 1212 affligi,
1871 1181 1936 1202 non
1958 1172 2030 1203 ideo
2053 1177 2160 1205 tamen

1208 1210 1360 1241 iniuriam
1383 1211 1447 1242 illis
1470 1210 1509 1242 ab
1531 1211 1600 1251 ipso
1623 1212 1700 1243 fieri.
1724 1213 1836 1253 Neque
1858 1215 1942 1245 enim
1967 1219 2015 1246 est
2036 1215 2069 1246 in
2090 1216 2161 1248 Deo

1208 1253 1275 1284 ulla
1296 1253 1372 1284 mali
1396 1254 1491 1285 labes.
1526 1253 1635 1293 Quare
1654 1256 1680 1286 si
1700 1255 1788 1286 Deus
1807 1267 1858 1287 res
1879 1256 2029 1289 adversas
2054 1259 2161 1290 immi-

1210 1296 1299 1332 serit,
1340 1307 1381 1327 ne
1404 1296 1623 1336 obloquamur,
1663 1298 1716 1328 sed
1740 1309 1774 1329 os
1808 1299 1911 1338 potius
1946 1300 2159 1334 occludamus.

1210 1337 1296 1369 Sane
1319 1344 1454 1378 possunt
1477 1339 1605 1379 quidem
1628 1340 1681 1379 qui
1700 1341 1889 1381 affliguntur
1911 1352 1944 1372 se
1963 1343 2160 1383 innocentes,

1210 1390 1243 1411 se
1263 1381 1332 1412 sine
1350 1391 1446 1412 causa
1464 1382 1582 1421 puniri,
1606 1392 1639 1412 00
1658 1383 1716 1414 sibi
1737 1394 1799 1413 non
1819 1395 1886 1415 esse
1906 1385 1988 1415 male
2007 1387 2160 1425 conscios,

1210 1433 1313 1463 neque
1346 1424 1443 1455 ullius
1477 1424 1604 1455 sceleris
1638 1435 1716 1463 reos,
1756 1426 1907 1466 profiteri,
1948 1437 2062 1458 verum
2096 1440 2159 1460 non

1210 1465 1296 1506 apud
1327 1466 1442 1504 Deum,
1473 1468 1527 1498 sed
1557 1467 1639 1507 apud
1670 1473 1813 1499 terrenos
1849 1469 1984 1501 iudices:
2019 1471 2159 1510 quando-

1210 1509 1340 1548 quidem
1362 1509 1432 1540 Deo
1455 1520 1531 1540 suae
1560 1514 1707 1541 constant
1736 1511 1876 1542 rationes
1900 1522 1956 1543 nos
1979 1512 2158 1554 affligendi:

1210 1561 1398 1592 semperque
1437 1552 1609 1583 iustissime
1649 1552 1751 1584 facere
1794 1553 1993 1586 iudicabitur.
2050 1555 2159 1595 Quare

1210 1594 1440 1634 compescenda
1463 1595 1697 1635 premendaque
1720 1595 1801 1626 labia
1825 1596 1935 1636 digito,
1959 1598 2157 1638 quandoqui-

1211 1636 1281 1667 dem
1323 1637 1398 1668 licet
1437 1637 1469 1668 in
1505 1637 1610 1677 aliquo
1650 1643 1790 1669 nostram
1824 1639 2040 1670 innocentiam
2075 1642 2158 1672 tueri

1210 1689 1388 1719 possumus,
1420 1680 1452 1710 in
1481 1680 1568 1710 mille
1597 1685 1703 1711 tamen
1728 1681 1798 1711 aliis
1819 1681 1914 1712 etiam
1938 1682 2028 1713 nobis
2052 1683 2159 1724 incog-

1210 1722 1285 1752 nitis
1309 1732 1491 1763 arguemur.
1536 1723 1579 1753 Et
1609 1723 1635 1753 si
1663 1733 1791 1754 causam
1821 1728 1964 1754 nostram
1995 1725 2102 1765 aliqua
2126 1727 2159 1757 in

1208 1775 1243 1795 re
1274 1765 1525 1805 probaverimus,
1554 1765 1642 1796 Deus
1670 1771 1775 1796 tamen
1804 1771 1971 1798 sexcentas
2001 1767 2079 1799 alias
2103 1768 2159 1799 ad-

1209 1817 1338 1838 versum
1361 1818 1417 1839 nos
1440 1808 1600 1848 producet,
1624 1807 1737 1848 quibus
1760 1809 1900 1839 maxime
1919 1814 2027 1840 sontes
2047 1819 2160 1851 argue-

1207 1860 1289 1881 mur.
1334 1850 1383 1881 Ne
1413 1851 1520 1890 itaque
1543 1850 1722 1881 Ionathano
1745 1851 1859 1882 factam
1884 1851 1980 1882 ullam
2005 1852 2158 1884 iniuriam

1207 1893 1409 1930 arbitremur,
1433 1893 1505 1924 licet
1528 1893 1644 1923 insonti
1667 1898 1698 1923 et
1720 1903 1777 1933 per
1799 1893 2042 1934 incogitantiam
2067 1895 2155 1935 lapso

1207 1935 1239 1965 in
1264 1936 1351 1966 illam
1375 1946 1469 1975 quam
1494 1936 1628 1966 nescivit
1650 1937 1750 1976 patris
1767 1937 2028 1975 exsecrationem,
2053 1948 2069 1968 a
2093 1949 2156 1978 qua

1206 1977 1339 2017 proinde
1372 1979 1443 2009 iure
1475 1983 1601 2018 poterat
1641 1978 1771 2009 absolvi.
1827 1978 1910 2009 Nam
1951 1980 2011 2009 etsi
2049 1990 2157 2012 coram

1206 2021 1390 2052 hominibus
1413 2021 1576 2052 sufficiens
1607 2022 1769 2051 excusatio
1800 2021 1956 2060 videatur,
1989 2021 2077 2053 Deus
2108 2028 2157 2054 ta-

1206 2074 1279 2094 men
1303 2064 1380 2094 satis
1404 2064 1515 2094 habuit
1546 2064 1720 2104 cognitam:
1750 2074 1785 2094 ae
1816 2063 1947 2103 proinde
1978 2064 2074 2095 etiam
2099 2076 2158 2097 sua

1206 2106 1398 2138 liberalitate
1422 2106 1570 2146 providit,
1600 2113 1633 2137 ut
1657 2107 1688 2136 in
1713 2112 1814 2136 tantas
1844 2106 2008 2144 angustias
2030 2108 2156 2140 coniec-

1205 2153 1258 2180 tus
1282 2149 1489 2187 Ionathanus,
1518 2149 1674 2189 mortique
1698 2149 1792 2179 etiam
1816 2148 1969 2187 addictus,
2000 2149 2060 2180 Dei
2083 2161 2160 2191 gra-

1205 2192 1282 2222 tiam
1307 2196 1339 2222 et
1361 2192 1611 2223 misericerdiam
1634 2192 1666 2222 in
1691 2201 1813 2222 summo
1837 2191 1975 2230 periculo
1998 2193 2158 2232 experire-

1206 2238 1268 2265 tur.
1315 2234 1487 2265 Praeterea
1522 2234 1572 2265 hic
1607 2233 1805 2265 observanda
1835 2239 1882 2263 est
1915 2233 2080 2265 hominum
2116 2235 2157 2267 ad

1206 2276 1402 2317 peccandum
1426 2277 1619 2317 proclivitas,
1652 2276 1704 2316 qui
1727 2275 1861 2307 subinde
1885 2285 1948 2306 non
1972 2276 2157 2309 cohibentes

1206 2329 1279 2350 suos
1303 2319 1433 2350 affectus
1456 2320 1593 2359 peccatis
1622 2324 1748 2358 peccata
1771 2318 1935 2349 cumulant
1965 2324 1996 2349 01
2023 2319 2056 2350 10
2088 2320 2156 2352 dies

1206 2366 1333 2401 augent.
1359 2362 1516 2401 Exemplo
1535 2366 1602 2392 esto
1623 2360 1718 2392 Saul:
1742 2361 1793 2400 qui
1814 2361 1952 2400 primum
1972 2361 2155 2395 iuramento

1205 2405 1275 2440 isto,
1300 2404 1373 2435 vivit
1396 2404 1519 2441 Iehova,
1551 2414 1640 2435 suam
1671 2404 1862 2434 sententiam
1894 2404 2050 2434 firmavit:
2082 2415 2159 2445 qua-

1205 2457 1276 2478 rum
1319 2457 1429 2477 vocum
1472 2456 1602 2477 sensum
1644 2451 1738 2476 antea
1777 2446 1999 2485 exposuimus:
2041 2447 2157 2479 deinde

1205 2489 1329 2528 adiecit,
1349 2488 1463 2519 [ebora
1481 2489 1534 2528 qui
1551 2491 1652 2519 servat
1670 2487 1834 2519 Israblem:
1857 2494 1887 2518 et
1907 2489 2037 2520 tertium
2057 2490 2157 2522 etiam

1205 2532 1360 2567 adiunxit,
1383 2534 1477 2561 morte
1494 2531 1646 2562 morietur.
1670 2530 1779 2569 Quum
1802 2530 1908 2570 itaque
1927 2531 2012 2570 dicit,
2035 2532 2159 2565 Iehova

1206 2575 1259 2615 qui
1290 2578 1397 2605 servat
1421 2573 1584 2611 Israelem,
1613 2572 1744 2613 perinde
1767 2576 1815 2603 est
1844 2583 1880 2605 ac
1903 2573 1929 2604 si
1952 2574 2073 2606 iuraret
2096 2586 2156 2615 per

1206 2627 1288 2654 eum,
1311 2617 1362 2656 qui
1386 2616 1537 2656 populum
1561 2625 1655 2647 suum
1679 2626 1718 2646 ex
1742 2615 1881 2655 periculo
1904 2615 2040 2657 eripuit:
2063 2619 2159 2658 quasi

1923 2666 1957 2694 5*
