2551 3044
161 200 223 232 565

161 298 291 329 ditionis
328 297 574 328 obliviscantur:
616 300 647 326 et
687 305 758 326 sese
793 301 946 335 tanquam
980 307 1054 327 sues
1089 297 1121 327 in

160 341 360 380 voluptatum
385 349 482 370 coeno
506 338 663 375 volutent,
689 348 789 377 eoque
813 338 947 369 veniant
970 339 1122 378 stuporis,

160 389 196 414 ut
214 384 239 414 si
264 384 296 413 in
321 386 512 422 potestatem
536 381 676 412 hostium
700 390 833 411 suorum
858 381 1034 421 venissent⁷
1058 391 1122 412 non

160 427 284 466 possint
302 425 422 456 maiore
445 423 483 454 ab
506 423 584 463 ipsis
607 423 690 454 affici
713 423 891 463 ignominia
913 428 946 454 et
969 423 1123 455 dedecore

160 479 256 509 quam
280 467 363 508 quod
388 466 447 506 ipsi
471 465 530 496 sibi
554 470 730 496 accersunt.
771 466 875 496 Tanto
898 466 997 505 igitur
1020 466 1123 507 magis

160 511 364 542 sobrietatem
395 508 498 540 colere
527 507 695 545 debemus,
726 512 758 539 et
785 508 860 539 licet
889 508 977 539 Deus
1009 509 1122 540 vinum

159 553 293 590 crearit,
328 557 364 582 ut
397 551 598 582 exhilaretur
628 561 681 581 cor
711 550 867 588 hominis,
902 551 986 582 sicut
1016 552 1059 581 ait
1090 552 1121 582 in

159 596 297 628 Psalmis
337 593 501 634 propheta.
557 593 662 624 Tanta
702 594 788 624 enim
830 599 878 624 est
911 594 1011 634 ipsius
1045 604 1123 634 erga

158 649 261 679 genus
279 637 459 668 humanum
479 635 655 667 liberalitas
677 641 713 666 ut
737 646 801 667 non
826 642 953 667 tantum
976 647 1058 676 quae
1082 636 1121 667 ad

157 691 272 721 corpus
292 679 442 710 alendum
462 678 638 715 sufficiunt,
661 678 717 710 sod
735 679 834 710 etiam
853 689 934 719 quae
957 680 996 710 ad
1020 680 1121 710 abun-

156 723 300 754 dantiam
331 727 364 753 et
384 721 621 752 iucunditatem
646 721 778 759 faciunt,
810 723 903 754 nobis
927 722 1120 762 suppeditet,

155 764 426 806 quemadmodum
460 764 572 795 viuum
606 763 718 795 datum
749 768 798 795 est
828 775 892 795 non
924 770 1050 795 tantum
1080 764 1121 795 ad

153 819 208 840 cor
242 808 423 839 humanum
457 806 721 844 sustentandum,
757 807 812 838 sed
841 808 938 838 etiam
969 807 1008 838 ad
1039 807 1120 838 illud

153 850 411 883 exhilarandum.
448 849 513 880 Nos
532 849 641 889 itaque
660 849 792 880 modum
811 850 843 880 iu
864 857 942 890 potu
965 850 1120 881 adhibere

153 894 323 930 discamus,
355 898 391 923 ut
414 892 484 923 Deo
516 902 642 932 semper
671 902 767 932 agere
797 894 919 933 gratias
950 894 1119 932 possimus,

153 942 185 967 et
204 947 244 967 ne
262 935 332 967 cibo
351 945 388 966 ac
412 940 488 975 potu
512 935 556 966 sic
580 935 763 972 obruamur,
788 941 823 966 ut
846 936 950 966 officio
974 935 1120 967 faciendo

152 979 254 1010 simus
277 979 426 1019 impares,
458 978 526 1009 Deo
550 977 704 1008 nimirum
729 988 808 1018 pure
832 978 1020 1015 invocando,
1045 989 1119 1019 pro-

152 1022 241 1053 ximo
271 1020 479 1052 inserviendo
507 1025 540 1051 et
568 1021 744 1051 vocationis
777 1026 905 1052 nostrae
929 1028 1036 1061 partes
1059 1021 1119 1052 im-

152 1064 278 1105 plendo.
325 1064 472 1103 Denique
497 1073 538 1093 ne
561 1062 709 1094 hilaritas
731 1067 764 1094 et
787 1063 936 1103 voluptas
959 1074 1054 1103 quam
1078 1075 1119 1095 ex

152 1108 226 1138 vino
256 1106 410 1147 capimus,
444 1105 506 1136 Dei
536 1105 659 1136 cultum
689 1105 902 1137 interturbet:
934 1106 990 1137 sed
1014 1107 1119 1147 potius

151 1149 276 1181 viribus
309 1149 457 1180 omnibus
493 1149 527 1179 in
558 1148 621 1179 Dei
657 1154 829 1188 praecepta
859 1150 959 1180 simus
990 1150 1118 1181 intenti.

151 1193 235 1224 Nam
268 1192 294 1223 si
329 1202 386 1222 nos
420 1190 489 1222 cibo
524 1195 557 1222 et
589 1196 667 1231 potu
702 1191 746 1222 sic
777 1192 1053 1232 ingurgitavimus
1084 1197 1119 1223 ut

151 1235 253 1275 inepti
275 1234 449 1266 reddamur
472 1233 511 1264 ad
535 1234 641 1264 Deum
663 1234 842 1272 colendum,
866 1235 950 1266 sicut
972 1241 1118 1267 nostrum

150 1278 293 1309 officium
312 1276 462 1317 postulat,
486 1282 608 1307 certum
628 1282 676 1307 est
689 1277 750 1307 Dei
769 1277 853 1307 dona
872 1287 954 1317 quae
973 1279 1005 1308 in
1025 1289 1118 1309 usum

152 1326 300 1352 nostrum
330 1319 421 1350 nobis
450 1324 651 1351 concesserat
680 1330 699 1350 a
727 1320 818 1350 nobis
847 1321 1017 1360 profanari.
1063 1320 1119 1352 Id-

152 1364 237 1395 circo
270 1363 371 1403 igitur
400 1362 476 1393 vino
505 1362 594 1393 Deus
625 1362 708 1393 hanc
739 1363 803 1393 vim
833 1362 966 1394 indidit:
999 1368 1036 1394 ut
1065 1373 1119 1395 cor

150 1406 293 1437 hominis
323 1405 492 1442 exhilaret,
523 1404 579 1436 sed
607 1405 859 1445 intemperentia
888 1410 920 1436 et
950 1406 1038 1437 illius
1063 1406 1118 1437 ab·

151 1460 228 1480 usus
262 1454 310 1479 est
343 1447 571 1483 intolerabilis,
606 1454 637 1478 et
671 1448 849 1479 vindictam
883 1449 1067 1488 expostulat
1100 1459 1118 1480 a

151 1491 292 1523 Domino
311 1495 398 1521 terra
417 1491 486 1530 ipsa
509 1490 599 1530 quasi
618 1491 751 1531 sanguis
775 1491 876 1530 ipsius
900 1496 1022 1522 temere
1045 1492 1117 1522 fun-

150 1534 289 1565 deretur.
346 1533 412 1564 Nos
449 1533 548 1573 igitur
581 1533 685 1564 sobrie
720 1539 752 1563 et
786 1540 1007 1574 temperanter
1041 1535 1117 1565 vino

149 1577 350 1616 caeterisque
384 1575 479 1607 rebus
513 1576 630 1607 creatis
664 1581 804 1613 utamur,
840 1582 875 1607 ut
910 1577 975 1608 illis
1009 1578 1117 1609 satiati

151 1630 252 1651 novas
271 1620 356 1651 vires
376 1619 570 1658 accipiamus
592 1618 630 1650 ad
655 1624 784 1650 nostrae
808 1620 985 1651 vocationis
1009 1626 1117 1660 partes

149 1661 338 1702 implendas,
362 1667 394 1692 et
412 1662 451 1692 ad
466 1661 528 1692 Dei
548 1661 659 1692 laudes
678 1662 783 1702 magis
802 1662 970 1702 magisque
994 1663 1119 1703 praedi-

149 1705 284 1743 candas,
316 1714 479 1744 novasque
510 1705 596 1735 vires
620 1704 823 1744 accipiendas
846 1705 886 1736 ad
910 1710 1039 1737 nostrae
1065 1717 1117 1738 vo-

150 1748 286 1779 cationis
312 1752 421 1788 partes
447 1747 651 1779 sustinendas
676 1757 864 1787 quocunque
884 1748 961 1785 loco,
985 1753 1016 1780 et
1039 1759 1117 1789 qua·

149 1800 277 1831 cunque
300 1791 425 1821 ratione
438 1790 528 1821 Deus
551 1790 691 1827 iusserit,
715 1795 924 1831 nostramque
947 1792 1117 1832 explorare

148 1833 362 1865 obedientiam
392 1833 542 1864 voiuerit.
595 1833 738 1872 Ideoque
769 1833 975 1865 meditandae
1004 1835 1117 1866 crebro

149 1881 227 1907 sunt
253 1879 383 1907 sanctae
412 1875 654 1907 adhortationes
685 1880 717 1906 et
739 1876 975 1908 admonitiones
1000 1877 1116 1917 quibus

149 1929 168 1950 a
197 1919 276 1949 luxu
305 1923 337 1949 ct
367 1918 616 1958 intemperantia
646 1919 795 1949 iubemur
821 1919 1000 1951 abstinere:
1032 1920 1115 1960 quod

148 1961 213 1993 illis
242 1961 276 1991 in
304 1960 384 1992 vitia
414 1966 447 1992 et
468 1961 593 2001 flagitia
616 1961 719 1992 multa
743 1961 958 2001 impellamur.
1005 1962 1115 2000 Quare

147 2004 223 2036 licet
250 2004 339 2035 Deus
371 2014 604 2043 nonnunquam
633 2004 728 2034 faciat
759 2009 950 2043 potestatem
982 2005 1115 2037 liberius

148 2046 288 2084 vivendi,
319 2046 531 2078 nihilominus
562 2052 669 2077 tamen
700 2057 765 2077 non
797 2058 867 2078 esse
890 2048 1041 2088 crapulae
1065 2049 1115 2079 in-

148 2089 346 2129 dulgendum
381 2089 540 2127 sciamus,
579 2089 636 2121 sed
669 2089 898 2121 immoderatos
932 2097 963 2121 et
998 2092 1115 2122 intem-

147 2137 297 2173 perantes
325 2132 486 2172 appetitus
516 2143 585 2163 esse
608 2131 809 2170 fraenandos,
840 2133 944 2164 Deum
969 2144 1037 2165 esse
1062 2135 1116 2165 ho-

147 2175 271 2206 minum
310 2174 449 2206 iudicem
483 2185 547 2205 non
582 2175 705 2215 ignari,
747 2185 783 2206 ac
817 2176 952 2215 proinde
987 2181 1115 2208 tantum

148 2217 265 2249 vitium
287 2227 352 2248 non
375 2217 515 2248 inultum
539 2218 736 2250 relicturum.
771 2217 896 2250 Idcirco
910 2219 1032 2250 Paulus
1056 2231 1114 2251 nos

149 2260 297 2291 hortatur
329 2264 365 2290 ut
394 2261 427 2291 in
457 2260 528 2291 cibo
559 2265 591 2291 et
620 2265 698 2300 potu
728 2262 975 2300 temperantiam
1006 2272 1114 2294 serve-

149 2313 230 2341 mus,
264 2313 304 2333 ne
335 2302 412 2342 quid
434 2313 491 2343 per
514 2303 630 2334 luxum
653 2307 686 2334 et
708 2303 918 2335 immoderate
941 2305 1113 2337 faciamus:

149 2345 233 2386 quod
253 2345 322 2376 istis
339 2345 493 2385 gradibus
512 2347 551 2377 ad
570 2346 703 2386 quaevis
722 2346 807 2377 mala
825 2346 990 2384 ducamur,
1014 2347 1116 2379 donec

149 2388 258 2428 pravis
291 2389 410 2420 nostris
439 2389 668 2429 cupiditatibus
700 2389 795 2428 plane
825 2390 903 2421 satis
931 2390 1113 2422 fecerimus.

150 2431 243 2462 Licet
271 2431 370 2470 igitur
399 2431 490 2463 Deus
520 2432 628 2469 nobis,
665 2442 738 2463 cum
768 2432 947 2472 gratiarum
978 2434 1112 2470 actione,

150 2473 313 2504 liberalius
350 2479 382 2505 et
411 2474 530 2505 lautius
560 2474 732 2514 aliquando
762 2474 892 2506 vivendi
919 2480 1112 2515 potestatem

150 2515 254 2553 faciat,
284 2516 377 2548 simul
407 2522 516 2548 tamen
546 2517 638 2549 docet
665 2528 722 2548 nos
751 2527 820 2548 esse
843 2518 1051 2556 insatiabiles,
1081 2524 1113 2550 et

151 2557 207 2588 ubi
235 2558 462 2596 cupiditatibus
490 2560 634 2591 habenas
663 2560 889 2592 laxaverimus'
912 2561 952 2591 ad
975 2561 1111 2601 quodvis

151 2599 310 2640 flagitium
350 2602 529 2641 proclives,
570 2608 602 2634 et
642 2603 777 2634 rationis
811 2603 916 2634 omnis
951 2609 1111 2643 expertes.

150 2641 355 2682 Quapropter
384 2644 460 2684 quid
486 2645 575 2676 Deus
604 2646 769 2685 permittat
798 2646 1039 2683 attendendum,
1072 2657 1112 2677 ne

807 203 853 233 IN
879 203 904 233 1.
932 203 1015 233 111B.
1042 203 1241 234 SAMUEL.
1266 204 1364 236 CAP.
1388 206 1498 238 XXV.

2081 211 2146 242 566

1174 299 1334 336 praefixos
1356 300 1510 332 terminos
1534 301 1789 332 transsiliamus:
1814 301 1869 333 sed
1894 303 2051 335 adversus
2073 313 2146 335 car-

1175 340 1263 371 nales
1302 342 1493 381 cupiditates
1535 349 1566 374 ot
1607 344 1791 384 voluptates
1825 344 2068 385 demgnemus,
2103 357 2144 378 ne

1175 383 1296 413 ratione
1320 384 1456 423 spoliata
1481 391 1590 417 nostra
1614 397 1705 418 mens
1729 397 1748 418 a
1772 397 1852 426 puro
1876 394 1908 418 et
1932 388 2056 419 sincero
2081 389 2142 420 Dei

1173 424 1261 456 cultu
1292 426 1481 465 depellatur.
1528 428 1699 460 Caeterum
1731 430 1827 461 etiam
1860 430 1945 461 istud
1969 430 2143 462 observan-

1175 466 1267 505 dum,
1309 468 1413 500 Deum
1455 470 1528 501 licet
1569 471 1638 502 istis
1672 472 1967 512 intemperantibus
2002 473 2144 506 habenas

1174 510 1312 541 laxiores
1343 512 1524 551 permittat,
1555 514 1768 545 nihilominus
1800 515 1854 545 ubi
1881 516 2050 555 crapulam
2086 527 2142 548 ex-

1175 552 1326 589 halarint,
1357 564 1428 585 care
1456 555 1598 587 vendere
1628 557 1924 596 intemperantiam,
1954 563 1986 589 et
2009 559 2042 589 in
2066 569 2141 590 eum

1174 599 1338 635 stuporem
1362 597 1543 635 immittere,
1577 603 1612 629 ut
1635 605 1727 630 extra
1751 610 1784 630 se
1808 610 1880 631 esse
1903 600 2086 639 videantur,
2109 606 2142 633 et

1174 638 1268 677 plane
1288 638 1426 671 hebetes.
1463 640 1531 671 Nae
1550 641 1575 671 si
1599 652 1727 681 semper
1750 642 1875 674 sobrius
1889 642 1992 674 Nabal
2017 643 2140 681 fuisset,

1174 680 1247 711 licet
1277 681 1384 712 audito
1414 681 1454 712 ab
1476 693 1575 714 uxore
1599 684 1739 723 periculo
1759 685 1790 716 in
1816 685 1899 725 quod
1925 695 1984 716 sua
2001 686 2143 717 stultitia

1173 722 1352 754 inciderat:
1377 725 1584 763 perturbatus
1603 727 1740 765 quidem,
1765 738 1828 758 non
1849 732 1958 759 tamen
1977 728 2142 760 lethaliter

1173 766 1307 796 affectus
1347 766 1470 798 fuisset.
1526 768 1591 799 sod
1633 769 1706 800 licet
1747 770 1911 809 crapulam
1947 771 2141 810 exhalasset,

1173 812 1280 839 tamen
1314 808 1420 840 adhuc
1448 815 1589 841 mentem
1621 811 1768 842 obrutam
1800 813 1946 849 retinuit,
1981 819 2017 844 ut
2047 815 2142 845 multi

1172 851 1276 881 solent
1295 862 1334 882 ex
1356 851 1507 883 hesterna
1525 854 1658 893 crapula
1679 854 1858 891 hebescere,
1884 861 1915 886 et
1938 856 2013 887 licet
2038 867 2142 896 neque

1173 893 1283 933 lingua
1306 904 1410 933 neque
1434 894 1568 934 pedibus
1592 896 1739 933 titubent,
1771 903 1911 928 mentem
1936 904 2046 929 tamen
2071 905 2143 930 tur-

1172 936 1280 967 batam
1300 936 1449 975 habeant,
1472 937 1550 969 adeo
1570 944 1606 969 ut
1624 939 1732 970 nullus
1751 941 1890 980 amplius
1911 942 2029 972 rationi
2053 942 2143 974 locus

1172 978 1314 1019 reliquus
1337 979 1387 1016 sit,
1411 984 1444 1010 et
1466 981 1526 1020 ipsi
1551 981 1636 1012 ultro
1660 982 1926 1014 terriculamenta
1949 984 2086 1025 fingant,
2111 990 2143 1016 et

1172 1021 1296 1052 nullum
1328 1022 1497 1053 consilium
1522 1024 1615 1054 malis
1639 1025 1706 1055 suis
1729 1024 1912 1056 admittant.
1958 1025 2013 1058 Sic
2038 1027 2141 1058 Nabal

1172 1064 1282 1095 audito
1313 1065 1351 1095 ab
1379 1075 1478 1096 uxore
1502 1066 1615 1096 nuntio
1640 1067 1773 1098 territus
1797 1068 2008 1099 vehementer
2031 1070 2141 1101 obstu-

1172 1107 1249 1147 puit,
1280 1113 1311 1138 et
1342 1114 1494 1148 tanquam
1515 1109 1676 1148 Marpesia
1699 1115 1808 1140 cautes
1833 1111 1986 1142 constitit.
2031 1111 2142 1151 Quare

1171 1150 1226 1189 qui
1258 1155 1354 1181 antea
1385 1151 1605 1187 insolescebat,
1637 1158 1669 1182 et
1691 1153 1826 1183 obrutus
1850 1154 1926 1183 vino
1951 1160 2142 1194 arroganter

1172 1202 1241 1223 sese
1271 1193 1432 1230 efferebat,
1459 1193 1518 1224 Dei
1549 1205 1646 1225 manu
1678 1195 1835 1232 deiicitur,
1867 1202 1899 1226 et
1930 1196 2086 1228 dedecore
2109 1202 2142 1229 et

1172 1236 1351 1275 ignominia
1372 1236 1528 1267 obruitur.
1568 1237 1656 1268 Hinc
1678 1238 1777 1277 igitur
1799 1237 2010 1270 observemus
2034 1240 2141 1271 sobrie

1172 1284 1203 1308 et
1216 1283 1434 1318 temperanter
1454 1279 1612 1319 viventes,
1636 1280 1877 1311 imminentibas
1897 1280 2026 1320 quidem
2046 1283 2141 1313 malis

1173 1322 1305 1352 terreri:
1339 1321 1395 1352 sed
1430 1326 1537 1352 tamen
1572 1332 1639 1352 non
1672 1322 1804 1353 destitui
1839 1323 1964 1354 ratione
1998 1328 2032 1355 et
2063 1335 2141 1356 con-

1171 1364 1259 1395 silio:
1296 1363 1382 1404 quod
1418 1370 1523 1395 metus
1553 1365 1606 1395 ille
1636 1365 1743 1396 Deum
1776 1366 1941 1404 respiciat,
1973 1377 2035 1406 quo
2065 1367 2140 1398 freti

1172 1417 1261 1447 spem
1300 1417 1364 1437 non
1411 1407 1572 1438 abiiciant.
1630 1408 1752 1438 Contra
1790 1418 1868 1438 vero
1906 1409 2076 1440 helluones
2109 1415 2140 1441 et

1172 1450 1426 1489 intemperanter
1446 1450 1545 1480 vitam
1564 1458 1706 1490 agentes,
1726 1450 1779 1490 qui
1799 1450 1839 1481 ad
1859 1455 1986 1490 tempus
2009 1462 2139 1484 omnem

1172 1493 1408 1523 humanitatem
1448 1493 1575 1523 exuisse
1609 1494 1668 1524 visi
1703 1497 1780 1523 sunt
1808 1498 1966 1533 quantum
1994 1494 2027 1524 in
2058 1495 2140 1535 ipsis

1171 1536 1239 1573 fuit,
1269 1539 1358 1566 tanto
1390 1540 1512 1566 terrore
1542 1536 1774 1571 concutientur,
1805 1546 1904 1575 quum
1932 1535 1972 1566 ad
1995 1537 2139 1576 ipsorum

1171 1578 1348 1609 vindictam
1374 1578 1434 1608 Dei
1458 1588 1572 1608 manus
1596 1578 1795 1615 accelerabit,
1827 1584 1864 1609 ut
1886 1578 1997 1610 nullus
2021 1580 2138 1612 rationi

1170 1621 1260 1652 locus
1291 1620 1444 1660 supersit:
1476 1625 1506 1651 et
1537 1620 1795 1660 quandoquidem
1827 1631 1886 1652 sua
1917 1622 2073 1653 ebrietate
2104 1623 2136 1654 in

1171 1663 1288 1694 bestias
1317 1663 1541 1694 transformari
1565 1663 1747 1699 voluerunt,
1779 1669 1810 1694 et
1833 1664 1871 1694 ab
1896 1664 2009 1695 officiis
2033 1665 2139 1696 homi-

1170 1717 1249 1737 num
1280 1706 1422 1737 fidelium
1446 1710 1657 1742 recesserunt,
1688 1706 1817 1746 penitus
1840 1707 1936 1737 etiam
1961 1707 1993 1737 in
2019 1707 2138 1740 bestias

1169 1750 1367 1789 degenerent
1392 1749 1452 1779 Dei
1476 1749 1618 1780 vindicta
1642 1750 1725 1788 ipsos
1749 1754 1974 1788 persequente.

1255 1792 1298 1822 Et
1328 1792 1366 1822 de
1395 1791 1467 1822 istis
1496 1791 1668 1822 hactenus:
1700 1802 1872 1831 pergamus
1896 1791 1935 1822 ad
1959 1793 2136 1832 sequentia,

1168 1835 1201 1865 in
1232 1834 1349 1874 quibus
1374 1833 1528 1865 Nabalem
1554 1835 1640 1864 Deus
1669 1834 1867 1874 percussisse
1890 1833 2008 1866 dicitur
2031 1835 2077 1866 ita
2102 1841 2138 1867 ut

1169 1883 1241 1917 post
1280 1877 1389 1908 decem
1429 1877 1495 1908 dies
1532 1882 1678 1907 mortuus
1711 1877 1761 1907 sit.
1816 1876 1971 1907 Dubitari
2005 1882 2137 1917 poterat

1168 1920 1301 1951 Densne
1326 1920 1479 1950 voluisset
1504 1919 1657 1950 Nabalem
1680 1919 1804 1958 punire,
1827 1929 1868 1949 an
1892 1929 1967 1957 non,
1991 1920 2053 1951 nisi
2077 1932 2136 1952 no-

1168 1963 1314 1993 minatim
1328 1962 1462 2003 spiritus
1480 1967 1608 1994 sanctus
1628 1962 1702 1993 huic
1721 1962 1911 1993 occurrisset
1930 1961 2137 2001 dubitationi,

1168 2011 1200 2036 et
1219 2006 1357 2036 subitam
1383 2005 1472 2035 illam
1495 2016 1531 2036 ac
1554 2005 1754 2044 repentinam
1779 2009 1913 2035 mortem
1934 2014 1952 2035 a
1966 2004 2036 2036 Deo
2060 2016 2134 2045 pro-

1167 2049 1283 2079 fectam
1318 2049 1423 2085 fuisse,
1458 2053 1610 2087 tanquam
1642 2047 1760 2077 iustam
1795 2046 2018 2086 punitionem,
2053 2048 2136 2079 indj-

1167 2096 1280 2128 casset,
1312 2102 1375 2130 qua
1404 2090 1442 2121 de
1465 2089 1597 2121 Nabalis
1627 2095 1692 2120 tam
1723 2088 1873 2128 superbia
1892 2095 1923 2120 et
1947 2092 2135 2130 arrogantia

1168 2144 1264 2174 quam
1306 2134 1460 2165 ebrietate
1494 2142 1611 2172 poenas
1646 2132 1770 2163 sumsit.
1827 2131 1912 2162 Nam
1947 2132 1988 2163 ad
2021 2138 2134 2165 contu-

1168 2176 1280 2208 melias
1320 2176 1392 2208 illas
1430 2175 1545 2215 quibus
1586 2174 1744 2206 Davidem
1786 2179 1996 2213 provocarat,
2036 2176 2134 2208 etiam

1167 2220 1355 2250 ebrietatem
1387 2219 1555 2257 adiecerat,
1586 2228 1648 2257 qua
1671 2228 1704 2248 se
1729 2215 1883 2247 adversus
1901 2217 2010 2248 Deum
2034 2220 2132 2250 etiam

1166 2262 1336 2293 obfirmare
1370 2261 1453 2292 velle
1484 2260 1661 2292 videbatur.
1715 2259 1783 2290 Nae
1814 2259 1982 2290 hominum
2013 2260 2133 2293 iudicio

1167 2305 1297 2335 Nabalis
1318 2309 1482 2344 peccatum
1506 2313 1567 2334 non
1592 2312 1694 2341 usqne
1716 2301 1796 2332 adeo
1818 2312 1918 2342 grave
1943 2302 2132 2335 videbatur:

1165 2347 1221 2379 sed
1244 2357 1315 2378 eam
1338 2357 1407 2377 esse
1431 2350 1574 2376 nostram
1596 2344 1810 2376 conditionem
1835 2344 1983 2382 sciamus,
2007 2350 2044 2376 ut
2060 2345 2133 2377 Deo

1164 2401 1223 2421 sua
1254 2389 1473 2428 relinquamus
1502 2387 1635 2425 iudicia,
1673 2392 1703 2416 et
1730 2386 1854 2426 placide
1885 2387 1962 2426 ipsis
1992 2387 2131 2420 subscri-

1163 2433 1284 2464 bamus.
1331 2432 1413 2462 Nam
1438 2432 1464 2461 si
1489 2430 1527 2460 ad
1552 2436 1696 2460 nostram
1719 2429 1875 2459 amussim
1898 2435 2030 2469 peccata
2055 2432 2125 2462 exi-

1163 2485 1319 2515 geremus,
1350 2484 1430 2513 quae
1461 2473 1653 2513 gravissima
1682 2472 1805 2511 flagitia
1834 2479 1927 2509 sunt,
1965 2472 2130 2506 levissima

1164 2522 1292 2558 peccata
1312 2517 1490 2547 diceremus
1508 2521 1548 2553 et,
1567 2520 1603 2545 ut
1622 2515 1807 2553 loquuntur,
1827 2514 1976 2546 venialia.
2006 2515 2128 2548 Contra

1164 2571 1239 2592 vero
1270 2570 1350 2599 quae
1381 2559 1462 2589 levia
1492 2563 1576 2594 sunt,
1608 2557 1750 2587 maxima
1772 2556 1962 2588 faceremus.
2006 2557 2055 2588 Ea
2078 2564 2128 2590 est

1163 2604 1249 2634 enim
1284 2601 1417 2632 humani
1452 2600 1573 2641 ingenii
1603 2599 1718 2630 levitas
1752 2603 1783 2630 et
1817 2599 2057 2639 inconstantia,
2089 2612 2128 2633 ea.

1163 2645 1335 2682 temeritas,
1361 2648 1398 2675 ut
1421 2648 1540 2674 temere
1563 2646 1597 2673 et
1618 2641 1855 2673 inconsiderate
1877 2641 2007 2681 iudicet,
2030 2649 2129 2683 prout

1871 2692 1922 2717 36⁸
