2551 3044
241 185 300 217 261

241 283 341 313 natim
377 283 446 313 fieri
482 282 673 313 mentionem
707 281 854 312 audimus
889 281 1067 318 mulierum,
1105 292 1186 322 quae

240 333 394 365 tympana
433 330 464 355 et
502 325 565 355 alia
605 325 726 355 musica
765 325 979 354 instrumenta
1013 324 1186 363 pulsarant,

240 368 367 398 obviam
399 367 488 398 Sauli
521 367 693 404 venientes,
731 373 916 407 partamque
946 366 992 397 illi
1023 367 1188 397 victoriam

240 410 451 450 gratulantes.
496 410 539 440 Et
573 416 737 449 praeterea
771 416 833 440 tam
864 419 903 440 ex
937 409 994 440 hoc
1024 419 1119 448 quam
1149 420 1188 440 ex

242 453 295 484 illo
322 453 389 483 loco
419 452 457 483 de
488 452 590 482 Maria
615 452 712 482 Mosis
734 462 849 490 sorore,
880 451 1059 492 colligimus
1082 451 1189 482 Deum

242 507 305 526 non
329 499 453 525 tantum
477 505 495 524 a
521 495 605 528 viris,
629 494 682 525 sed
706 494 803 524 etiam
826 505 843 524 a
862 494 1047 525 mulieribus
1066 493 1190 524 laudari

242 538 337 569 velle:
370 548 408 567 ne
438 537 659 567 insolentiores
688 536 746 567 viri
771 536 921 567 mulieres
943 537 982 568 ab
1005 537 1064 567 hoc
1086 536 1190 576 digni-

243 581 314 611 tatis
333 579 433 619 gradu
454 578 612 615 deiiciant,
637 589 758 618 nempe,
781 590 890 610 omnes
909 586 971 609 tam
992 579 1077 610 viros
1095 589 1189 618 quam

242 622 391 654 mulieres
427 621 535 651 venire
570 622 601 651 in
635 628 758 661 partem
795 622 853 652 Dei
881 621 1124 652 beneficiorum:
1158 627 1190 651 et

243 676 305 695 non
330 665 436 694 minus
459 664 518 703 ipsi
538 670 646 703 gratas
665 670 695 694 et
713 671 858 703 acceptas
877 674 945 695 esse
965 675 982 695 a
1003 664 1189 694 mulieribus

242 708 363 738 oblatas
387 707 562 746 gratiarum
587 707 734 743 actiones,
759 716 854 745 quam
878 716 957 746 quae
980 717 998 737 a
1017 706 1094 737 viris
1113 706 1190 736 offe-

242 757 366 780 runtur.
412 749 534 779 Idcirco
570 749 664 779 etiam
699 748 826 779 Psalmo
859 749 916 779 148
947 749 1098 788 propheta
1128 749 1191 779 sin-

241 793 332 832 gulos
353 792 505 827 hortatur,
530 802 630 829 senes,
653 791 791 827 iuvenes,
817 791 973 828 mulieres,
993 792 1131 831 virgines
1151 791 1190 822 ad

242 834 351 865 laudes
385 833 454 864 Deo
487 833 580 863 simul
615 833 781 869 canendas,
816 834 945 873 eiusque
975 844 1090 864 nomen
1113 833 1191 864 cele-

243 877 408 907 brandum.
453 875 525 906 Non
550 875 662 906 debere
685 876 782 915 igitur
806 877 905 906 arceri
929 887 1040 907 sexum
1063 876 1152 906 illum
1173 886 1191 906 a

242 919 426 950 divinarum
460 918 589 948 laudum
621 918 853 956 praedieatione
882 930 922 949 ex
952 919 1021 949 istis
1052 925 1191 958 apparet,

242 962 333 992 modo
356 961 398 992 sit
420 971 591 992 consensus
616 960 757 990 omnium
778 966 920 992 aetatum
940 966 971 992 et
989 972 1131 997 sexuum,
1156 967 1191 991 ut

243 1015 334 1035 senes
357 1013 428 1034 cum
454 1003 629 1038 iuvenibus,
654 1003 715 1032 viri
738 1013 809 1033 cum
834 1003 1018 1034 mulieribus
1041 1010 1072 1034 et
1092 1004 1190 1044 virgi-

244 1047 338 1076 nibus
368 1056 430 1076 uno
450 1056 559 1076 omnes
580 1055 633 1075 ore
656 1044 762 1075 Deum
787 1046 917 1076 laudent
939 1054 971 1076 et
994 1046 1190 1086 praedicent:

243 1096 274 1119 et
303 1099 358 1128 pro
380 1087 484 1119 stultis
507 1095 538 1118 et
561 1086 690 1117 ludicris
715 1088 847 1125 naeniis,
878 1088 917 1119 ad
941 1099 1017 1128 quas
1040 1089 1190 1120 iuvenilis

243 1138 332 1162 aetas
363 1131 562 1169 potissimum
592 1129 736 1169 impellit,
769 1131 879 1161 laetari
909 1131 942 1161 in
968 1130 1104 1162 Domino
1126 1131 1189 1162 dis-
1216 1129 1217 1135 ¹

243 1179 324 1210 cant,
349 1178 379 1203 et
401 1182 494 1203 omne
512 1182 605 1203 suum
624 1172 765 1203 studium
786 1173 817 1203 in
841 1174 967 1204 nomine
988 1174 1087 1214 ipsius
1106 1184 1192 1214 mag-

245 1215 424 1246 nifaciendo
446 1215 616 1245 collocent:
647 1215 809 1255 solamque
838 1216 898 1246 Dei
929 1216 1062 1255 gloriam
1093 1227 1191 1256 quae-

243 1264 325 1294 rant,
354 1264 386 1287 et
412 1267 467 1297 pro
498 1257 619 1288 viribus
642 1265 860 1296 promoveant.
906 1258 1075 1290 Caeterum
1098 1265 1191 1298 prout

243 1300 408 1331 hominum
439 1300 565 1339 ingenia
588 1305 663 1330 sunt
686 1300 768 1330 levia
791 1307 824 1330 et
848 1311 937 1337 vana,
968 1302 1023 1332 vix
1045 1302 1113 1332 fieri
1136 1312 1191 1341 po-

243 1348 305 1374 test
335 1349 369 1373 ut
399 1342 526 1373 divinae
557 1342 665 1372 laudes
688 1343 764 1373 adeo
789 1353 886 1381 purae
909 1345 971 1374 sint
996 1351 1026 1374 et
1049 1345 1192 1375 sincerae

243 1386 319 1425 quin
351 1385 457 1424 aliqua
487 1385 554 1415 laus
576 1385 757 1415 hominibus
780 1386 940 1416 tribuatur
962 1387 994 1416 in
1018 1387 1056 1417 iis
1078 1389 1192 1417 carmi-

243 1428 335 1458 nibus
374 1427 489 1466 quibus
529 1427 613 1458 facta
642 1427 782 1466 ipsorum
814 1429 942 1469 egregia
972 1429 1191 1461 decantantur.

243 1471 352 1510 Neque
378 1480 452 1500 vero
476 1480 556 1510 nego
577 1470 644 1500 fieri
664 1480 754 1509 posse
774 1471 965 1501 mentionem
985 1471 1191 1503 honorificam
1218 1483 1219 1490 ¹

243 1523 361 1547 eorum,
391 1522 525 1551 quorum
557 1522 653 1551 opera
684 1513 771 1543 Deus
796 1524 871 1544 usus
894 1514 970 1544 erit:
998 1514 1052 1545 sed
1077 1515 1192 1545 vitium

243 1555 452 1594 reprehende,
481 1554 563 1594 quod
594 1555 657 1586 illis
680 1565 760 1594 quae
784 1556 850 1585 Deo
874 1555 1030 1587 debentur
1053 1557 1191 1595 ascribit,

245 1605 431 1637 tantumque
468 1597 506 1627 de
539 1597 601 1628 Dei
639 1597 740 1637 gloria
775 1597 924 1629 detrahit.
977 1598 1191 1638 Quamobrem

243 1640 347 1670 danda
370 1639 459 1670 nobis
483 1650 578 1679 opera
601 1647 658 1678 est,
682 1646 716 1670 ut
740 1651 839 1679 quum
862 1640 923 1671 Dei
943 1641 1050 1672 laudes
1069 1642 1192 1680 praedi-

242 1693 361 1718 camus,
396 1689 427 1712 et
462 1683 627 1713 hominum
664 1684 856 1713 mentionem
887 1683 1024 1723 aliquam
1049 1685 1191 1722 facimus,

243 1736 283 1755 ne
307 1726 350 1755 sic
373 1736 424 1755 eos
448 1725 631 1762 evehamus,
658 1732 692 1755 ut
715 1725 753 1755 de
776 1725 836 1755 Dei
861 1725 962 1765 gloria
985 1733 1110 1757 tantum
1134 1729 1192 1758 mi-

244 1778 381 1798 nuamus
413 1775 567 1807 quantum
592 1767 652 1798 illis
676 1768 864 1798 tribuimus:
896 1769 950 1799 sed
976 1768 1044 1800 Deo
1068 1780 1193 1809 semper

244 1810 385 1840 debitum
406 1810 556 1840 honorem
578 1810 757 1845 reddamus,
778 1816 808 1840 et
822 1810 985 1841 hominum
999 1813 1192 1844 mentionem

242 1853 343 1883 obiter
363 1860 393 1883 et
418 1853 516 1883 veluti
540 1863 595 1892 per
618 1861 824 1883 transennam
849 1854 1009 1884 faciamus.

327 1895 426 1925 Porro
461 1895 611 1934 quiddam
644 1895 774 1925 humani
814 1905 925 1934 passae
960 1897 1018 1927 hoc
1048 1897 1114 1928 loco
1145 1899 1192 1928 vi-

243 1937 360 1968 dentur
401 1938 557 1971 mulieres.
600 1948 680 1977 quae
720 1937 881 1968 dicebant:
925 1938 1079 1971 Percussit
1116 1939 1195 1971 Saul

241 1980 332 2017 mille,
354 1982 380 2010 et
402 1980 509 2011 David
532 1980 629 2011 decem
651 1980 759 2011 millia.
805 1980 887 2010 Nam
907 1981 951 2012 ita
971 1983 1194 2021 praedicantur

243 2023 409 2062 utriusque
440 2023 586 2062 virtutes,
616 2030 647 2053 et
677 2024 765 2062 quasi
797 2024 934 2062 insignia
963 2027 994 2055 et
1023 2030 1192 2056 stemmata

244 2066 386 2106 ipsorum
415 2065 593 2104 eriguntur.
639 2065 830 2104 Quanquam
861 2065 938 2097 haec
968 2068 1062 2098 verba
1090 2067 1192 2108 dupli-

243 2109 323 2139 citer
365 2114 579 2147 exponuntur.
624 2108 707 2138 Nam
748 2108 801 2138 alii
841 2109 1027 2140 existimant
1063 2109 1193 2143 Saulem

244 2150 350 2181 hostes
371 2151 566 2190 profligasse,
591 2151 680 2190 quasi
700 2150 786 2181 mille
805 2150 948 2182 homines
967 2152 1192 2185 interfecisset:
1219 2149 1220 2155 ¹

245 2198 299 2223 aut
329 2194 394 2232 ipse
421 2203 492 2224 eum
523 2193 590 2223 suis
619 2192 774 2223 militibus
811 2194 898 2224 mille
935 2194 1078 2226 homines
1111 2197 1192 2227 ceci·
1218 2198 1220 2207 ¹

246 2234 351 2270 disset,
386 2234 491 2265 David
516 2243 622 2265 autem
646 2236 731 2266 solus
756 2235 862 2267 decem
887 2236 971 2268 mille
993 2238 1191 2270 trucidasset.

246 2276 370 2308 Sensus
409 2284 515 2308 autem
555 2278 812 2317 simplicissimus
845 2279 924 2309 mihi
958 2280 1083 2311 videtur
1116 2282 1192 2312 iste:

246 2318 375 2350 Saulem
406 2320 557 2350 nimirum
588 2320 785 2351 interfecisse
815 2332 872 2352 sua
895 2322 1000 2357 millia,
1034 2322 1192 2355 Davidem

247 2372 320 2392 vero
353 2372 412 2392 sua
444 2362 552 2393 decem
583 2363 700 2394 millia:
735 2363 788 2393 sed
819 2363 896 2394 haec
925 2375 988 2396 non
1012 2373 1088 2396 sunt
1111 2368 1193 2398 tanti

247 2405 397 2434 momenti
422 2410 457 2434 ut
480 2405 511 2434 in
536 2405 599 2436 illis
622 2406 663 2436 sit
685 2405 920 2437 immorandum
943 2407 1070 2446 diutius,
1099 2420 1192 2449 prae-

246 2447 355 2477 sertim
385 2447 490 2486 itaque
520 2448 738 2487 expendamus
765 2448 900 2479 istarum
923 2450 1092 2482 mulierum
1117 2463 1190 2483 can-

246 2489 356 2524 tiones,
381 2489 495 2528 quibus
515 2489 650 2521 Davidis
662 2490 772 2521 laudes
785 2491 922 2522 maxime
934 2492 1191 2526 decantabantur.

245 2531 343 2570 Atqui
376 2531 480 2561 David
510 2538 606 2564 antea
635 2532 708 2563 vilis
737 2539 769 2563 et
798 2533 937 2566 abiectus
959 2535 1054 2575 opilio
1077 2538 1191 2578 fuerat,

245 2584 344 2613 quare
373 2573 446 2604 illae
479 2584 560 2613 quae
582 2576 641 2615 ipsi
665 2575 887 2607 tribuebantur
910 2577 1018 2609 laudes
1040 2590 1109 2611 esse
1132 2580 1192 2610 im·

246 2626 374 2647 mensae
403 2616 604 2648 videbantur.
650 2618 693 2648 Et
716 2619 784 2657 quis
807 2619 888 2650 ferat
910 2626 1055 2661 tyronem
1078 2622 1192 2660 adhuc,

863 187 905 218 IN
933 188 956 219 1.
982 187 1067 218 LIB.
1091 188 1288 221 SAMUEL.
1313 190 1410 222 CAP.
1435 190 1561 222 XVIII.

1215 589 1332 620 *sacra
1366 585 1473 609 tamen
1508 581 1664 619 scriptura
1696 582 1848 617 malitiae,

2140 188 2206 219 262

1241 282 1293 321 qui
1314 282 1367 313 vix
1389 294 1528 323 unquam
1548 284 1689 324 gladium
1709 287 1901 324 gestaverat,
1926 294 1988 314 non
2010 283 2104 314 modo
2126 294 2201 315 cum

1242 335 1315 364 rege
1346 327 1532 364 comparari,
1563 326 1617 357 sed
1642 326 1744 357 eidem
1768 326 1945 366 praeferri?
1983 331 2016 357 ut
2048 327 2120 366 regi
2144 337 2202 358 sua

1242 367 1350 404 millia,
1390 367 1508 398 Davidi
1550 380 1621 399 vero
1661 380 1718 400 sua
1752 369 1861 400 decem
1896 368 1997 399 millia
2033 368 2201 400 tribuant?

1243 409 1372 440 Novum
1405 416 1436 440 et
1469 411 1610 442 insolens
1644 411 1729 442 istud
1763 418 1840 448 erat,
1877 418 1911 441 ut
1947 422 2009 441 non
2036 412 2202 442 immerito

1243 450 1321 482 Saul
1359 451 1546 492 indignatus
1578 454 1676 484 videri
1707 455 1812 494 possit.
1858 453 1956 493 Atqui
1987 453 2076 484 nullo
2111 455 2204 485 modo

1242 494 1445 525 excusandus
1475 500 1521 525 est
1552 496 1646 527 Saul:
1682 499 1740 527 etsi
1771 497 1855 527 enim
1886 505 2001 527 natura
2025 497 2057 526 in
2086 497 2204 528 animis

1243 535 1410 567 hominum
1449 537 1620 569 vehemens
1658 539 1712 569 illa
1742 539 1849 578 passio
1879 538 1986 570 locum
2017 540 2204 580 occupavit,

1891 581 2138 619 ingratitudinis
2173 588 2204 612 et

1242 621 1462 652 contumaciae
1490 633 1578 653 reum
1609 623 1739 654 Saulem
1765 624 1854 654 facit:
1884 630 1915 654 et
1937 623 2092 662 deinceps
2115 623 2203 654 vide-

1244 663 1348 694 bimus
1371 674 1533 704 quousque
1556 665 1661 696 odinm
1686 665 1766 696 illud
1790 666 1895 705 ipsum
1920 667 2089 705 impulerit
2112 676 2204 706 prae-

1243 706 1434 745 eipitemque
1458 707 1588 738 dederit.
1635 709 1725 739 Licet
1749 709 1848 748 igitur
1867 719 1985 739 novum
2005 716 2036 739 et
2054 709 2205 740 insolens

1243 754 1312 778 erat
1345 748 1502 779 Davidem
1536 751 1698 789 privatum
1723 750 1884 781 hominem
1909 751 1980 782 vilis
2003 758 2035 781 et
2059 750 2206 782 abiectae

1244 790 1435 821 conditionis
1465 792 1530 832 regi
1565 793 1725 831 praeferri,
1763 793 1891 824 Saulem
1923 799 2032 824 tamen
2055 794 2205 832 oportuit

1244 833 1295 864 hic
1325 844 1394 863 sese
1424 835 1587 865 continere
1618 843 1648 865 et
1679 846 1784 866 coram
1818 836 1883 866 Deo
1907 835 2051 873 deiicere,
2087 846 2203 875 agnos-

1243 882 1365 906 centem
1390 886 1423 906 se
1446 887 1550 916 neque
1569 887 1668 916 posse,
1694 889 1794 917 neque
1814 878 1928 909 debere
1948 878 2017 909 Deo
2038 879 2202 916 resistere,

1243 919 1333 949 cuius
1362 918 1401 948 ad
1433 919 1535 957 ipsum
1561 920 1708 951 mandata
1732 920 1862 951 Samuel
1886 920 1925 951 de
1950 921 2124 951 reiectione
2148 921 2203 952 de·

1244 961 1369 991 tulerat.
1427 961 1530 992 Reum
1585 970 1617 992 et
1654 965 1835 994 convictum
1876 963 2009 994 alicuius
2052 964 2205 995 facinoris

1243 1011 1368 1042 oportet
1401 1014 1507 1035 coram
1542 1015 1596 1035 suo
1629 1005 1740 1041 iudice,
1776 1006 1827 1044 qui
1863 1006 1976 1036 mortis
2005 1006 2206 1037 sententiam

1245 1046 1328 1081 tulit,
1371 1045 1473 1081 deiici,
1515 1046 1626 1078 iudicis
1660 1049 1865 1078 autoritatem
1900 1055 2129 1087 agnoscentem
2165 1049 2206 1080 ad

1243 1088 1436 1118 sententiam
1466 1089 1618 1120 adversus
1647 1090 1753 1129 ipsum
1786 1091 1958 1120 ferendam.
2007 1091 2094 1121 Deus
2126 1101 2204 1122 vero

1243 1130 1307 1161 iam
1336 1141 1391 1169 per
1422 1130 1604 1162 Samuelem
1643 1132 1804 1163 decretum
1843 1132 1880 1163 de
1905 1134 2004 1172 ipsius
2028 1133 2203 1164 reiectione

1245 1174 1490 1212 pronunciarat:
1519 1182 1549 1204 et
1580 1182 1653 1205 sunt
1686 1176 1744 1205 Dei
1776 1175 1907 1205 consilia
1930 1182 1961 1205 et
1984 1175 2103 1205 iudicia
2126 1176 2205 1206 irre-

1246 1216 1389 1247 vocabila
1419 1226 1499 1255 quae
1527 1216 1679 1248 adversus
1710 1228 1759 1248 res
1789 1226 1911 1248 creatas
1935 1217 2088 1249 decernit.
2118 1219 2205 1257 quod

1246 1269 1393 1289 summus
1423 1259 1517 1289 iudex
1542 1260 1582 1289 sit
1606 1266 1637 1290 et
1660 1261 1862 1291 iustissimus.
1908 1259 1993 1298 Quid
2014 1270 2090 1300 ergo
2111 1260 2203 1291 Sauli

1246 1309 1411 1340 supererat
1438 1302 1498 1332 nisi
1524 1308 1557 1332 ut
1580 1313 1648 1333 sese
1671 1313 1776 1333 eoram
1800 1301 1909 1332 divina
1933 1303 2100 1333 maiestate
2125 1303 2204 1333 deii-

1245 1349 1339 1379 ceret,
1373 1355 1506 1383 eamque
1529 1345 1664 1384 supplex
1687 1344 1853 1375 adoraret?
1887 1351 1917 1376 et
1940 1344 2205 1385 quandoquidem

1246 1392 1342 1417 antea
1374 1388 1604 1418 contumaciter
1634 1398 1701 1418 sese
1733 1388 1886 1418 adversus
1918 1388 2024 1417 Deum
2048 1395 2204 1427 gesserat,

1247 1439 1382 1468 poenam
1413 1430 1508 1460 etiam
1539 1441 1557 1460 a
1587 1429 1656 1461 Deo
1687 1429 1845 1460 decretam
1870 1429 2035 1460 humiliter
2057 1430 2204 1461 subiret?

1248 1471 1371 1501 Verum
1405 1471 1458 1502 ille
1492 1472 1570 1503 nihil
1606 1473 1711 1503 minus
1746 1483 1842 1512 quam
1870 1472 1955 1502 istud
1985 1472 2070 1509 facit,
2105 1483 2206 1512 quare

1246 1514 1473 1545 inexcusabilis
1517 1521 1566 1546 est
1598 1515 1696 1553 ipsius
1730 1515 1860 1546 rebellio
1894 1515 2048 1545 adversus
2083 1514 2204 1551 Deum,

1246 1562 1277 1586 et
1327 1557 1358 1586 in
1410 1556 1570 1588 Davidem
1609 1556 1814 1597 ingratitudo.
1867 1557 1949 1587 Nam
1990 1558 2051 1588 etsi
2094 1557 2205 1588 David

1246 1599 1386 1630 abiectae
1410 1599 1601 1630 conditionis
1624 1607 1700 1636 erat,
1725 1610 1830 1630 nonne
1855 1605 1960 1630 tamen
1986 1599 2053 1638 ipse
2074 1598 2152 1631 Saul
2175 1607 2206 1631 et

1247 1642 1418 1673 universus
1441 1653 1514 1673 cum
1537 1643 1590 1672 illo
1613 1643 1748 1682 populus
1773 1642 1913 1672 devincti
1937 1642 2131 1673 tenebantur
2155 1643 2203 1673 illi

1246 1694 1338 1723 quem
1363 1684 1452 1715 Deus
1476 1685 1551 1724 ipsis
1575 1684 1740 1716 servandis
1763 1683 1926 1724 elegerat?
1954 1684 2043 1715 Sane
2066 1686 2202 1716 victoria

1246 1726 1307 1757 Dei
1330 1727 1428 1757 solius
1453 1727 1627 1758 debebatur
1645 1727 1805 1768 gratuitae
1824 1727 2024 1758 liberalitati:
2049 1727 2104 1757 sed
2124 1738 2201 1758 eum

1246 1770 1336 1800 cuius
1366 1770 1468 1800 utitur
1498 1781 1592 1809 opera
1623 1777 1653 1801 et
1677 1770 1856 1800 ministerio
1879 1780 1942 1799 non
1967 1770 2036 1799 vult
2061 1770 2149 1800 reiici
2175 1778 2207 1801 et

1245 1812 1416 1847 contemni,
1457 1823 1512 1843 seu
1554 1813 1625 1843 odio
1661 1812 1780 1844 haberi.
1825 1811 1934 1850 Quare
1968 1812 2123 1842 videntur
2159 1813 2207 1843 illi

1247 1854 1376 1885 fanatici
1408 1855 1553 1885 homines
1583 1855 1720 1885 maxime
1750 1854 1912 1894 culpandi,
1942 1855 1994 1893 qui
2025 1865 2058 1884 se
2084 1855 2206 1894 pudore

1246 1897 1384 1937 quodam
1409 1897 1491 1937 apud
1516 1898 1661 1928 homiues
1686 1898 1815 1928 retineri
1841 1896 2004 1933 simulant,
2030 1904 2065 1927 ut
2086 1898 2112 1928 si
2132 1898 2205 1937 quis

1248 1950 1302 1979 pro
1326 1946 1454 1979 accepto
1478 1940 1630 1971 beneficio
1652 1941 1773 1980 gratias
1797 1945 1878 1979 agat,
1909 1939 1947 1969 ad
1973 1939 2205 1979 perfectionem

1246 1982 1424 2020 angelicam
1444 1982 1678 2020 ostentandam,
1702 1982 1874 2020 excipiant,
1899 1992 1932 2012 se
1953 1981 2039 2012 nullo
2059 1993 2204 2022 unquam

1247 2025 1399 2056 beneficio
1418 2025 1537 2055 iuvisse
1556 2036 1629 2056 eum
1649 2025 1703 2064 qui
1723 2024 1842 2064 gratias
1862 2030 1946 2063 agat,
1967 2023 2074 2054 Deum
2096 2026 2205 2056 omnia

1246 2068 1348 2099 solum
1373 2068 1531 2098 effecisse:
1566 2073 1597 2098 et
1620 2072 1727 2098 tamen
1751 2077 1838 2097 mera
1862 2066 2024 2106 hypocrisi
2048 2066 2204 2105 laborent,

1247 2111 1379 2151 gloriam
1422 2110 1505 2149 apud
1539 2110 1685 2140 homines
1720 2109 1858 2139 maxime
1894 2115 2058 2140 venantes.
2116 2109 2203 2141 Sane

1246 2153 1482 2193 agnoscendum
1507 2163 1525 2183 a
1548 2152 1616 2183 Deo
1639 2162 1767 2182 manare
1790 2152 1906 2184 omnia.
1937 2159 1967 2181 et
1992 2162 2048 2182 nos
2071 2152 2203 2184 inutiles

1246 2195 1285 2226 ad
1309 2195 1410 2226 ullum
1434 2196 1549 2226 bonum
1573 2206 1660 2233 opus,
1684 2195 1744 2225 nisi
1768 2195 1904 2232 ipsemet
1927 2193 1966 2224 ad
1986 2193 2065 2224 illud
2085 2195 2203 2226 excitet

1245 2245 1277 2269 et
1304 2238 1462 2277 impellat:
1497 2238 1701 2277 quamobrem
1732 2236 1820 2267 Deus
1850 2247 1976 2275 semper
1998 2247 2017 2266 a
2040 2237 2130 2268 nobis
2154 2244 2203 2268 est

1245 2280 1450 2317 invocandus,
1479 2286 1510 2310 et
1533 2279 1634 2310 eidem
1659 2279 1801 2319 agendae
1824 2279 1962 2318 gratiae:
1992 2278 2047 2309 sed
2070 2280 2201 2310 interim

1245 2335 1306 2354 non
1332 2323 1502 2353 reiieienda
1520 2323 1731 2352 instrumenta
1750 2321 1865 2360 quibus
1885 2321 1924 2351 ad
1944 2328 2090 2352 nostrum
2113 2332 2200 2353 eom—

1245 2366 1374 2396 modum
1404 2373 1433 2395 et
1465 2365 1637 2395 utilitatem
1666 2364 1777 2394 utitur.
1823 2363 2042 2402 Quamobrem
2067 2363 2199 2396 Saulem

1245 2408 1411 2448 oportebat
1430 2417 1608 2447 agnoscere,
1634 2412 1789 2446 quantum
1811 2406 1937 2439 Davidi.
1962 2416 2018 2436 suo
2038 2414 2067 2437 et
2088 2407 2200 2447 populi

1245 2451 1382 2487 nomine,
1417 2450 1552 2481 deberet.
1597 2449 1679 2479 Nam
1715 2448 1807 2486 unde,
1847 2458 1973 2487 quaeso,
2015 2449 2103 2480 salus
2136 2450 2199 2490 ipsi

1245 2494 1365 2532 totique
1407 2492 1523 2531 populo
1563 2491 1725 2521 emanavit
1765 2490 1824 2521 nisi
1852 2501 1869 2520 a
1898 2490 1960 2521 Dei
1990 2492 2103 2531 gratia,
2143 2493 2198 2532 qui

1245 2540 1370 2576 praeter
1419 2534 1563 2564 omnium
1612 2544 1700 2573 spem
1745 2538 1776 2563 et
1821 2534 2094 2572 exspectationem
2128 2545 2198 2567 sese

1245 2579 1329 2609 ultro
1353 2577 1429 2617 ipsis
1451 2576 1575 2613 obtulit,
1606 2583 1636 2606 et
1659 2575 1862 2606 admirandas
1893 2586 1968 2606 suas
1997 2576 2133 2608 virtutes
2162 2577 2196 2608 in

1244 2619 1381 2651 Davidis
1410 2630 1546 2659 persona
1576 2618 1680 2650 facere
1702 2618 1889 2657 conspicuas
1913 2617 2036 2649 voluit?
2066 2618 2198 2658 Quanta

1946 2668 1995 2694 17⁸
