2551 3044
346 211 403 241 132·

341 304 404 335 illic
437 304 547 343 pit-tas,
573 302 659 333 nulla
684 302 849 334 sinceritas
873 309 902 334 et
928 304 1105 344 integritas,
1133 302 1186 333 scd
1212 313 1298 334 mera

341 346 506 376 simulatio
526 352 556 375 ct
576 345 765 386 hypocrisis.
797 345 875 376 Tale
894 346 952 377 fuit
971 346 1076 377 Saulis
1090 346 1297 377 sacrificium:

343 395 475 420 externa
504 398 616 428 nempe
647 398 771 428 pompa,
800 398 863 428 qua
894 399 926 420 se
957 388 1024 419 Deo
1052 389 1173 430 gratias
1204 399 1298 428 agere
1324 398 1326 412 =

342 443 398 471 pro
422 438 512 471 parta
538 431 678 467 victoria,
707 438 738 461 et
760 441 816 471 pro
837 431 985 462 omnibus
1008 432 1144 471 acceptis
1169 430 1207 462 ab
1230 432 1298 471 ipso

342 474 505 505 benefieiis
528 473 705 504 simularet.
751 473 834 504 Nam
859 474 884 504 si
909 474 992 514 quod
1017 475 1110 505 corde
1134 473 1299 514 premebat

342 517 523 557 exprimere
554 526 650 546 ausus
682 522 781 554 esset,
819 517 951 548 minime
982 517 1112 548 dubium
1144 524 1191 547 est
1220 517 1298 557 quin

343 559 498 591 adversus
512 558 618 590 Deum
639 558 844 598 blasphemas
865 569 955 590 voces
979 560 1182 596 evomuisset,
1207 566 1237 590 et
1261 559 1299 590 dc

343 602 421 633 solio
450 601 619 632 detrahere
648 608 731 632 esset
761 606 910 639 conatus,
946 603 972 633 si
1002 602 1081 633 nihil
1113 601 1298 633 reluctando

342 645 562 686 promovisset.
609 643 826 683 Quamobrem
857 643 1015 676 discamus
1048 656 1109 675 non
1139 644 1214 676 solis
1243 655 1298 676 ex-

344 689 446 719 ternis
470 686 586 718 ritibus
621 693 650 717 et
686 688 908 725 caeremoniis,
940 687 1037 718 veluti
1074 687 1121 718 vel
1156 698 1298 728 genuum

343 731 497 768 flexione,
537 728 586 759 vel
619 740 772 760 manuum
805 729 838 760 in
866 730 988 761 coelum
1019 730 1212 766 elevatione,
1248 730 1297 761 vel

343 773 413 804 aliis
456 771 633 803 istiusmodi
673 772 775 813 signis
810 774 1008 804 reverentiae
1043 780 1074 804 ct
1108 772 1300 803 humilitatis

342 816 450 847 Deum
471 814 612 845 adorari:
637 814 691 846 scd
712 820 859 855 oportere
882 815 977 846 corda
1001 823 1109 847 nostra
1133 815 1299 855 repurgari

341 858 381 889 ab
404 858 490 889 omni
514 857 627 888 fraude
650 865 681 888 et
703 857 919 889 simulatione:
949 864 981 889 ct
1004 869 1076 889 cum
1100 860 1131 888 in
1156 858 1299 896 veritate,

342 908 378 931 ut
391 900 509 942 psaltes
522 899 674 940 loquitur,
694 900 846 939 invocari,
869 901 1005 932 scientes
1025 912 1088 932 uon
1108 911 1176 931 esse
1195 901 1300 941 ipsum

343 944 559 984 propinquum
580 943 639 973 nisi
659 943 703 974 sic
723 943 827 983 ipsum
852 943 1082 981 invocantibus,
1107 943 1137 974 id
1161 950 1210 974 est
1232 953 1300 974 sese

344 985 596 1027 explorantibus,
615 991 646 1016 et
665 985 704 1017 ad
723 985 840 1016 seriam
859 994 1064 1026 peccatorum
1085 986 1299 1026 cognitionem

344 1028 564 1065 venientibus,
603 1038 734 1068 seseque
771 1034 856 1059 totos
895 1028 932 1059 ad
971 1029 1070 1069 ipsius
1110 1029 1300 1069 obsequium

344 1071 627 1112 componentibus,
664 1077 693 1101 et
728 1081 949 1112 quamcunque
984 1072 1042 1112 ipsi
1073 1072 1299 1103 correctionem

341 1115 517 1146 immittere
558 1113 731 1154 placuerit,
771 1113 857 1144 ferre
892 1114 1054 1155 patienter
1090 1115 1228 1154 paratis:
1270 1119 1301 1145 et

344 1157 557 1188 nihilominus
586 1162 694 1187 tamen
724 1156 758 1187 in
790 1156 931 1188 bonitate
955 1157 1053 1197 ipsius
1077 1157 1300 1188 inaestimabili

344 1199 497 1231 fiduciam
532 1209 660 1230 omnem
698 1209 791 1230 suam
830 1200 1040 1240 ponentibus,
1078 1199 1161 1240 quod
1203 1200 1300 1240 probe

344 1243 448 1274 sciant
471 1241 700 1283 castigationes
724 1241 798 1273 illas
821 1242 934 1282 quibus
958 1252 1074 1283 corpus
1096 1243 1244 1283 afficitur,
1268 1243 1300 1273 in

343 1285 480 1317 salutem
504 1289 669 1315 aeternam
691 1285 869 1315 animarum
890 1295 1018 1316 suarum
1039 1285 1158 1317 cedere.
1193 1285 1301 1325 Atque

345 1329 407 1359 ista
430 1327 498 1358 sola
522 1338 596 1358 vera
620 1333 667 1358 est
692 1326 861 1358 invocandi
885 1326 947 1358 Dei
973 1329 1060 1359 ratio.

431 1369 584 1410 Sequitur
627 1369 800 1401 Samuelem
840 1370 968 1402 iussisse
1006 1371 1046 1402 ad
1085 1381 1117 1402 sc
1156 1371 1302 1411 Ayaqum

344 1424 446 1454 reqem
459 1412 703 1444 Amalecitarum
725 1413 848 1452 adduci,
869 1415 896 1443 et
920 1414 1033 1444 venisse
1056 1413 1142 1445 illum
1160 1414 1301 1454 pinquis—

343 1457 465 1488 simum.
511 1455 586 1486 Vox
616 1455 695 1486 haec
726 1456 813 1486 varie
847 1456 1028 1496 exponitur,
1059 1456 1111 1487 alii
1136 1457 1220 1487 enim
1245 1468 1300 1487 ex-

344 1503 468 1539 ponunt
498 1498 625 1529 venisse
655 1508 728 1529 cum
759 1496 886 1535 delitiis,
916 1509 996 1538 quae
1027 1509 1090 1530 una
1111 1505 1157 1530 est
1182 1499 1300 1539 signifi-

345 1542 428 1572 catio
448 1541 535 1572 vocis
553 1540 720 1571 hebraeae.
756 1539 822 1571 Alii
841 1540 993 1582 pinguem
1014 1549 1190 1581 exponunt,
1210 1543 1300 1582 quasi

344 1584 470 1615 venerit
500 1583 538 1615 ad
563 1582 748 1614 Samuelem
771 1583 853 1614 bene
876 1588 988 1615 curata
1017 1591 1098 1622 cute,
1128 1589 1161 1615 ut
1191 1595 1300 1624 regem

346 1626 489 1658 decebat.
525 1625 588 1656 Alii
613 1636 760 1666 gressum
785 1626 908 1666 regium
933 1632 963 1657 et
986 1626 1159 1666 superbum
1182 1627 1299 1658 intelli-

344 1674 434 1710 gunt,
455 1673 489 1699 ut
509 1668 570 1699 viri
589 1668 686 1699 fortes
705 1672 737 1699 et
755 1669 954 1709 magnanimi
974 1668 1096 1700 sortiter
1115 1670 1301 1701 occumbere

343 1712 470 1743 malunt
501 1721 597 1751 quam
627 1711 839 1751 ignominiose
871 1711 988 1742 vivere.
1034 1712 1115 1743 Nam
1146 1723 1178 1743 se
1201 1723 1301 1753 quum

345 1763 440 1785 antea
470 1764 526 1785 rex
557 1753 680 1791 fuisset,
710 1754 773 1784 iam
796 1754 960 1794 captivum
984 1755 1016 1785 in
1042 1755 1175 1786 vinculis
1199 1756 1301 1786 teneri

346 1796 483 1832 videbat,
504 1801 535 1827 ct
554 1796 633 1827 haec
652 1796 743 1827 illum
762 1807 837 1827 cura
851 1797 1061 1828 vehementer
1077 1798 1199 1837 urebat,
1218 1798 1301 1838 quod

345 1840 437 1871 nulla
460 1849 533 1880 spes
556 1839 727 1880 affulgeret
749 1839 952 1870 redimendae
975 1840 1145 1871 libertatis:
1176 1847 1207 1871 et
1237 1851 1300 1872 non

345 1883 518 1914 haberetur
541 1892 599 1922 pro
622 1892 707 1922 rege,
730 1882 831 1913 caesis
854 1882 893 1913 ad
918 1893 1018 1914 unum
1037 1883 1184 1914 omnibus
1202 1883 1303 1923 ipsius

345 1925 459 1957 servis.
504 1924 617 1965 Neque
647 1934 724 1955 vero
756 1924 986 1965 mancipiorum
1019 1936 1104 1956 more
1135 1937 1167 1956 se
1193 1925 1303 1957 haberi

346 1967 488 2006 videbat,
512 1977 647 2007 quorum
667 1967 733 1998 vita
757 1967 855 1998 tutior
878 1974 936 2007 est,
960 1967 1015 1999 sed
1040 1967 1078 1999 de
1098 1969 1182 1999 vitae
1202 1969 1304 2000 salute

348 2011 498 2051 incertus,
521 2009 686 2051 inglorius,
699 2016 887 2050 perpetuam
900 2011 1118 2052 ignominiam,
1133 2017 1161 2041 et
1177 2011 1303 2052 generis

347 2053 452 2084 omnis
482 2053 691 2084 contumelias
715 2052 887 2084 metuebat.
934 2054 1032 2093 Atqui
1057 2054 1176 2094 regiam
1200 2053 1302 2094 digni-

348 2102 449 2127 tatem
481 2101 595 2136 sponte
625 2095 841 2126 conditionem
873 2095 961 2127 illam
985 2096 1092 2127 subire
1116 2106 1223 2127 rarum
1248 2104 1305 2135 est,

347 2144 378 2170 et
403 2138 495 2170 valde
519 2137 657 2169 difficile.
693 2138 780 2179 Ergo
804 2137 895 2169 illum
919 2144 1054 2170 mortem
1075 2149 1136 2169 uon
1156 2139 1304 2170 extimes-

349 2188 474 2212 centem
494 2181 630 2221 superbo
649 2180 688 2211 ad
702 2180 886 2212 Samuelem
908 2182 1032 2213 venisse
1050 2182 1156 2212 animo
1177 2181 1304 2221 quidam

349 2224 545 2261 existimant,
577 2230 610 2254 ut
634 2224 783 2254 miseram
807 2223 894 2255 illani
917 2224 1131 2255 conditionem
1154 2224 1184 2254 in
1209 2235 1305 2264 quam

349 2266 506 2299 inciderat
528 2266 626 2297 semel
649 2266 724 2297 forti
748 2266 854 2298 animo
879 2266 1059 2307 deponeret.
1107 2266 1171 2297 Alii
1197 2276 1305 2297 vocem

348 2310 613 2350 interpretantur,
636 2319 704 2340 cum
728 2309 870 2348 vinculis,
902 2316 937 2340 ut
960 2309 1086 2341 vinctus
1110 2308 1149 2340 ad
1171 2308 1305 2340 Samue-

349 2352 412 2383 lem
443 2352 570 2382 venisse
603 2351 743 2389 dicatur,
782 2358 813 2383 ct
841 2353 885 2383 ita
919 2351 1078 2383 indicetur
1112 2362 1174 2383 non
1208 2352 1305 2383 fuisse

350 2395 443 2425 illum
474 2405 491 2424 a
516 2393 613 2425 Saule
637 2394 747 2425 favore
771 2394 878 2435 aliquo
902 2400 933 2426 et
957 2394 1181 2426 benevolentia
1204 2404 1304 2425 reser-

350 2443 478 2474 vatum,
510 2436 564 2468 sed
596 2436 759 2477 triumpho
790 2438 894 2478 potius
923 2437 1127 2468 destinatum.
1180 2436 1306 2476 Quibus

350 2479 459 2510 verbis
478 2479 575 2510 etiam
595 2479 744 2511 docemur
756 2479 899 2519 Saulem,
922 2480 997 2512 licet
1020 2490 1083 2511 non
1106 2480 1236 2511 omnino
1259 2479 1306 2510 illi

350 2523 546 2563 pepercerit,
585 2527 692 2554 tamen
734 2532 794 2554 non
830 2528 999 2563 propterea
1031 2522 1127 2563 culpa
1161 2532 1306 2560 vacuum,

351 2565 610 2605 quandoquidem
634 2564 730 2595 latam
755 2576 772 2596 a
796 2565 935 2597 Domino
959 2566 1151 2597 sententiam
1185 2575 1241 2606 per
1273 2575 1308 2597 os

355 2607 514 2639 Samuelis
539 2618 601 2638 uon
625 2608 832 2648 impleverat:
857 2619 919 2639 non
944 2607 1026 2647 ideo,
1049 2609 1190 2649 inquam,
1214 2607 1308 2648 culpa

354 2659 486 2680 vacuum
507 2650 588 2690 quod
611 2651 753 2682 vinctum
772 2652 919 2692 Agagum
940 2656 1128 2689 reservaret,
1152 2649 1307 2691 siquidem

1172 210 1372 242 HOMILIA
1397 210 1486 242 LVI.

1327 1549 1462 1584 ,tamen
1497 1543 1653 1583 expositio
1687 1543 1790 1574 locum
1823 1547 1928 1584 potest
1960 1542 2113 1574 obtinere.

2251 214 2310 246 140

1352 305 1518 344 oportebat
1551 306 1654 346 ipsum
1685 307 1753 337 sine
1782 305 2032 336 contradictione
2057 306 2118 337 Dei
2150 306 2309 340 mandatis

1353 358 1434 386 quae
1459 346 1588 379 Samuel
1621 348 1795 388 pertulerat
1821 349 2049 388 obtemperare.
2096 348 2182 380 Hinc
2205 350 2310 390 itaque

1353 390 1512 421 discamus
1555 402 1617 422 non
1659 392 1841 422 satisfacere
1881 390 2002 422 iudices
2035 391 2137 423 officio
2170 402 2242 429 suo,
2283 393 2309 424 si

1351 433 1473 464 crimen
1487 433 1615 474 aliquod
1629 434 1832 475 gravioribus
1852 434 1962 474 poenis
1981 433 2113 474 dignum
2135 433 2310 466 lenioribus

1352 476 1499 516 puniant,
1530 476 1584 507 sed
1615 485 1762 517 oportere
1790 477 1991 517 punitionem
2015 477 2155 507 offensae
2178 487 2310 517 respon-

1353 519 1437 549 dere.
1483 518 1520 550 Si
1550 519 1621 559 quis
1650 520 1747 556 enim,
1777 519 1916 559 exempli
1940 519 2100 560 gratia,q
2083 520 2231 560 quopiam
2255 519 2310 550 ad-

1352 561 1450 592 misso
1480 561 1593 593 delicto
1623 563 1776 602 puniatur
1809 563 1970 593 severiore
2008 572 2124 602 poena:
2164 569 2194 593 ct
2229 562 2310 593 alter

1352 603 1495 634 eiusdem
1525 605 1670 636 criminis
1694 615 1766 635 reus
1789 605 1908 636 leviore
1931 604 2113 641 mulctetur.
2144 604 2234 636 nulla
2253 615 2307 645 po-

1352 651 1415 677 test
1438 646 1471 677 in
1495 646 1551 677 illa
1573 647 1800 687 inaequalitate
1823 657 1892 678 esse
1916 648 2044 679 iustitia.
2091 647 2307 687 Quamobrem

1353 699 1414 728 quo
1445 689 1618 729 proclivius
1648 690 1680 720 in
1713 689 1771 720 hoc
1803 689 1915 720 vitium
1945 690 2007 720 iam
2039 689 2112 721 inde
2143 701 2160 721 a
2184 690 2309 721 saeculo

1353 731 1502 762 feruntur
1526 731 1681 769 homines,
1701 742 1738 763 eo
1761 741 1818 762 nos
1841 732 1997 763 attentius
2018 732 2206 771 doctrinam,
2229 743 2310 773 quae

1354 773 1414 805 hoc
1445 774 1511 805 loco
1542 774 1746 814 proponitur,
1786 781 1911 814 oportet
1943 774 2140 814 expendere:
2177 774 2308 807 Saulem

1353 826 1469 856 nempe
1492 816 1566 848 licet
1590 819 1738 857 Agagum
1762 817 1796 847 in
1821 816 1957 847 vinculis
1980 816 2120 854 haberet,
2152 828 2215 849 uon
2239 817 2309 850 ideo

1353 864 1459 889 tamen
1491 869 1599 891 coram
1629 858 1768 890 Domino
1796 859 1890 900 culpa
1928 859 2116 898 liberatum,
2152 860 2210 891 etsi
2246 871 2310 892 non

1353 902 1456 933 amico
1490 901 1594 942 ipsum
1629 901 1668 932 ad
1702 912 1845 933 mensam
1879 901 2076 939 admitteret,
2109 901 2164 933 sed
2198 902 2310 935 durius

1353 944 1497 982 haberet,
1527 944 1784 985 quandoquidem
1808 943 1898 976 Deus
1928 944 2018 976 illum
2048 945 2185 976 iusserat
2213 945 2310 976 inter-

1353 987 1414 1018 fici.
1449 987 1560 1018 Vitam
1584 987 1692 1028 itaque
1716 988 1829 1028 Agago
1854 986 1933 1018 Saul
1957 987 2134 1019 concedens
2157 988 2189 1019 in
2202 987 2309 1019 Deum

1353 1030 1495 1061 iniurius
1523 1035 1554 1061 et
1581 1030 1834 1062 contumeliosus
1866 1030 1939 1061 fuit:
1970 1036 2002 1060 at
2033 1029 2165 1070 proinde
2195 1031 2310 1063 merito

1354 1083 1412 1104 sua
1441 1072 1614 1104 rebellione
1643 1072 1782 1104 debitam
1813 1073 1860 1104 illi
1884 1083 2019 1113 poenam
2044 1073 2074 1103 in
2099 1083 2191 1104 suum
2215 1078 2311 1114 caput

1355 1114 1523 1147 derivavit.

1441 1157 1593 1198 Sequitur
1623 1158 1805 1189 venientem
1838 1159 1984 1199 Agagum
2015 1158 2204 1199 cognovisse
2237 1168 2310 1199 pro-

1354 1201 1507 1241 pinquam
1537 1201 1596 1232 sibi
1627 1206 1773 1232 mortem.
1818 1200 1857 1232 In
1885 1200 2002 1241 quibus
2026 1200 2131 1232 verbis
2154 1200 2310 1241 quaedam

1354 1244 1452 1275 etiam
1475 1244 1559 1275 inest
1581 1243 1763 1275 difficultas.
1798 1244 1871 1275 Vox
1890 1244 1974 1278 enim
1994 1243 2112 1275 hebrea
2125 1249 2176 1284 Ἶῃ
2191 1244 2310 1284 passim

1354 1287 1388 1317 in
1417 1287 1577 1327 scriptura
1607 1286 1769 1327 significat
1798 1286 1848 1318 vel
1877 1286 2028 1324 revelare,
2059 1286 2108 1318 vel
2140 1286 2309 1318 declinare.

1353 1329 1468 1370 Itaque
1491 1328 1680 1370 simpliciter
1703 1330 1819 1369 exponi
1842 1339 1934 1369 posse
1964 1328 2106 1360 videtur:
2137 1329 2227 1360 Mors
2257 1329 2309 1360 de-

1353 1372 1463 1410 clinat,
1484 1372 1534 1403 vel
1553 1373 1712 1404 avertitur
1731 1383 1749 1403 a
1765 1383 1824 1403 me.
1861 1371 1924 1403 Sed
1943 1372 2018 1412 quia
2040 1382 2154 1403 sensus
2177 1371 2311 1403 alienior

1354 1420 1411 1453 est,
1442 1414 1559 1446 idcirco
1590 1414 1750 1447 declinare
1781 1414 1835 1446 alii
1865 1414 2026 1455 accipiunt
2055 1424 2113 1455 pro
2144 1415 2257 1445 venire
2279 1420 2311 1446 et

1353 1459 1494 1489 irruere:
1526 1457 1619 1498 quasi
1641 1457 1739 1489 dicat:
1771 1457 1860 1489 Mors
1883 1457 2030 1495 declinat,
2060 1468 2124 1488 non
2154 1464 2188 1488 ut
2218 1467 2237 1488 a
2258 1467 2310 1489 me

1353 1506 1529 1539 avertatur,
1559 1499 1614 1532 sed
1642 1506 1678 1531 ut
1706 1500 1740 1531 in
1764 1510 1816 1531 me
1837 1501 1992 1541 impetum
2015 1499 2120 1531 faciat.
2165 1499 2310 1541 Utraque

2165 1542 2249 1574 Nam
2283 1543 2310 1574 si

1354 1586 1542 1626 simpliciter
1564 1586 1597 1617 in
1620 1586 1763 1626 genuina
1783 1585 2017 1627 significatione
2042 1595 2104 1616 vox
2128 1585 2183 1617 illa
2202 1585 2310 1617 Decli-

1354 1640 1434 1660 nare
1457 1634 1613 1666 sumatur,
1638 1628 1779 1660 dicemus
1792 1630 1942 1669 Agagum
1965 1638 2111 1668 sperasse
2123 1627 2310 1660 Samuelem

1355 1671 1414 1702 sibi
1438 1671 1702 1703 condonaturum.
1737 1670 1906 1710 Quomodo
1929 1671 2012 1702 enim
2038 1676 2173 1702 mortem
2197 1682 2215 1702 a
2237 1681 2309 1711 pro-

1354 1714 1462 1755 phetis
1485 1713 1602 1745 divinis
1625 1714 1657 1745 iu
1681 1724 1816 1754 quorum
1840 1713 1991 1745 veniebat
2011 1723 2126 1745 manus
2144 1718 2311 1754 metueret,

1354 1767 1373 1788 a
1406 1756 1521 1797 quibus
1554 1762 1666 1788 eontra
1699 1757 1825 1788 veniam
1856 1755 2082 1796 exspectabat?
2138 1755 2193 1788 Sic
2233 1766 2309 1798 ergo

1354 1805 1461 1840 potest
1483 1799 1536 1831 hic
1559 1799 1647 1831 locus
1677 1800 1803 1839 exponi,
1832 1804 1867 1830 ut
1889 1799 1983 1840 Agag
2003 1798 2179 1839 prophetae
2201 1809 2310 1840 perso-

1355 1853 1431 1874 nam
1461 1842 1598 1874 intuitus
1624 1842 1684 1874 sibi
1709 1841 1906 1883 persuadeat,
1937 1851 1970 1873 se
1994 1841 2032 1872 ab
2055 1842 2123 1882 ipso
2147 1841 2309 1873 dimitten-

1355 1885 1432 1917 dum
1461 1890 1494 1916 et
1523 1884 1767 1923 absolvendum;
1795 1895 1858 1925 qua
1880 1885 1914 1915 in
1938 1894 1971 1915 re
1994 1883 2202 1916 vehementer
2223 1884 2310 1916 salle-

1356 1928 1461 1959 batur.
1518 1927 1577 1959 Sin
1612 1938 1689 1959 vero
1722 1910 1875 1960 de'clmare
1906 1937 1963 1967 pro
1996 1927 2119 1958 irruere
2153 1933 2310 1968 sumatur,

1356 1976 1426 2002 tum
1461 1970 1604 2002 dicemus
1633 1973 1782 2019 Agagum
1820 1970 1920 2002 veluti
1954 1969 2050 2001 morti
2082 1970 2310 2018 propinquum,

1356 2018 1543 2053 exspectare
1567 2013 1743 2045 sententiae
1766 2012 2037 2053 cxscquutionem.
2062 2011 2164 2043 Porro
2187 2012 2214 2044 si
2237 2023 2309 2044 sen-

1356 2067 1427 2087 sum
1442 2056 1534 2087 illum
1553 2066 1739 2096 sequamur:
1761 2058 1910 2097 Agagum
1928 2065 2016 2096 spem
2036 2054 2174 2095 aliquam
2195 2055 2309 2087 salutis

1356 2099 1548 2139 concepisse,
1573 2098 1658 2139 quod
1682 2099 1715 2130 in
1738 2109 1851 2130 manus
1873 2098 2046 2139 prophetae
2070 2097 2242 2137 incidisset,
2269 2109 2309 2129 ex

1357 2151 1393 2172 eo
1413 2141 1622 2182 perspicimus
1642 2152 1736 2182 quam
1756 2141 1847 2172 multi
1868 2139 2083 2172 misericordia
2102 2139 2212 2171 divina
2229 2151 2310 2181 quae

1357 2185 1389 2214 in
1413 2184 1510 2215 verbo
1534 2184 1634 2224 ipsius
1656 2183 1859 2224 praedicatur
1881 2183 2070 2215 abutantur:
2098 2182 2183 2223 quod
2214 2183 2308 2214 nimi-

1358 2237 1428 2257 rum
1446 2227 1550 2267 specie
1571 2227 1807 2259 misericordiae
1825 2227 1875 2257 ius
1893 2236 1986 2257 omne
2001 2235 2136 2265 aequum
2149 2227 2309 2267 corrumpi

1358 2274 1388 2299 ct
1417 2270 1557 2309 perverti
1589 2269 1696 2301 velint.
1742 2271 1786 2301 At
1816 2279 1889 2300 vero
1921 2278 2026 2300 noune
2050 2267 2111 2298 Dei
2142 2268 2238 2300 verbo
2261 2279 2310 2300 re-

1357 2312 1465 2343 missio
1495 2318 1698 2352 peccatorum
1728 2310 1953 2352 praedicatur?
2004 2310 2112 2350 Quare
2146 2321 2221 2352 ergo
2255 2311 2310 2343 ubi

1357 2355 1526 2395 evangelio
1567 2354 1654 2386 locus
1696 2362 1744 2387 est
1784 2359 1874 2386 tanta
1917 2354 2072 2385 severitas
2117 2353 2308 2386 exercetur?

1358 2397 1482 2427 Verum
1505 2398 1670 2429 enimvero
1693 2404 1758 2428 tam
1779 2395 1945 2432 individuo
1967 2406 2053 2427 nexu
2076 2395 2155 2427 haec
2174 2397 2257 2428 inter
2275 2407 2309 2428 se

1358 2439 1546 2479 iunguntur,
1570 2446 1604 2471 ut
1627 2440 1714 2471 nullo
1733 2439 1824 2472 modo
1842 2439 1984 2479 separari
2002 2444 2130 2478 queant.
2161 2439 2307 2471 Primum

1358 2482 1443 2512 enim
1468 2482 1555 2514 Deus
1587 2489 1678 2515 vocat
1708 2488 1889 2523 peccatores
1918 2480 1957 2512 ad
1991 2482 2240 2521 poenitentiam:
2277 2486 2309 2513 et

1359 2524 1447 2555 nulla
1470 2525 1550 2556 ratio
1573 2526 1636 2557 alia
1653 2530 1702 2557 est
1721 2523 1982 2557 reconciliationis
2001 2534 2071 2554 cum
2087 2523 2164 2555 Deo.
2199 2524 2310 2564 Quare

1360 2566 1432 2597 lieet
1463 2569 1582 2600 centies
1613 2567 1729 2599 millies
1752 2567 1814 2599 Dei
1841 2567 1945 2608 gratia
1974 2570 2100 2598 nostras
2123 2577 2215 2599 aures
2237 2577 2309 2608 per-

1360 2614 1460 2656 sonet,
1489 2611 1672 2651 quicunque
1704 2612 1736 2641 in
1774 2609 1948 2641 malefactis
1969 2616 2208 2657 perseverant,
2243 2620 2308 2640 non

1361 2651 1493 2683 veniunt
1528 2653 1559 2684 in
1594 2658 1716 2694 partem
1751 2653 1843 2685 istius
1875 2651 2110 2692 promissionis,
2152 2657 2183 2684 ct
2215 2651 2309 2693 longe
