2551 3044
318 195 357 225 27
1137 190 1336 222 nonnas
1361 189 1484 221 vai.
2260 194 2300 226 23

324 288 386 328 ipsi
420 287 581 327 praefecit.
627 286 680 317 Sic
714 285 859 316 videmus
888 296 985 325 quum
1013 284 1117 315 David
1142 284 1284 315 animum

327 331 512 361 obfirmaret
537 328 576 359 ad
601 328 830 359 recensendum
855 335 885 358 et
909 327 1112 358 lustrandum
1133 326 1286 366 populum

327 380 438 404 contra
463 381 652 411 expressum
677 370 863 401 mandatum
887 370 976 410 legis,
1008 371 1104 401 fuisse
1129 370 1188 399 Dei
1213 380 1286 400 con-

327 415 432 446 silium
471 420 505 444 ut
536 414 672 454 populus
701 414 879 453 puniretur.
925 412 1033 443 David
1056 420 1161 443 tamen
1187 411 1286 442 ambi—

329 459 415 488 tione
439 457 599 497 peccabat,
631 465 661 486 et
685 456 772 486 solus
795 456 887 486 istius
910 456 983 486 faeti
1012 466 1085 486 reus
1110 454 1286 485 videbatur.

331 501 370 531 Et
402 499 592 530 nominatim
623 498 738 529 dicitur
763 498 850 529 Deus
874 509 926 530 cor
951 498 1085 528 Davidis
1110 497 1285 537 impulisse.

327 544 425 574 Sane.
471 542 535 573 Sed
567 540 657 571 Deus
686 550 837 572 arcanum
870 551 963 572 suum
993 540 1160 572 consilium
1187 539 1285 570 novit.

330 586 379 616 Ex
410 585 526 625 quibus
558 591 688 624 apparet
723 583 826 614 Deum
859 583 975 615 habere
1004 593 1096 614 suum
1119 582 1285 613 consilium

328 626 566 664 admirandum,
591 627 673 666 quud
700 636 863 666 nunquam
884 632 1038 665 mutatur,
1063 636 1162 665 neque
1184 625 1287 655 varia-

328 681 400 702 tur:
432 677 461 700 et
487 677 594 700 tamen
618 670 663 699 uti
689 670 804 699 mediis
826 669 1030 700 inferioribus
1053 668 1168 707 quibus
1191 678 1285 698 suum

327 713 497 746 consilium
539 712 577 742 ad
621 712 853 752 praescriptum
894 712 989 742 finem
1032 710 1174 741 deducat.
1220 710 1286 741 Sed

328 767 417 797 quae,
449 755 589 790 obsecro,
621 754 748 784 media?
795 753 881 786 Sane
912 755 980 784 vias
1003 754 1156 793 obliquas,
1186 760 1215 783 et
1240 760 1285 783 te-

327 810 413 830 mere
437 798 498 828 huc
523 797 597 828 illuc
619 797 805 828 aberrantes
828 797 918 836 sequi
941 796 1077 833 videtur,
1109 797 1206 826 immo
1230 796 1285 826 fini

328 849 359 872 et
393 851 488 880 scopo
523 839 562 870 ad
597 850 689 879 quem
724 839 866 870 collimat
901 840 1029 880 penitus
1060 842 1313 879 repugnantes*

328 884 392 915 Sed
426 891 533 914 nostro
557 882 684 913 iudicio.
732 882 853 913 Verum
878 881 937 912 hoc
960 883 1005 912 ita
1028 882 1095 912 fieri
1121 888 1287 912 teneamus

328 937 368 957 ne
393 927 525 957 nimium
552 925 642 956 nobis
665 925 838 964 sapiamus,
861 932 891 955 et
917 925 1022 964 potius
1041 923 1079 954 ad
1100 923 1153 954 illa
1172 933 1288 954 arcana

326 969 552 1003 caecutiamus,
572 974 726 1007 quantum
749 968 817 998 Deo
838 967 1006 998 videbitur.
1052 967 1286 1003 Caecutiamus,

329 1013 468 1052 inquam,
499 1011 533 1041 in
556 1010 619 1041 illis
644 1009 761 1041 divinis
785 1010 934 1046 consiliis,
965 1010 1009 1040 sic
1034 1020 1071 1039 ue
1094 1010 1123 1039 iu
1149 1019 1184 1039 ea
1207 1019 1287 1048 quae
1313 1006 1314 1015 ¹

1177 1051 1287 1091 Neque
1312 1058 1313 1069 ³

329 1060 440 1094 captus
489 1053 589 1084 nostri
630 1054 713 1084 vires
744 1058 899 1092 superant
921 1052 1131 1092 inquiramus.

330 1098 416 1129 enim
447 1095 698 1132 caecutiendum,
730 1106 828 1135 quum
857 1095 1006 1126 voluntas
1029 1094 1130 1134 ipsius
1153 1105 1285 1134 cognos—

329 1139 430 1172 cenda
463 1142 521 1179 est,
556 1142 591 1169 ut
625 1138 664 1169 ad
700 1148 769 1169 eam
795 1138 862 1169 vias
885 1143 1012 1168 nostras
1036 1137 1220 1177 dirigamus,
1256 1144 1287 1167 et

326 1184 410 1214 facta
432 1182 539 1213 omnia
564 1187 681 1216 nostra.
714 1181 797 1212 dicta
821 1187 853 1212 et
876 1180 1086 1220 cogitationes
1109 1181 1285 1219 exigamus.

329 1225 558 1264 Quamobrem,
605 1234 701 1264 quum
743 1223 795 1254 hic
835 1224 992 1263 scriptura
1033 1222 1109 1253 dicit
1152 1232 1286 1262 regnum

334 1268 442 1300 Saulis
466 1266 643 1298 stabilitum
667 1266 736 1297 sore
758 1266 790 1296 in
811 1265 920 1298 Saulis
939 1276 1046 1301 manu,
1071 1266 1095 1295 si
1116 1265 1175 1295 Dei
1197 1275 1285 1295 man-

331 1311 414 1342 datis
444 1310 640 1349 obsequutus
671 1309 790 1345 fuisset,
824 1309 1024 1339 verissimum
1048 1315 1103 1338 est.
1150 1307 1212 1338 Sed
1238 1308 1285 1338 vi-

329 1353 434 1385 cissim
466 1351 556 1383 Deus
579 1352 781 1383 contumacia
804 1351 911 1383 Saulis
934 1357 969 1382 ut
993 1350 1096 1380 media
1119 1360 1214 1381 causa
1238 1356 1287 1381 cst
1311 1345 1313 1366 ἶ

330 1407 407 1428 usus
431 1395 468 1426 ad
494 1394 671 1426 faciendam
696 1395 780 1425 viam
804 1393 952 1425 electioni
976 1393 1119 1430 Davidis,
1150 1400 1179 1423 et
1203 1392 1284 1423 divi-

331 1448 446 1470 norum
469 1437 671 1468 oraculorum
691 1436 880 1477 impletioni.
925 1436 1014 1466 Deus
1034 1436 1140 1475 itaque
1160 1435 1284 1475 lapsum

332 1482 428 1512 istum
453 1479 563 1511 Saulis
586 1478 814 1511 subordinaret
837 1479 964 1510 decreto
989 1489 1062 1509 suo:
1096 1488 1132 1508 ae
1156 1479 1286 1518 proinde

328 1529 398 1555 tum
421 1523 529 1563 lapsus
552 1521 631 1554 Saul
654 1527 864 1553 exautoratus
887 1526 936 1552 est
965 1527 995 1552 et
1026 1522 1113 1561 regia
1131 1521 1286 1561 dignitate

330 1567 455 1607 pulsus:
485 1570 518 1596 et
546 1565 660 1596 merito
688 1564 825 1604 quidem.
870 1563 952 1602 Quis
975 1564 1061 1594 enim
1085 1563 1200 1594 audeat
1223 1564 1285 1595 Dei

330 1609 473 1641 consiliis
500 1607 636 1648 obloqui,
666 1614 697 1638 ct
729 1608 760 1637 in
794 1607 899 1638 Deum
930 1607 979 1637 sui
1002 1607 1123 1646 pcccati
1147 1606 1287 1646 aliquam

331 1651 458 1692 culpam
482 1651 647 1687 conficere,
680 1660 778 1690 quum
802 1648 934 1681 Saulem
958 1648 1172 1680 condemnare
1195 1660 1287 1689 coga-

330 1737 468 1768 sessione
498 1745 628 1776 propria
660 1734 853 1775 urgebatur?
900 1735 967 1765 Nae
990 1735 1016 1765 si
1040 1734 1118 1765 Saul
1142 1735 1211 1774 ipse
1234 1734 1287 1765 de-

330 1779 441 1811 lictum
476 1778 620 1810 confiteri
654 1778 787 1818 cogitur,
822 1787 917 1817 seque
953 1787 1041 1808 rcum
1065 1778 1218 1817 agnoscit,
1253 1788 1288 1808 os

331 1832 424 1854 omne
447 1820 551 1853 claudi
575 1826 709 1860 oportet,
741 1825 772 1851 et
793 1830 887 1851 omne
911 1830 1057 1850 murmur
1081 1830 1216 1860 cessare,
1247 1831 1287 1851 ne

332 1865 402 1905 quis
433 1864 502 1894 Deo
526 1862 716 1902 obloquatur
738 1868 769 1893 et
791 1862 968 1902 obstrepat:
999 1868 1030 1893 ct
1053 1863 1197 1893 confiteri
1222 1874 1289 1901 reg—
1314 1870 1315 1873 ’

334 1918 409 1939 num
434 1905 513 1937 illud
537 1905 745 1937 irrevocabile
769 1905 851 1945 quod
875 1904 994 1935 Davidi
1019 1904 1200 1943 debebatur,
1225 1915 1288 1936 non
1314 1914 1315 1924 ¹

334 1950 474 1990 potuisse
520 1949 551 1978 in
587 1947 694 1980 Saulis
731 1958 829 1978 manu
862 1947 1006 1979 stabiliri.
1053 1946 1115 1978 Sed
1150 1947 1287 1979 mediam

331 2003 461 2024 causam
494 2002 574 2031 quae
607 1991 639 2022 in
675 2001 788 2022 sensus
822 1996 947 2021 nostros
980 1990 1117 2021 incurrit
1148 1997 1179 2021 et
1208 2001 1286 2030 quae

333 2035 411 2067 satis
449 2040 522 2065 nota
557 2040 613 2073 est⁷
652 2033 778 2074 lapsum
812 2031 932 2072 Saulis⁷
971 2033 1110 2072 inquam,
1147 2033 1285 2064 sciamus

333 2078 430 2109 fuisse
460 2087 588 2108 causam
612 2075 753 2116 adempti
777 2074 865 2107 Sauli
888 2076 990 2116 regni,
1019 2082 1050 2106 et
1073 2075 1104 2105 in
1131 2075 1288 2106 Davidem
1314 2077 1315 2086 ³

333 2119 492 2151 translati.
539 2119 580 2149 Et
618 2119 773 2150 hactenus
810 2117 848 2148 de
878 2118 957 2149 istis.
1003 2117 1218 2156 Quamobrem
1250 2129 1289 2149 ex

334 2163 405 2194 istis
447 2161 604 2193 discamus
642 2168 771 2192 aeterna
803 2160 865 2191 Dei
898 2160 1030 2192 consilia
1063 2160 1224 2200 suspicere
1257 2169 1289 2191 et

336 2254 367 2278 ot
397 2249 436 2279 ab
460 2248 545 2278 omni
569 2247 694 2278 curiosa
717 2246 925 2286 inquisitione
948 2245 1153 2283 abstinentes,
1185 2246 1290 2276 Deum

335 2290 438 2321 sobrie
467 2294 499 2321 et
529 2300 603 2320 cum
635 2289 748 2320 timore
778 2296 809 2320 et
840 2289 1020 2319 reverentia
1044 2298 1235 2319 veneremur
1257 2293 1289 2319 et

335 2333 508 2364 adoremus.
560 2332 607 2363 Ac
647 2333 672 2363 si
707 2330 795 2362 Deus
828 2331 941 2362 mediis
974 2336 1085 2362 utatur
1117 2330 1155 2361 de
1177 2331 1291 2370 quibus

337 2386 497 2415 nunquam
545 2374 811 2415 cogitaverimus,
855 2384 928 2405 eum
969 2374 1106 2405 sciamus
1135 2373 1291 2404 iustitiam

338 2460 527 2491 hcnsibilem
551 2460 634 2490 velle
657 2460 688 2490 in
713 2459 775 2490 illis
798 2459 1015 2490 considerare:
1039 2463 1071 2490 et
1090 2458 1148 2490 hoc
1166 2459 1292 2489 axioma

338 2509 368 2533 et
392 2503 582 2543 principium
613 2512 740 2542 semper
769 2502 973 2539 retineamus,
1011 2501 1115 2532 Deum
1139 2511 1290 2532 arcanum

339 2556 429 2576 suum
455 2545 571 2576 habere
602 2545 684 2584 quod
714 2544 881 2575 consilium
910 2544 993 2576 acies
1022 2544 1138 2575 mentis
1162 2550 1288 2575 nostrae

338 2599 403 2619 non
427 2594 530 2628 potest
553 2586 801 2628 apprehendere.
826 2586 914 2619 Sane
936 2587 962 2618 si
987 2597 1043 2618 nos
1063 2587 1148 2618 intra
1167 2585 1290 2618 modes-

338 2630 401 2661 tiae
432 2631 528 2662 huius
564 2630 718 2661 terminos
741 2630 972 2668 contineamus,
1004 2630 1098 2668 longe
1121 2628 1290 2661 dissimiles

1313 1639 1314 1642 ,
1341 1606 1545 1648 approbatus,
1579 1607 1633 1639 sed
1665 1607 1810 1638 reiectus.

1313 1651 1315 1677 ἒ
1340 1661 1477 1691 regnum
1506 1650 1610 1691 ipsius
1634 1660 1699 1681 non
1721 1650 1781 1680 fuit
1803 1649 2001 1681 diuturnum.

333 1704 415 1730 mur,
439 1693 492 1734 qui
516 1694 646 1741 propria
669 1692 863 1724 conscientia
886 1692 1138 1723 convincebatur
1162 1699 1192 1722 et
1213 1703 1288 1723 eon·
1313 1690 1314 1695 ¹

1314 1807 1315 1812 ,
1340 1778 1400 1810 hoe
1431 1778 1520 1810 facto.

1341 285 1461 315 crimus
1500 284 1649 315 fanaticis
1678 285 1740 315 illis
1771 284 1955 315 hominibus
1983 295 2056 315 suas
2085 285 2301 325 blasphemias

1339 327 1443 367 plenis
1468 326 1574 358 buccis
1597 327 1871 367 despumantibus‚
1896 334 1926 357 et
1950 326 2104 358 adversus
2124 327 2207 360 banc
2226 329 2300 362 doc-

1340 370 1456 400 trinam
1492 369 1710 407 fromentibus,
1749 371 1832 410 quod
1868 369 1954 400 illam
1989 370 2135 401 sensibus
2168 371 2235 402 suis
2268 377 2300 403 et

1340 413 1457 442 mentis
1493 412 1616 443 viribus
1646 422 1759 453 capere
1790 424 1853 443 non
1885 412 2015 452 possint.
2062 412 2149 444 Sane
2179 414 2299 446 nostris

1339 455 1484 486 sensibus
1521 454 1582 485 Dei
1613 455 1764 486 voluntas
1793 455 1921 495 quidem
1954 455 2043 485 varia
2072 461 2104 486 et
2134 455 2193 486 sibi
2224 467 2298 487 con-

1339 499 1438 528 traria
1469 497 1614 529 videtur:
1643 497 1912 537 quemadmodum
1942 505 1972 528 ct
2004 497 2126 528 Paulus
2158 499 2216 529 Dei
2248 509 2299 530 sa·

1339 540 1493 580 pientiam
1525 547 1617 571 vocat
1647 540 1886 578 multiformem,
1917 539 2001 570 unde
2032 541 2068 571 fit
2091 547 2125 571 ut
2146 541 2186 572 ad
2209 541 2298 573 illam

1339 583 1564 619 caecutiamus.
1596 589 1628 613 et
1658 582 1697 614 ad
1728 583 1815 614 illam
1842 583 1965 613 viarum
1992 582 2121 614 Domini
2146 583 2298 626 abyssum

1339 627 1528 656 immensam
1548 632 1749 665 stupeamus:
1769 632 1992 657 verumtamen
2013 625 2073 656 Dei
2088 626 2298 659 nihilominus

1340 668 1488 699 voluntas
1517 678 1582 699 una
1611 674 1643 699 et
1673 668 1811 709 simplex
1841 676 1898 699 cst.
1943 668 1985 699 Et
2009 668 2091 708 quod
2112 669 2174 700 iam
2199 670 2299 701 nostri

1338 721 1452 742 sensus
1486 711 1611 751 assequi
1646 721 1708 742 non
1744 718 1884 751 possunt,
1921 710 2100 742 videbimus
2133 722 2232 751 quum
2263 713 2298 743 in

1339 754 1437 794 ipsius
1468 753 1603 793 gloriam
1635 754 1852 785 transformati
1876 755 2041 790 fuerimus,
2072 760 2104 784 et
2127 754 2231 786 Deum
2256 755 2298 787 si-

1338 796 1403 827 cuti
1433 801 1482 827 est
1505 795 1694 827 videbimus.
1740 796 1835 828 Nune
1858 796 1943 827 enim
1968 803 2120 836 tanquam
2144 807 2183 828 ex
2207 802 2299 837 parte

1339 839 1560 879 cognoscimus
1587 845 1617 869 et
1648 840 1682 869 in
1712 839 1923 870 obscuritate:
1953 845 2148 879 quapropter
2170 850 2300 873 necesse

1312 907 1314 922 ;
1339 889 1385 912 est
1410 891 1468 912 nos
1491 887 1676 921 exspectare
1699 881 1783 912 diem
1807 882 1922 922 plenae
1942 882 2161 922 revelationis,
2185 883 2218 913 in
2238 893 2300 923 quo

1339 924 1651 964 comprehendamus
1674 934 1754 963 quae
1777 925 1839 955 iam
1865 925 2001 956 infinitis
2025 925 2172 964 partibus
2190 936 2300 958 omnes

1341 974 1466 998 nostros
1489 977 1602 998 sensus
1625 974 1781 1006 superant
1803 973 1834 997 et
1857 967 1981 999 occulta
2005 974 2091 999 sunt,
2138 967 2191 1000 Sic
2210 969 2297 999 enim

1341 1010 1430 1040 Deus
1453 1010 1514 1040 ista
1537 1009 1701 1049 disposuit.
1746 1009 1790 1040 Et
1814 1009 1972 1041 hactenus
1995 1009 2033 1040 de
2057 1011 2220 1050 proposita
2243 1010 2300 1042 illa

1339 1053 1534 1092 quaestione,
1565 1052 1722 1092 quomodo
1745 1062 1935 1084 mansurum
1959 1052 2059 1083 fuisse
2083 1060 2115 1084 et
2135 1053 2298 1085 stabilien-

1340 1095 1416 1126 dum
1440 1094 1566 1126 dicatur
1590 1105 1723 1135 regnum
1749 1095 1779 1125 in
1805 1105 1900 1126 manu
1923 1102 1954 1125 et
1979 1095 2099 1126 familia
2122 1096 2240 1135 Saulis,
2272 1097 2300 1128 si

1340 1137 1401 1168 Dei
1421 1137 1516 1168 verbo
1536 1148 1569 1169 se
1588 1137 1814 1177 obsequentem
1837 1138 2057 1177 praestitisset.
2103 1138 2193 1170 Deus
2212 1140 2299 1170 enim

1339 1181 1404 1211 labi
1427 1180 1518 1211 illum
1543 1180 1653 1220 voluit,
1678 1187 1712 1211 ut
1735 1179 1893 1211 Davidem
1914 1181 1946 1211 in
1966 1181 2086 1221 regiam
2106 1180 2299 1221 dignitatem

1340 1223 1501 1259 eveheret,
1538 1228 1569 1254 et
1599 1223 1633 1253 in
1664 1223 1755 1263 regni
1785 1223 2019 1262 possessionem
2047 1224 2198 1255 mitteret.
2245 1224 2299 1255 Id-

1339 1267 1423 1297 circo
1453 1265 1572 1297 dieitur
1600 1265 1691 1298 Deus
1722 1265 1883 1296 hominem
1915 1267 2090 1297 secundum
2121 1276 2176 1297 cor
2206 1278 2300 1298 suum

1339 1309 1512 1348 reperisse:
1554 1309 1670 1349 quibus
1704 1307 1811 1339 verbis
1845 1307 1976 1340 Samuel
2010 1307 2150 1340 ostendit
2183 1310 2299 1341 merito

1340 1350 1472 1383 Saulem
1511 1351 1611 1383 fuisse
1651 1351 1816 1382 reiectum.
1861 1351 1972 1391 Neque
2009 1352 2095 1382 enim
2129 1358 2298 1384 aeternum

1339 1394 1417 1425 illud
1449 1394 1614 1425 decretum
1644 1393 1783 1433 respicit,
1813 1404 1873 1434 quo
1902 1393 1992 1425 Deus
2021 1404 2078 1434 per
2107 1394 2298 1435 prophetam

1339 1448 1430 1468 suum
1471 1437 1631 1477 praedixit
1662 1442 1822 1477 sceptrum
1856 1447 1874 1467 a
1903 1437 1989 1467 tribu
2021 1437 2103 1468 Iuda
2132 1447 2299 1477 uunquam

1339 1490 1549 1510 recessurum.
1594 1479 1660 1511 Sed
1696 1479 1857 1510 hominem
1897 1490 1929 1510 se
1959 1479 2033 1510 dicit
2062 1480 2218 1520 reperisse
2248 1490 2299 1512 se-

1312 1540 1314 1548 ι
1339 1522 1481 1554 cundum
1503 1523 1645 1553 animum
1665 1532 1770 1560 suum,
1790 1522 1873 1561 quod
1896 1521 1973 1553 Saul
1995 1533 2053 1553 sua
2071 1522 2166 1562 culpa
2185 1532 2300 1554 exano-

1340 1571 1465 1596 toratus
1488 1566 1542 1596 sit:
1567 1564 1652 1605 quod
1672 1575 1690 1596 a
1710 1565 1778 1596 Deo
1798 1570 1928 1605 propter
1947 1571 2110 1605 peccatum
2131 1575 2194 1596 non
2214 1571 2300 1597 esset

1856 1609 1961 1647 Atque
1990 1607 2073 1638 hanc
2101 1608 2139 1638 ob
2169 1618 2300 1639 causam

2048 1649 2219 1681 Caeterum
2243 1660 2300 1682 ve-

1340 1694 1504 1725 rissimum
1532 1699 1581 1725 est
1604 1692 1762 1724 Davidem
1786 1693 1976 1733 gravissime
1999 1693 2032 1723 in
2056 1693 2168 1724 multis
2190 1692 2299 1725 Deum

1340 1736 1527 1767 offendisse:
1560 1742 1592 1767 et
1622 1735 1749 1776 quidem
1773 1734 1868 1776 longe
1891 1735 2021 1776 gravius
2043 1746 2138 1775 quam
2163 1734 2241 1767 Saul
2265 1736 2300 1767 in

1567 1779 1678 1818 Neque
1701 1779 1786 1809 enim
1809 1784 1866 1808 aut
1889 1786 2011 1809 terrore
2032 1778 2208 1817 perculsus,
2242 1784 2300 1809 aut

1340 1822 1401 1852 alio
1420 1821 1659 1852 vehementiore
1679 1827 1766 1851 metu
1787 1820 1919 1852 adactus
1938 1826 1988 1851 est
2007 1820 2047 1851 ad
2067 1820 2181 1853 Uriam
2200 1821 2300 1852 inter-

1341 1864 1520 1902 ficiendum,
1545 1872 1601 1895 aut
1623 1863 1663 1895 ad
1686 1863 1748 1894 Dei
1771 1873 1886 1894 nomen
1911 1868 2069 1903 quantum
2089 1864 2121 1894 in
2141 1864 2209 1904 ipso
2227 1863 2299 1901 fuit,

1341 1907 1536 1947 blasphemis
1567 1907 1740 1946 impiorum
1763 1905 1895 1937 vocibus
1919 1911 1951 1937 et
1974 1906 2220 1938 lacerationibus
2243 1916 2299 1937 ex-

1341 1949 1535 1989 ponendum,
1559 1956 1615 1981 aut
1637 1949 1676 1980 ad
1701 1955 1765 1979 tam
1789 1954 1882 1988 turpe
1905 1954 1938 1979 et
1958 1948 2085 1980 foedum
2106 1948 2299 1980 adulterium

1340 1992 1618 2023 committendum.
1664 1991 1790 2030 Quibus
1813 1991 1900 2022 vitiis
1923 1991 2018 2032 longe
2041 1992 2171 2032 gravius
2192 2001 2298 2023 coram

1343 2036 1410 2065 Deo
1434 2036 1587 2075 peccavit.
1633 2034 1698 2066 Sed
1722 2033 1791 2065 Deo
1814 2034 1875 2074 ipsi
1899 2040 2027 2074 peccata
2047 2034 2103 2065 illa
2121 2033 2300 2066 condonare

1343 2078 1444 2108 visum
1469 2084 1525 2115 est,
1549 2084 1581 2109 et
1603 2087 1644 2108 ex
1668 2086 1756 2108 mera
1775 2087 1832 2108 sua
1852 2077 1955 2117 gratia
1973 2075 2057 2117 quod
2076 2076 2173 2108 semel
2193 2075 2300 2108 decre·

1314 2128 1431 2155 ‚verat
1472 2120 1557 2160 apud
1593 2130 1626 2151 se
1661 2119 1763 2151 voluit
1795 2119 1834 2150 ad
1870 2120 1965 2150 finem
1999 2129 2092 2150 suum
2116 2118 2300 2159 perducere,

1314 2159 1317 2204 ζ
1343 2173 1540 2204 regnumque
1564 2163 1597 2194 in
1622 2163 1710 2194 tribu
1734 2162 1813 2193 Iuda
1833 2168 1863 2193 et
1883 2161 2019 2193 Davidis
2037 2161 2159 2193 familia
2177 2162 2301 2202 erigere

334 2205 476 2239 adorare,
500 2215 596 2243 quum
622 2214 750 2235 sensum
774 2209 952 2234 nostrorum
973 2210 1100 2243 captum
1120 2209 1290 2243 superant:
1315 2217 1317 2225 ν

1341 2212 1373 2236 et
1412 2207 1612 2244 confirmare,
1654 2205 1755 2236 donee
1788 2204 1955 2236 adveniret
1987 2204 2041 2235 ille
2085 2215 2141 2235 rex
2187 2214 2300 2244 regum

1344 2248 1499 2280 Dominus
1537 2254 1646 2280 noster
1681 2247 1773 2278 Iesus
1803 2247 1963 2279 Christus.
2009 2248 2115 2286 Atque
2145 2246 2222 2278 haec
2251 2251 2300 2278 est

1342 2291 1390 2321 vis
1430 2291 1601 2323 verborum
1642 2291 1781 2330 illorum,
1819 2289 1972 2321 Iehovam
2007 2289 2204 2329 quaesivisse
2238 2288 2300 2321 sibi

1345 2334 1449 2364 virum
1488 2333 1664 2366 secundum
1698 2333 1844 2363 animum
1879 2342 1983 2364 suum.
2027 2331 2200 2363 Caeterum
2235 2342 2300 2363 non

1316 2375 1417 2416 ¹inde
1458 2382 1566 2407 tamen
1605 2376 1752 2416 sequitur
1788 2374 1945 2406 Davidem
1979 2373 2098 2414 aliquid
2132 2380 2206 2405 ante
2239 2374 2300 2406 hoo

336 2429 426 2449 suam
471 2424 501 2448 et
535 2417 754 2448 admirabilem
785 2417 961 2448 bonitatem
993 2416 1083 2447 nobis
1113 2416 1291 2456 incompre-
1316 2417 1317 2420 ’

1344 2418 1474 2449 Domini
1509 2419 1673 2450 decretum
1707 2418 1780 2449 boui
1801 2417 1926 2449 'fecisse
1959 2422 2015 2448 aut
2037 2417 2203 2458 cogitasse,
2237 2427 2299 2457 quo

1316 2473 1317 2506 3
1343 2460 1519 2492 Dominum
1543 2466 1768 2498 commoveret,
1792 2465 1827 2491 ut
1849 2460 1997 2500 deinceps
2022 2459 2209 2491 videbimus.
2233 2458 2299 2491 Sed

1344 2501 1433 2534 Deus
1464 2505 1553 2535 illum
1584 2505 1726 2546 elegerat
1755 2509 1787 2534 et
1809 2502 1849 2534 ad
1872 2502 1959 2533 hunc
1982 2513 2087 2539 usum,
2117 2502 2190 2534 licet
2211 2502 2299 2534 inco-

1341 2545 1509 2585 gitantem,
1539 2547 1726 2578 destinarat.
1771 2545 1822 2577 Ita
1845 2545 2022 2576 Dominum
2047 2544 2191 2576 videmus
2212 2544 2298 2576 Iere-

1343 2589 1439 2619 miam
1474 2590 1663 2629 prophetam
1697 2588 1900 2630 compellare,
1933 2593 2105 2628 antequam
2135 2598 2174 2619 ex
2208 2592 2298 2619 utero

1342 2631 1455 2662 matris
1486 2642 1634 2672 egressus
1663 2641 1757 2670 esses,
1791 2640 1849 2671 ego
1877 2636 1908 2662 te
1931 2630 1970 2661 ad
1994 2630 2077 2662 hanc
2100 2630 2298 2662 vocationem
