2551 3044
363 195 420 224 191

360 294 485 326 gerunt,
509 284 565 315 sed
585 284 690 324 potius
709 288 819 313 contra
838 281 1016 314 humanum
1035 291 1166 312 sensum
1191 279 1324 320 impleta
1348 295 1351 302 =

361 337 445 361 sunt.
492 328 652 366 Deinceps
686 335 778 365 porro
808 331 929 365 quanto
953 325 1088 365 populus
1112 333 1231 363 pavore
1254 333 1325 362 per·
1349 338 1351 347 ‹

360 373 468 404 eulsus
487 371 527 401 sit
546 369 773 409 inspiciamus;
796 378 871 399 nam
895 367 1004 398 hostes
1028 366 1137 397 vident
1161 366 1195 396 iu
1219 364 1325 396 media
1350 365 1351 399 i

361 415 447 446 tribu
461 413 559 444 Iudae
579 417 822 444 castrametatos
844 411 949 447 fuisse,
973 418 1004 440 et
1017 409 1145 440 interim
1159 417 1227 439 sese
1239 407 1326 438 intra

363 457 561 489 munitiones
585 454 760 486 continent.
795 453 879 484 Nam
901 454 960 485 etsi
985 453 1067 483 acies
1091 452 1325 484 instruxerunt.

363 499 551 541 praeliaturi
580 507 652 528 cum
677 495 865 527 philistaeis
888 496 915 527 si
939 496 1111 527 necessitas
1134 503 1189 524 eos
1213 492 1324 532 impel-
1350 494 1353 534 l

363 544 452 581 leret,
483 548 592 572 tamen
616 540 648 570 iu
672 544 779 570 monte
801 539 1028 574 constiterunt,
1052 548 1114 568 nou
1139 535 1324 576 aggressuri
1350 544 1352 571 ς

364 587 471 617 hostes
507 593 608 623 neque
643 581 831 621 praeliaturi
865 582 928 612 nisi
959 581 1068 612 coacti.
1120 579 1184 610 Hic
1215 578 1352 609 debuit·

363 627 502 669 populus
522 625 781 656 animadvertere
795 624 856 655 Dei
875 634 1007 654 manum
1030 623 1089 653 sibi
1113 621 1325 653 contrariam:

365 681 439 702 nam
462 679 561 710 quum
585 669 617 698 iu
642 673 733 698 tanta
756 676 862 698 rerum
887 667 1062 698 mutatione
1087 664 1166 696 Saul
1189 664 1327 695 reiectus

364 719 458 749 esset,
493 713 588 743 etiam
623 711 812 741 immutatus
847 718 911 741 est:
946 716 978 740 ct
1012 719 1067 748 pro
1101 707 1238 747 pristina
1270 705 1327 736 illa

365 755 632 796 magnanimitate
671 760 703 783 et
742 752 932 783 fortitudine
971 761 1068 791 quam
1102 753 1269 788 acceperat
1309 757 1327 778 a
1352 773 1353 795 ,

365 799 515 834 Domino,
539 797 681 836 ignavus
699 800 732 826 et
750 796 909 826 attonitus
927 794 1100 833 obstupuit.
1136 792 1328 822 Recesserat
1352 805 1353 829 1

365 842 520 873 nimirum
544 839 583 870 ab
606 838 676 879 ipso
700 839 832 878 spiritus
856 838 1005 869 Domini:
1037 837 1113 867 hinc
1136 835 1188 865 ille
1212 840 1327 869 metus,
1352 861 1355 868 ,

365 884 441 915 hinc
474 889 598 922 stupor,
632 888 805 921 antequam
839 881 878 911 ad
910 891 1024 911 manus
1054 878 1159 909 adhuc
1193 883 1355 909 ventum.

366 932 465 958 esset:
490 923 749 966 quandoquidem
769 933 841 954 eum
856 923 945 954 Deus
964 923 1019 953 illa.
1038 919 1224 952 fortitudine
1247 929 1329 959 quae
1354 923 1355 939 ¹

366 979 477 1010 regem
518 967 608 999 decet
645 966 685 997 ad
719 965 863 997 subditos
896 965 1050 996 adversus
1084 964 1149 994 vim
1185 946 1356 1003 hostiuml

366 1010 520 1044 tutandos
550 1015 582 1041 et
606 1008 822 1040 defendendos
846 1008 1009 1048 spoliarat.
1054 1007 1142 1046 Ergo
1166 1015 1329 1044 quaecun-
1354 1009 1356 1040 ὲ

364 1065 425 1096 que
444 1055 477 1085 in
498 1054 580 1084 bono
599 1051 678 1084 duce
697 1051 932 1088 desiderantur,
956 1051 1017 1081 iam
1037 1050 1142 1090 ipsum
1164 1047 1328 1083 deficiunt,
1354 1074 1355 1087 ,

365 1098 420 1129 ubi
439 1096 530 1128 Deus
553 1095 704 1136 spiritum
727 1104 821 1125 suum
844 1093 891 1124 illi
914 1093 1042 1124 ademit.
1080 1091 1131 1122 Ve
1149 1101 1203 1122 um
1227 1090 1330 1121 enim·
1354 1099 1356 1122 ἰ

367 1152 443 1172 vero
460 1138 597 1180 populus
617 1137 758 1168 nondum
778 1138 839 1169 ista
858 1137 1036 1176 perspexit:
1057 1132 1330 1174 quemadmodum

368 1194 463 1224 saepe
493 1181 555 1213 Dei
583 1180 700 1212 iudicia
731 1186 857 1210 nostros
885 1179 993 1211 oculos
1024 1177 1267 1218 perstringunt,
1299 1180 1330 1205 et

368 1227 507 1267 fugiunt¹
538 1228 668 1264 propter
697 1224 846 1254 innatum
877 1222 967 1253 nobis
997 1230 1170 1261 stuporem,
1200 1229 1263 1258 quo
1293 1218 1330 1248 fit
1355 1243 1356 1260 ,

368 1275 414 1305 ut,
446 1278 511 1299 non
541 1265 669 1306 quidem
699 1266 829 1297 omnino
850 1265 953 1296 simus
975 1264 1102 1295 illorum
1127 1262 1243 1303 ignari,
1273 1259 1329 1291 sed
1355 1261 1356 1264 ’

369 1309 590 1352 negligentius
623 1309 680 1340 illa
712 1308 964 1348 perpendamus:
999 1314 1030 1338 ct
1063 1306 1124 1336 Dei
1155 1315 1261 1345 opera,
1295 1304 1329 1334 in

370 1355 486 1394 quibus
505 1351 698 1384 meditandis
717 1357 864 1382 nostrum
888 1349 1032 1381 studium
1056 1349 1211 1380 collocare
1235 1346 1329 1378 debe-
1354 1355 1357 1388 ᾗ

371 1407 488 1433 remus,
512 1405 577 1426 non
600 1394 848 1425 consideremus.
878 1393 929 1424 Ita
951 1392 1032 1424 solet
1055 1402 1146 1422 sacra
1169 1390 1330 1430 scriptura

370 1446 532 1479 stuporem
565 1437 732 1468 huminum
763 1446 903 1475 carpere,
933 1446 1031 1475 quum
1055 1435 1109 1469 ait,
1141 1444 1206 1464 non
1230 1432 1330 1464 fuisse
1354 1438 1356 1460 I

371 1482 542 1522 diligentes
565 1480 598 1510 in
622 1479 858 1520 perpendendis
881 1478 1001 1510 divinis
1023 1477 1178 1518 operibus.
1216 1476 1328 1516 Agno-

371 1535 497 1557 scamus
527 1523 634 1562 itaque
666 1522 748 1552 hanc
779 1521 870 1553 nobis
898 1521 1043 1552 innatam
1074 1519 1264 1555 socordiam,
1293 1522 1329 1548 ut
1354 1538 1355 1544 η

372 1568 434 1599 Dei
463 1565 582 1597 iudicia
611 1575 674 1596 nou
705 1563 798 1595 modo
821 1575 885 1595 non
908 1570 1030 1596 attente
1053 1569 1089 1594 ut
1111 1563 1202 1594 dccet
1224 1560 1328 1593 consi-

369 1610 528 1644 deremus),
561 1614 592 1639 et
620 1618 659 1638 ex
690 1607 730 1638 iis
760 1606 800 1638 ad
829 1607 966 1638 salutem
995 1607 1137 1646 aspirare
1167 1612 1199 1636 et
1228 1603 1329 1644 ipsius
1354 1627 1356 1643 ,

368 1654 450 1684 iram
470 1657 614 1682 metuere
633 1650 804 1687 discamus,
831 1649 886 1681 sed
905 1656 1017 1681 contra
1036 1655 1167 1688 repente
1187 1648 1329 1682 effluant,
1354 1658 1355 1663 ¹

371 1700 403 1727 et
436 1704 477 1725 ex
510 1693 574 1724 illis
609 1692 730 1724 nullam
764 1693 937 1724 utilitatem
968 1692 1191 1733 percipiamus.
1242 1689 1330 1721 Hinc

371 1738 493 1769 factum
524 1741 561 1766 ut
591 1735 727 1775 populus
750 1735 949 1767 Israeliticus
977 1746 1042 1766 non
1066 1732 1331 1765 animadverterit
1355 1733 1357 1749 ¹·

372 1780 480 1812 saulis
499 1785 663 1818 stuporem
683 1788 701 1809 a
724 1777 833 1809 divino
855 1778 971 1810 iudicio
993 1787 1141 1808 manare:
1165 1782 1197 1807 et
1219 1785 1330 1806 omnes

371 1822 607 1862 obstupuerint,
639 1821 707 1851 Deo
738 1821 812 1852 licet
841 1832 904 1852 uon
935 1821 1032 1852 dubia
1055 1821 1149 1859 signa
1171 1817 1330 1849 vindictae
1356 1834 1357 1838 =

370 1876 446 1897 suae
477 1865 721 1895 demonstrante
751 1863 905 1896 adversus
927 1874 1036 1904 regem
1061 1863 1204 1899 Saulem,
1227 1862 1273 1892 ita
1296 1864 1332 1890 ut

371 1909 427 1940 illa
457 1918 522 1938 non
550 1912 626 1937 aute
649 1907 883 1946 perspexerint,
913 1917 1009 1947 quam
1033 1904 1081 1936 illi
1105 1905 1202 1935 alium
1227 1913 1331 1935 surro-

372 1957 489 1992 gasset.
534 1950 690 1989 Magnam
713 1954 820 1980 autem
843 1954 949 1981 metus
971 1949 1168 1980 occasionem
1192 1947 1330 1977 oblatam
1356 1961 1357 1984 l

373 1993 490 2034 populo
520 1998 642 2024 eertum
673 1997 731 2030 est,
762 2002 825 2023 non
855 1998 981 2023 tantum
1012 1990 1097 2031 quod
1121 1989 1255 2021 Goliath
1277 1989 1331 2020 ille

374 2037 466 2077 gigas
496 2041 686 2075 provocaret
709 2035 872 2066 Israelitas
900 2034 940 2066 ad
970 2034 1136 2074 singulare
1159 2038 1331 2067 certamen,

373 2079 413 2110 ad
441 2079 532 2110 cuius
561 2078 665 2109 solum
695 2082 902 2118 conspectum
931 2087 1042 2110 omnes
1065 2076 1248 2111 horrebant,
1277 2074 1332 2105 scd

374 2122 468 2153 etiam
500 2120 585 2161 quod
617 2120 790 2152 verisimile
814 2121 857 2152 sit
877 2120 1131 2152 Philistaeorum
1154 2118 1330 2149 exercitum

374 2165 472 2195 fuisse
516 2164 832 2201 numerosissimum,
877 2174 974 2203 quum
1016 2168 1112 2194 antea
1155 2159 1333 2192 viderimus
1358 2193 1359 2196 Ἰ

375 2207 569 2238 Philistaeos
609 2207 640 2236 in
683 2207 826 2237 exercitu
868 2206 1018 2237 habuisse
1057 2204 1192 2245 triginta
1231 2202 1332 2233 millia
1357 2203 1359 2240 l,

374 2259 539 2285 curruum,
564 2254 595 2279 ct
618 2260 674 2279 sex
698 2249 799 2280 millia
822 2250 975 2288 equitum,
998 2247 1122 2288 pedites
1145 2256 1220 2278 vero
1243 2250 1333 2275 tanta
1356 2241 1359 2262 ³

374 2291 583 2323 multitudine
611 2297 649 2322 ut
678 2297 786 2323 essent
816 2293 898 2323 sicut
928 2301 1026 2323 arena
1049 2299 1128 2330 quae
1152 2294 1202 2320 est
1224 2288 1257 2318 in
1281 2287 1331 2317 lit-

375 2341 444 2366 tore
464 2335 571 2366 maris.
603 2334 698 2365 Nunc
717 2336 825 2375 itaque
844 2345 942 2375 quum
966 2332 1219 2373 redintegrariut
1241 2340 1333 2361 exer-

375 2379 484 2414 citum,
521 2377 694 2408 verisimile
727 2383 776 2408 est
810 2378 958 2418 ingentes
991 2376 1062 2407 illos
1089 2384 1198 2407 secum
1227 2363 1361 2412 copiasl

375 2420 517 2457 duxisse,
547 2424 583 2450 ut
611 2430 675 2451 non
704 2421 865 2452 immerito
895 2419 1031 2461 populus
1059 2418 1102 2450 sit
1123 2416 1279 2448 attonitus
1301 2420 1333 2445 ct

375 2462 624 2502 obstupefactus.

460 2505 640 2536 Accedebat
652 2505 691 2537 ad
709 2510 832 2537 metum
848 2505 939 2536 illum
958 2511 989 2536 et
1011 2512 1174 2536 summum
1197 2499 1334 2532 dedecus

376 2554 407 2578 et
428 2548 631 2586 contumelia,
660 2559 761 2588 quum
785 2549 824 2580 ad
847 2547 1011 2588 singulare
1034 2552 1195 2578 certamen
1219 2552 1333 2583 provo·
1357 2554 1359 2588 2

376 2596 499 2626 cantur,
530 2597 562 2621 et
593 2590 730 2622 ludibrio
762 2591 922 2622 habentur
951 2589 1127 2630 phalanges
1149 2586 1259 2623 Israel,
1289 2584 1334 2626 gi·
1358 2594 1359 2621 ς

376 2637 470 2673 ganto
490 2633 544 2664 illo
564 2640 761 2674 proponente
784 2634 860 2674 ipsis
883 2634 1008 2673 iniquas
1031 2633 1118 2673 leges
1140 2629 1332 2666 certaminis,
1356 2627 1359 2662 l

1204 185 1407 218 HOMILIA
1432 186 1506 217 LX.

2283 189 2343 220 192

1378 282 1428 313 his
1441 281 1562 312 verbis:
1590 280 1692 319 Quare
1716 281 1840 311 venistis
1858 280 1968 318 parati
1989 279 2032 310 ad
2050 280 2232 320 praelium?
2252 292 2344 313 num·

1376 324 1453 364 quid
1485 332 1539 363 eyo
1568 332 1629 354 non
1656 332 1725 354 sum
1758 322 1960 361 Philistaeus,
1989 326 2016 353 et
2045 332 2097 354 vos
2126 324 2207 354 servi
2238 322 2342 356 Saul?

1377 367 1494 407 Eliyite
1512 376 1548 396 ez
1565 364 1648 396 vobis
1670 366 1781 401 virum,
1805 368 1831 395 et
1853 365 2013 396 descendat
2035 365 2077 396 ad
2098 365 2258 405 sinqulare
2279 376 2341 398 cer-

1376 413 1493 441 tamen:
1515 409 1544 439 si
1567 408 1701 447 quiverit
1713 418 1857 447 puynare
1876 417 2002 446 mecum,
2026 410 2052 438 el
2072 409 2261 446 percusserit
2283 419 2339 448 me,

1376 452 1494 483 erimus
1515 450 1599 481 vobis
1619 450 1716 481 servi.-
1738 451 1767 482 si
1789 453 1891 481 autem
1912 460 1963 489 eye
1980 450 2197 490 praevaluero,
2221 453 2248 481 et
2265 461 2340 491 per-

1376 504 1498 526 cussero
1515 503 1593 531 eum,
1616 502 1669 523 vos
1685 492 1767 524 servi
1789 493 1885 530 eritis,
1909 496 1937 523 et
1958 493 2098 523 servietis
2120 492 2216 524 nobis.
2252 492 2339 526 Sane

1378 537 1590 568 vehementer
1634 535 1706 566 illos
1746 535 1887 576 oportuit
1929 535 1997 566 istis
2038 535 2339 576 exprobrationibus

1378 578 1584 615 commoveri,
1615 582 1648 608 et
1677 583 1800 608 tautam
1832 578 1970 609 hominis
1996 578 2181 609 iactantiam
2205 579 2339 618 gravius

1378 629 1411 653 ct
1447 622 1589 661 iniquius
1626 620 1710 652 ferre
1740 631 1836 660 quam
1866 621 1969 660 ipsum
2000 621 2114 652 mortis
2143 621 2341 661 periculum:

1378 675 1477 705 quum
1508 662 1696 704 praesertim
1727 663 1835 694 nullus
1858 663 1891 694 iu
1916 670 1980 694 toto
2004 663 2223 694 Israelitarum
2248 674 2341 696 exer—

1378 708 1445 739 citu
1464 717 1532 737 sese
1552 705 1591 736 ad
1611 712 1775 736 certamen
1795 705 1950 737 adversus
1973 705 2138 746 gigantem
2160 705 2251 737 illum
2275 707 2340 739 iac-

1380 749 1555 780 tabundum
1569 749 1708 780 offerret.
1743 748 1786 779 Et
1803 759 1880 779 saue
1899 749 1969 788 quis
1989 759 2051 779 nou
2071 748 2157 780 illius
2175 755 2338 788 aspectum

1381 793 1535 828 horreret,
1557 801 1651 831 quem
1671 801 1713 822 ex
1734 791 1986 822 circumstantiis
2009 791 2157 831 siugulis,
2184 801 2266 830 quae
2289 792 2342 824 hic

1380 834 1616 872 describuntur,
1639 833 1836 864 horrendum
1860 834 1956 865 fuisse
1980 833 2135 873 apparet?
2170 833 2255 864 Nam
2267 835 2341 875 quis

1381 888 1446 909 non
1476 877 1515 908 ad
1544 882 1612 907 tam
1636 877 1778 907 enormis
1807 882 1950 908 staturae
1981 876 2171 916 adspectum
2201 882 2233 907 et
2261 876 2341 910 tales

1381 921 1486 951 minas
1516 925 1601 950 totus
1631 918 1855 950 cohorrescat?
1885 918 1967 950 adde
1997 920 2178 950 universam
2202 919 2270 950 eius
2294 930 2344 951 ar—

1381 968 1559 1000 maturam,
1611 961 1737 1001 galeam
1777 971 1918 1000 aeream,
1959 961 2089 992 loricam
2130 966 2341 1001 squamatam,

1382 1006 1473 1037 cuius
1504 1004 1630 1045 pondus
1661 1010 1732 1034 erat
1761 1004 1902 1044 quinque
1932 1004 2035 1035 millia
2064 1004 2217 1036 siclorum
2247 1005 2340 1044 aeris,

1381 1049 1542 1089 clypeum,
1572 1056 1681 1078 ocreas
1705 1056 1824 1083 aereas,
1847 1052 1879 1078 et
1901 1047 2026 1087 reliqua
2049 1057 2130 1087 qnae
2154 1047 2250 1078 fidem
2273 1057 2340 1079 om·

1381 1102 1455 1122 nem
1486 1100 1638 1130 superare
1668 1089 1828 1120 videntur.
1875 1089 2022 1130 Denique
2046 1090 2180 1121 Goliath
2211 1089 2343 1122 videtur

1354 1134 1356 1141 ’
1381 1144 1451 1166 esse
1474 1134 1578 1164 instar
1601 1132 1690 1172 rupis
1713 1131 1890 1170 cuiusdam,
1913 1132 1953 1163 ad
1977 1142 2073 1173 quam
2097 1132 2286 1164 aecedentes
2307 1133 2341 1164 in

1381 1177 1481 1217 ipsius
1510 1182 1701 1216 potestatem
1725 1175 1854 1206 venturi
1878 1174 2007 1211 fuerint,
2033 1185 2068 1206 ac
2093 1175 2226 1215 proinde
2250 1175 2345 1207 vehe-

1382 1226 1508 1251 menter
1537 1217 1681 1258 singulos
1711 1217 1874 1253 terruisse,
1903 1222 1939 1248 ut
1959 1228 2066 1250 coram
2091 1219 2158 1258 ipso
2182 1227 2248 1248 non
2272 1218 2342 1250 ausi

1382 1263 1447 1293 sint
1478 1261 1661 1293 subsistere.
1707 1260 1861 1299 Magnam
1884 1270 1960 1291 sane
1985 1261 2049 1291 vim
2074 1260 2258 1292 habuerunt
2280 1261 2345 1293 ista

1383 1305 1424 1337 ad
1453 1303 1676 1335 Israelitarnm
1707 1303 1833 1334 animos
1857 1302 2050 1334 deiiciendos
2073 1310 2105 1334 et
2127 1303 2159 1334 in
2184 1304 2342 1335 montium

1382 1347 1514 1379 latebris
1553 1345 1774 1383 occultandos,
1814 1345 1913 1376 donec
1952 1346 2209 1385 inexspectatum
2252 1346 2343 1378 Deus

1383 1390 1541 1422 auxilium
1575 1388 1737 1420 Davidem
1771 1388 1922 1419 mitteret.
1974 1387 2118 1428 Dignum
2153 1388 2342 1429 exemplum

1383 1433 1466 1474 quod
1483 1442 1610 1472 semper
1629 1440 1702 1463 ante
1721 1430 1829 1462 oculos
1849 1441 2013 1471 ponamus,
2033 1436 2067 1462 ut
2080 1430 2150 1462 Deo
2169 1442 2229 1463 nos
2247 1432 2342 1463 casti-

1382 1487 1460 1517 gare
1489 1475 1618 1507 volente
1649 1474 1890 1505 meminerimus
1919 1474 2207 1505 comminationum
2228 1473 2341 1514 ipsius,

1382 1520 1451 1550 fore
1482 1518 1636 1549 nimirum
1667 1522 1703 1547 ut
1732 1521 1906 1556 autequam
1934 1515 2042 1548 hostes
2073 1526 2131 1548 nos
2162 1516 2343 1548 invaserint

1382 1567 1575 1599 metuamus,
1605 1566 1638 1591 et
1659 1564 1832 1599 antequam
1854 1559 1953 1590 ictum
1977 1558 2124 1590 dederint
2153 1559 2255 1591 victos
2283 1570 2342 1591 nos

1383 1606 1550 1635 fateamur.
1597 1602 1651 1634 Sic
1679 1603 1766 1634 enim
1789 1602 1896 1633 Moses
1919 1601 1958 1633 de
1980 1601 2043 1633 Dei
2069 1601 2212 1633 vindicta
2234 1602 2267 1633 in
2291 1612 2342 1634 re-

1383 1647 1497 1679 bellem
1528 1646 1681 1686 populum
1710 1645 1844 1684 loquens
1874 1645 1931 1675 ait:
1966 1644 2119 1683 Quomodo
2139 1647 2344 1684 persequatur

1381 1700 1464 1722 unus
1481 1689 1572 1728 mille,
1597 1691 1624 1720 et
1641 1688 1701 1720 duo
1721 1688 1864 1728 fuyarent
1885 1687 1984 1719 decem
2005 1687 2133 1718 millia?
2156 1697 2254 1719 mnne
2275 1688 2343 1720 ideo

1381 1734 1456 1773 quia
1483 1732 1570 1763 Deus
1598 1741 1677 1763 suus
1705 1730 1842 1762 vendidit
1869 1740 1932 1768 eos,
1961 1732 1986 1760 et
2014 1729 2170 1762 Dominus
2198 1730 2344 1762 conclusit

1355 1793 1357 1799 ·
1382 1775 1477 1808 illos?
1521 1775 1573 1806 Ex
1603 1774 1718 1814 quibus
1748 1773 1901 1804 discimus
1923 1773 1969 1803 ita
1991 1772 2024 1803 in
2051 1773 2111 1804 Dei
2136 1773 2251 1804 timore
2274 1783 2342 1805 am-

1382 1817 1570 1853 bulandum,
1604 1821 1640 1848 ut
1673 1827 1745 1848 cum
1779 1815 1881 1847 Paulo
1916 1815 2060 1855 apostolo
2094 1816 2209 1847 merito
2238 1815 2343 1848 dicere

1382 1861 1556 1901 possimus:
1581 1859 1617 1891 Si
1633 1859 1723 1891 Deus
1740 1868 1799 1898 pro
1820 1857 1917 1895 nobis,
1939 1858 2010 1897 quis
2032 1861 2136 1890 contra
2158 1858 2239 1890 nos?
2271 1859 2342 1890 Imo

1383 1904 1433 1935 vel
1462 1904 1546 1944 ipsos
1568 1902 1711 1934 diabolos
1733 1900 1845 1932 subiici
1869 1901 1959 1932 nobis
1982 1907 2117 1940 oportet.
2165 1900 2229 1933 sed
2252 1902 2278 1933 si
2303 1901 2342 1934 ab

1383 1946 1482 1987 ipsius
1501 1946 1589 1977 cultu
1612 1945 1847 1981 recesserimus,
1871 1944 1903 1974 in
1927 1953 1964 1974 eo
1987 1943 2081 1974 talem
2106 1944 2343 1976 contumaciam

1383 1988 1596 2026 ostendemus,
1627 1993 1662 2019 ut
1691 1987 1750 2027 ipsi
1775 1986 1892 2018 bellum
1914 1985 2034 2017 inferre
2058 1986 2141 2018 velle
2164 1987 2343 2024 videamur,

1383 2039 1416 2063 et
1437 2031 1658 2063 adversarium
1683 2031 1786 2070 ipsum
1810 2028 1936 2060 habere.
1981 2028 2102 2068 Ecquis
2125 2040 2201 2060 vero
2224 2035 2343 2061 morta·

1384 2075 1462 2106 lium
1492 2074 1593 2114 ipsius
1618 2072 1802 2104 fortitudini
1825 2077 1856 2103 et
1878 2072 2041 2112 potentiae
2065 2071 2218 2103 resistat?
2264 2072 2342 2112 Nae,

1385 2117 1433 2149 vel
1468 2117 1546 2157 ipsis
1577 2116 1697 2147 muscis
1725 2114 1776 2147 vel
1806 2115 1937 2146 insectis
1967 2113 2138 2145 adversum
2167 2125 2226 2146 nos
2257 2114 2344 2146 vires

1383 2158 1618 2200 suppeditabit,
1648 2169 1667 2190 a
1696 2157 1822 2198 quibus,
1855 2157 1914 2188 etsi
1944 2157 2005 2188 viri
2037 2157 2134 2188 fortes
2165 2157 2342 2195 videamur,

1384 2203 1532 2234 facillime
1566 2201 1773 2232 debellemur.
1828 2199 1922 2239 Quod
1953 2199 1979 2231 si
2009 2199 2166 2231 adversus
2196 2199 2344 2232 homines

1384 2244 1595 2285 pugnandum
1625 2243 1694 2281 erit,
1725 2243 1784 2274 etsi
1815 2242 1907 2284 pauci
1931 2242 2005 2282 sint,
2029 2242 2118 2273 Deus
2142 2248 2249 2273 tamen
2272 2253 2343 2283 per-

1385 2289 1489 2319 mittet
1519 2292 1555 2318 ut
1584 2297 1656 2318 cum
1685 2296 1810 2317 summo
1840 2284 1993 2316 dedecore
2015 2285 2049 2315 in
2073 2285 2214 2324 ipsorum
2238 2290 2343 2326 potes-

1384 2336 1480 2360 tatem
1502 2329 1683 2361 veniamus:
1708 2328 1844 2368 denique
1862 2327 2033 2368 incognitis
2052 2327 2144 2359 n‹›bis
2164 2327 2343 2360 rationibus

1384 2374 1428 2403 sic
1443 2371 1621 2413 castigabit,
1641 2376 1677 2402 ut
1695 2371 1784 2402 nulla
1802 2381 1861 2401 nos
1880 2370 2024 2401 humana
2042 2370 2202 2410 praesidia
2219 2370 2341 2408 iuvent,

1384 2426 1448 2445 non
1475 2425 1576 2455 reges,
1608 2424 1672 2445 non
1702 2414 1872 2454 principes,
1895 2412 1970 2444 licet
1992 2413 2026 2443 in
2051 2413 2142 2444 bellis
2165 2413 2342 2451 exercitati,

1384 2468 1447 2488 non
1466 2457 1719 2497 propugnacula,
1743 2456 1832 2487 nulla
1851 2455 1987 2495 denique
2006 2455 2055 2486 vis
2075 2455 2218 2486 humana
2240 2455 2342 2496 possit

1385 2499 1539 2531 adversus
1562 2499 1625 2530 Dei
1655 2500 1795 2531 furorem
1818 2497 1974 2530 auxilium
2000 2498 2089 2529 ferre.
2137 2497 2342 2538 Quapropter

1384 2552 1422 2573 ex
1443 2543 1511 2574 istis
1536 2543 1742 2579 retineamus,
1766 2547 1887 2572 metum
1910 2540 2000 2571 illum
2024 2541 2188 2579 ingentem
2212 2541 2342 2573 Israeli-

1385 2591 1489 2615 tarum
1521 2584 1620 2616 fuisse
1645 2585 1762 2616 iustam
1786 2593 1805 2615 a
1827 2584 1896 2615 Deo
1918 2583 1997 2624 ipsis
2020 2584 2177 2615 inflictam
2200 2583 2340 2624 punitio—

1386 2637 1467 2658 nem.
1520 2627 1667 2668 Namque
1703 2627 1831 2658 fuerant
1859 2625 2043 2658 audaciores
2072 2625 2199 2667 quando
2228 2630 2260 2657 et
2286 2625 2343 2657 ubi
