2551 3044
335 194 397 226 3:23

333 287 436 319 idola:
461 297 542 326 quae
565 292 687 317 certum
712 290 759 316 est
784 284 944 316 Davidem
969 296 1033 316 non
1060 285 1157 316 fuisse
1182 286 1296 317 tolera-

336 338 456 361 turum.
509 329 657 359 lacobum
696 327 822 368 quidem
859 338 935 358 sane
968 328 1115 359 videmus
1146 328 1298 360 Rachelis

336 373 446 403 uxoris
477 382 583 402 amore
609 371 706 401 nimio
732 378 1007 411 [ιιιιυῡοοιηηιιιιιιιΙ
1040 370 1194 410 quasdam
1219 371 1298 402 ima-

336 416 426 455 gines
447 414 530 444 domi
552 424 627 444 suae
647 414 684 443 ad
707 420 833 452 tenipus
855 413 1058 446 toleravisse:
1084 423 1165 453 quae
1185 413 1299 445 deinde

339 457 486 488 videmus
525 456 614 486 illum
652 456 831 490 sustuli-se,
870 456 1066 495 domumque
1102 467 1191 487 suam
1229 457 1298 487 istis

336 499 485 530 sordibus
529 509 734 539 expurgasse,
786 509 884 538 quum
932 505 1001 538 post
1046 499 1297 530 §iehemitarum

337 550 504 573 cruentam
544 542 631 571 illam
661 542 788 572 caedem
821 542 879 572 sibi
912 547 1078 572 metueret.
1124 541 1189 572 Sed
1220 553 1298 581 quo-

338 585 423 615 niam
460 595 563 623 neque
599 583 782 614 Micholam
819 595 919 623 neque
954 583 1051 614 alium
1087 584 1188 614 ullum
1224 593 1298 615 tunc

338 628 490 666 temporis
523 626 659 665 legimus
691 627 721 656 iu
755 626 874 656 Isi-acle
905 627 1184 666 superstitionibus
1207 638 1298 658 oceu-

338 676 449 709 patum
485 670 591 705 fuisse,
633 680 695 699 non
731 678 777 699 est
815 669 988 700 verisimile
1024 669 1196 700 Micholam
1233 669 1298 700 ulla

337 712 423 743 idola
446 713 591 744 coluisse.
615 718 645 742 et
668 722 729 742 nou
756 711 887 742 dubium
908 719 957 742 est
975 713 1051 752 quin
1072 712 1152 743 Saul
1173 711 1299 743 divinos
1325 721 1327 726 ¹

338 760 370 786 et
393 756 608 785 incantatores
633 755 671 785 de
696 754 799 784 medio
823 755 930 794 populi
952 755 1076 790 tollens,
1102 763 1131 785 et
1151 755 1212 785 alia
1232 755 1298 785 ido·

340 797 482 828 lolatrica
513 797 736 835 instrumenta,
765 798 860 828 etiam
886 797 969 828 idola
991 798 1035 828 sic
1059 797 1234 834 sustulerit,
1265 805 1300 828 ut

340 840 448 870 nullus
472 850 582 869 eorum
607 850 683 870 usus
707 840 815 870 fuerit.
862 838 925 871 Sed
950 840 1121 871 simulacra
1145 840 1298 879 quaedam

339 889 368 913 et
393 890 518 913 statuae
543 883 581 912 ad
606 889 753 913 ornatum
775 882 882 913 haberi
903 889 1084 923 potuerunt,
1108 889 1142 913 ut
1163 883 1299 922 plerum-

338 936 400 965 que
423 925 523 955 solent
549 925 728 955 istiusmodi
755 925 884 956 ludicris
909 926 1053 956 homines
1078 925 1238 965 delectari,
1270 933 1299 956 et
1326 937 1328 945 ¹

339 968 371 998 in
402 967 601 1007 supellectile
630 968 750 998 multas
781 968 960 999 istiusmodi
995 968 1114 999 formas
1137 969 1299 1008 effingere,

338 1020 420 1050 quae
452 1011 502 1040 vel
527 1010 559 1040 in
585 1010 666 1040 aulis
691 1011 740 1040 vel
766 1011 798 1041 in
823 1011 939 1041 tabulis
961 1011 1165 1042 collocentur.

338 1054 469 1083 fuerunt
494 1053 592 1093 igitur
615 1053 798 1092 Tcraphim,
822 1060 875 1084 aut
898 1059 1008 1084 statua
1032 1053 1085 1084 illa
1111 1054 1148 1083 de
1167 1064 1228 1092 qua
1249 1053 1299 1084 hic

340 1097 375 1126 fit
399 1097 529 1126 mentio.
576 1094 667 1134 Quae
692 1106 768 1126 vero
791 1095 830 1126 de
853 1095 934 1136 pelle
957 1097 1088 1135 caprina
1112 1096 1300 1133 recitantur,

339 1148 401 1177 qua
421 1144 562 1168 statuam
583 1138 671 1168 illam
692 1138 810 1169 Michol
829 1138 976 1176 involvit,
1001 1149 1040 1169 ne
1063 1145 1169 1169 statua
1194 1138 1301 1179 lignea

340 1180 390 1211 vel
419 1191 513 1211 aerea
543 1180 794 1221 dignosceretur,

339 1223 494 1254 momenti
536 1230 568 1253 ut
612 1224 650 1254 de
690 1223 752 1254 illis
793 1223 1001 1254 laborandum
1040 1225 1090 1254 sit.

340 1308 512 1339 verisimile
542 1315 588 1339 est
620 1309 716 1338 t‘uisse
744 1316 890 1339 ornatum
921 1309 1058 1348 aliquem
1084 1309 1165 1346 lecti,
1201 1309 1300 1339 veluti

337 1350 490 1387 fimbrias,
524 1350 572 1381 vel
597 1351 660 1381 talc
684 1351 810 1391 aliquod
837 1358 1076 1389 ornamentum,
1107 1362 1143 1383 ac
1168 1350 1300 1391 proinde

338 1393 416 1424 satis
440 1400 487 1424 est
511 1393 592 1433 quod
617 1393 735 1424 scimus
761 1393 935 1424 Micholam
958 1393 1137 1425 istiusmodi
1158 1401 1299 1425 statuam
1327 1411 1328 1414 =

338 1435 516 1466 involvisse
548 1435 629 1475 pelle
664 1436 718 1465 illa
748 1436 784 1466 ad
820 1436 927 1468 hostes
959 1435 1096 1467 Davidis
1125 1436 1300 1468 eludendos

337 1486 369 1509 et
388 1488 509 1508 moram
529 1478 728 1515 nectendam,
753 1489 815 1518 qua
829 1478 947 1510 Davidi
962 1479 1056 1519 fugae
1069 1479 1299 1510 consuleretur.

339 1520 402 1551 Hie
435 1520 593 1551 Micholae
625 1521 715 1551 dolus
739 1521 806 1555 suit,
841 1531 902 1561 quo
928 1521 1081 1552 retardati
1105 1527 1180 1553 sunt
1203 1522 1299 1553 satel-

338 1563 411 1594 lites
441 1574 459 1594 a
483 1563 702 1603 persequendo
726 1563 871 1594 Davide:
901 1564 954 1603 qui
978 1564 1036 1595 fuit
1061 1565 1194 1604 ipsemet
1217 1565 1300 1605 peri-

337 1605 482 1638 culosus:
512 1616 586 1636 nam
612 1606 760 1646 deinceps
784 1606 828 1637 illi
854 1611 977 1647 patrem
1003 1607 1146 1647 graviter
1169 1617 1299 1639 suecen-

337 1649 440 1680 suisse
471 1648 666 1680 videbimus:
701 1649 755 1680 sed
787 1649 842 1679 illa
873 1650 921 1680 sui
950 1649 1049 1680 oblita
1071 1650 1180 1680 mariti
1204 1650 1300 1682 saluti

337 1690 534 1722 consulebat.
587 1691 638 1721 Ex
678 1701 741 1731 quo
779 1698 912 1740 apparet
954 1702 1016 1722 non
1052 1697 1176 1723 tantum
1212 1703 1302 1724 amor

337 1733 424 1764 illius
449 1734 480 1763 in
504 1733 672 1772 Davidem,
695 1734 749 1765 sed
775 1735 870 1765 etiam
895 1733 1066 1774 prudentia
1090 1741 1121 1765 et
1144 1736 1248 1775 gratia
1266 1735 1300 1766 in

336 1774 539 1816 procuranda
562 1759 672 1807 mariti
692 1776 804 1814 salute,
830 1787 911 1817 quae
934 1777 1112 1817 singularia
1136 1777 1196 1809 Dei
1219 1777 1302 1809 dona

337 1820 475 1849 fuerunt.
521 1818 729 1859 Quapropter
757 1829 815 1850 nos
843 1819 918 1851 hinc
942 1820 1038 1850 etiam
1062 1830 1300 1860 cognoscamus,

338 1861 455 1898 Deum,
488 1861 514 1891 si
539 1861 570 1891 in
605 1871 659 1893 eas
692 1861 900 1893 difficultates
930 1862 1138 1893 inciderimus
1166 1863 1300 1903 utquid

338 1903 430 1934 nobis
458 1903 538 1934 utile
568 1904 608 1933 sit
639 1914 703 1935 non
727 1905 990 1944 praeviderimus,
1022 1906 1162 1936 rationes
1185 1916 1301 1946 suppe-

337 1946 514 1977 ditaturum
543 1945 658 1985 quibus
681 1947 776 1977 etiam
802 1953 928 1987 piaeter
952 1953 1094 1979 nostram
1118 1949 1300 1988 opinionem

337 1997 369 2020 et
417 1989 689 2028 exspect-itionem
734 1989 825 2020 nobis
855 1990 1069 2021 consulamus.
1115 1990 1203 2022 Sane
1237 2001 1301 2022 non

338 2032 428 2063 decet
468 2042 526 2062 nos
564 2042 644 2071 quae
678 2031 769 2063 nobis
804 2033 984 2063 necessaria
1017 2038 1094 2064 sunt
1128 2033 1300 2074 negligere,

339 2081 560 2105 verumtamen
587 2074 672 2106 hunc
696 2074 850 2106 honorem
878 2075 946 2106 Deo
970 2074 1113 2106 tribuere
1137 2076 1299 2113 debemus,
1327 2084 1329 2095 l

338 2124 374 2148 ut
398 2117 498 2147 nostri
522 2127 631 2147 curam
657 2118 685 2148 ei
706 2118 940 2158 permittamus.
965 2128 1102 2158 eumque
1122 2118 1195 2149 boni
1215 2125 1301 2149 auto-

338 2170 405 2191 rem
436 2169 661 2200 agnoscamus:
692 2170 788 2200 quem
817 2170 893 2191 sane
924 2160 974 2192 vel
1007 2161 1110 2192 invita
1133 2160 1299 2192 hominum
1326 2159 1328 2187 ἶ

338 2202 461 2233 malitia
498 2202 557 2233 sibi
593 2208 739 2234 reservat
766 2202 932 2234 honorem.
978 2203 1062 2234 Nam
1092 2213 1184 2244 saepe
1216 2204 1298 2244 apud

338 2256 396 2276 nos
432 2244 506 2284 quid
546 2244 694 2284 expediat
729 2246 837 2276 animo
874 2252 1051 2284 versantes,
1086 2247 1300 2286 praeterimus

339 2287 423 2328 quod
463 2294 530 2318 erat
565 2288 846 2324 consultissimum,
893 2295 922 2318 et
957 2289 1002 2319 ita
1035 2289 1231 2320 caecutimus
1264 2295 1301 2320 ut

338 2331 412 2370 quid
447 2331 597 2370 expediat
632 2341 693 2361 non
728 2331 1034 2368 animadvertamus,
1076 2342 1173 2372 quum
1211 2332 1300 2363 Deus

340 2381 501 2403 momento
522 2374 553 2403 in
576 2374 659 2404 viam
681 2373 813 2405 reducit.
841 2381 873 2405 et
893 2373 968 2413 quid
988 2374 1199 2414 sequendum,
1223 2375 1298 2414 quid

338 2415 530 2456 fugiendum
561 2416 602 2446 sit
631 2416 731 2448 docet.
776 2416 865 2447 Idem
891 2416 1024 2448 Micholi
1047 2417 1216 2458 contigisse
1240 2417 1299 2450 hoc

340 2458 409 2490 loco
433 2464 575 2499 apparet,
605 2459 636 2489 in
668 2470 730 2499 qua
760 2460 796 2490 fit
819 2459 910 2490 nobis
933 2459 988 2490 illa
1011 2459 1072 2491 Dei
1097 2460 1202 2500 gratia
1225 2470 1300 2491 con-

339 2501 460 2542 spicua.
503 2501 587 2532 Nam
610 2501 665 2532 illa
687 2501 815 2542 quidem
837 2506 978 2533 statuam
1000 2502 1035 2533 in
1058 2501 1195 2534 Davidis
1217 2501 1299 2535 lecto

340 2545 456 2584 posuit,
490 2550 521 2575 et
553 2544 687 2575 eandem
721 2545 771 2576 vel
807 2545 937 2585 caprina
965 2545 1047 2585 pelle
1076 2544 1127 2576 vel
1157 2545 1230 2585 pilis
1252 2545 1298 2577 sic

340 2587 484 2625 involvit,
509 2591 544 2617 ut
566 2587 763 2628 aegrotantis
786 2588 924 2628 speciem
947 2588 1074 2625 referat,
1098 2588 1152 2628 qui
1176 2587 1227 2619 vel
1246 2587 1296 2619 in-

341 2629 450 2661 ducias
485 2635 585 2671 roget,
622 2630 670 2661 vel
700 2630 846 2671 sepulcro
877 2631 1043 2672 proximus
1072 2630 1230 2670 videatur,
1260 2640 1297 2662 ac

1151 190 1350 224 HOMILIA
1374 190 1499 224 LXXI.

1210 1011 1300 1041 Talia
1326 1005 1327 1035 l

834 1181 915 1211 levia
945 1188 1027 1217 sunt2
1065 1188 1097 1211 et
1127 1192 1187 1211 non
1220 1182 1299 1212 tanti
1326 1202 1328 1207 ·

1134 1223 1299 1255 Incertum
1326 1226 1328 1236 ²

339 1267 424 1296 enim
460 1265 498 1296 ad
534 1276 628 1305 quani
666 1276 730 1296 rem
768 1266 857 1305 pellis
888 1266 942 1296 illa
967 1266 1062 1297 fuerit
1087 1267 1168 1304 usui,
1203 1270 1328 1306 quare¹

2249 194 2312 225 324

1324 288 1476 337 *reliqua
1511 289 1633 319 curz‘uit
1668 294 1702 319 ut
1738 287 1892 325 videmus,
1926 287 1981 319 sed
2015 288 2083 319 Deo
2106 288 2310 329 prudentiam

1352 332 1412 370 ipsi
1437 331 1622 370 inspirante.
1669 330 1778 369 Quare
1803 340 1866 361 non
1891 330 2103 362 dubitandum
2123 332 2200 371 quin
2220 331 2312 364 nobis

1324 385 1325 405 1
1352 373 1440 404 Deus
1471 373 1639 404 consilium
1670 379 1834 413 suggerat,
1866 373 1898 403 in
1930 374 2024 405 rebus
2048 373 2196 414 angustis
2218 374 2311 414 quale

1351 425 1382 447 et
1418 416 1544 456 quando
1577 415 1746 446 videbitur.
1793 415 1874 453 Etsi,
1903 423 1937 446 ut
1969 417 2167 457 praemonui,
2192 426 2312 456 nequa-

1352 470 1446 498 quam
1483 459 1552 488 ideo
1587 468 1644 488 nos
1678 468 1746 488 csse
1777 464 1902 498 oportet
1930 468 2044 500 segnes
2074 459 2107 490 in
2138 459 2176 490 iis
2199 469 2312 499 procu-

1352 502 1460 532 randis
1480 511 1560 540 quae
1579 500 1669 531 utilia
1690 502 1754 531 fore
1775 500 1864 531 nobis
1883 501 2126 533 arbitrabimur:
2152 508 2183 533 et
2202 506 2312 532 tamen

1352 554 1443 574 nosse
1483 552 1511 575 et
1538 544 1646 573 testari
1682 543 1830 574 omnibus
1853 543 1946 575 dictis
1968 550 2001 576 et
2024 545 2123 579 saetis,
2159 554 2216 575 nos
2239 544 2313 575 lieet

1351 597 1462 617 omnes
1499 586 1619 626 ingenii
1658 586 1743 617 vires
1773 586 2021 626 explicuerimus
2050 588 2080 618 in
2113 587 2151 618 iis
2179 587 2312 618 investi-

1351 629 1475 670 gandis,
1505 629 1582 659 adeo
1614 637 1722 659 tamen
1745 630 1902 660 caecutire
1926 636 1961 660 ut
1983 630 2059 670 quid
2083 630 2161 661 utile
2183 630 2224 661 sit
2246 640 2313 660 non

1352 672 1657 707 animadvertamus,
1681 670 1782 702 donec
1806 671 1872 712 ipse
1897 672 1986 704 Deus
2004 672 2158 713 dissipata
2175 672 2313 713 caligine

1352 715 1460 746 oculos
1484 713 1574 744 nobis
1598 713 1730 753 aperiat,
1753 714 1835 753 quod
1859 721 2022 746 momento
2046 716 2172 746 efficiet.

1438 758 1592 796 Sequitur
1623 756 1773 797 deinceps
1802 757 1938 788 subinde
1962 758 2075 789 missos
2098 769 2117 789 a
2141 756 2238 789 Saule
2261 768 2307 789 sa‘

1326 812 1327 843 ᾗ
1353 800 1477 837 tellites,
1501 799 1553 839 qui
1579 799 1736 830 Davidem
1761 807 1980 839 aegrotantem
2001 801 2159 838 viderent,
2182 805 2213 830 et
2226 799 2266 831 ad
2278 809 2312 831 se

1353 842 1559 874 occidendum
1585 841 1790 879 adducerent,
1814 849 1845 873 et
1867 842 1996 874 tandem
2017 843 2088 874 illos
2109 853 2166 884 pro
2187 842 2313 874 Davide

1326 885 1327 906 ἶ
1353 892 1490 916 statuam
1524 884 1570 914 vel
1603 884 1754 925 ligneam,
1786 885 1834 916 vel
1866 885 2024 926 lapideam
2049 886 2215 926 reperisse.
2260 885 2313 916 Ex

1353 928 1468 968 quibus
1498 934 1629 967 apparet
1661 933 1875 967 opportunum
1901 929 1998 959 fuisse
2023 928 2176 960 Micholis
2198 928 2312 960 inven-

1326 982 1327 986 ’
1354 977 1420 1001 tum
1446 978 1475 1000 et
1500 970 1617 1006 dolum,
1642 980 1716 1000 nam
1740 971 1765 1002 si
1789 976 1915 1001 tantum
1941 982 1996 1011 per
2020 972 2194 1002 fenestram
2214 970 2312 1001 mari-

1326 1041 1327 1044 ,
1354 1019 1423 1043 tum
1454 1013 1635 1049 dimisisset,
1666 1023 1768 1052 neque
1801 1013 1919 1044 milites
1949 1014 2054 1053 specie
2077 1013 2134 1045 illa
2156 1013 2313 1052 elusisset,

1353 1065 1538 1094 moramque
1574 1055 1617 1086 ita
1650 1054 1803 1093 duxisset,
1839 1056 2020 1096 potuissent
2054 1056 2100 1087 illi
2134 1056 2312 1097 fugientem

1354 1106 1484 1138 repente
1525 1098 1673 1138 persequi
1711 1103 1744 1129 et
1775 1109 1793 1129 a
1827 1099 1879 1129 via
1908 1098 2071 1130 reducere.
2117 1098 2182 1131 Sed
2214 1108 2312 1138 quum

1353 1152 1441 1171 mora
1483 1141 1590 1179 aliqua
1632 1141 1873 1178 intercessisset,
1913 1142 2050 1173 ulterius
2085 1140 2312 1182 progrediendi

1354 1183 1471 1214 Davidi
1497 1184 1579 1214 facta
1602 1189 1649 1214 est
1672 1189 1821 1223 potestas,
1845 1191 1875 1215 et
1899 1184 2013 1215 alieubi
2033 1195 2103 1216 sese
2122 1182 2314 1222 occultandi,

1354 1238 1393 1257 ne
1424 1227 1455 1257 in
1486 1225 1622 1256 hostium
1655 1227 1914 1266 persequentium
1945 1227 2050 1267 ipsum
2080 1237 2196 1258 manus
2218 1226 2313 1258 deve-

1355 1269 1446 1300 niret.
1486 1268 1634 1308 Denique
1653 1279 1692 1299 ex
1712 1269 1782 1300 istis
1801 1275 1944 1309 apparet,
1967 1280 2031 1301 non
2050 1270 2106 1301 abs
2125 1280 2160 1300 re
2178 1269 2313 1300 Micholi

1325 1322 1372 1342 <a
1406 1312 1474 1342 Deo
1508 1311 1678 1342 eonsilium
1712 1311 1790 1343 illud
1825 1317 2024 1353 suggestum,
2057 1312 2141 1353 quod
2172 1312 2216 1343 ita
2243 1311 2314 1343 fieri

1354 1354 1528 1394 postularet
1551 1355 1744 1385 necessitas:
1775 1354 1861 1385 unde
1884 1355 2063 1396 colligimus
2087 1354 2194 1386 Deum
2217 1364 2313 1386 nosse

1355 1396 1429 1437 quid
1454 1396 1544 1427 nobis
1567 1397 1717 1436 expediat
1739 1402 1772 1428 et
1793 1397 1836 1429 sit
1859 1397 1948 1435 utile,
1971 1398 2177 1438 rationesque
2199 1397 2313 1429 salutis

1354 1450 1435 1479 quie
1465 1449 1628 1478 nunquam
1660 1440 1778 1480 alioqui
1808 1440 1901 1471 nobis
1923 1440 1957 1471 in
1985 1446 2127 1471 mentem
2153 1440 2312 1480 venirent,

1354 1483 1392 1513 ab
1416 1483 1484 1522 ipso
1502 1482 1592 1513 nobis
1611 1488 1790 1531 opportuno
1806 1487 1950 1523 tempore
1965 1482 2173 1523 suppeditari.
2208 1481 2313 1522 Saepe

1354 1525 1460 1564 itaque
1493 1524 1525 1555 in
1560 1524 1654 1556 rebus
1688 1525 1819 1557 incertis
1853 1525 1913 1557 hoc
1948 1526 1997 1557 vel
2029 1525 2110 1557 illud
2143 1525 2312 1557 consilium

1354 1568 1503 1607 capimus,
1532 1567 1615 1607 quod
1639 1568 1742 1608 primo
1765 1567 1894 1608 quidem
1917 1572 2046 1609 aspectu
2069 1568 2119 1600 vel
2142 1568 2239 1599 inane
2261 1567 2313 1600 vel

1354 1610 1522 1641 ridiculum
1553 1610 1726 1648 videretur,
1757 1611 1848 1642 euius
1877 1616 1984 1642 tamen
2015 1612 2122 1643 exitus
2144 1611 2223 1642 illud
2246 1620 2313 1642 non

1327 1687 1328 1691 Ἰ
1354 1653 1452 1684 fuisse
1485 1653 1683 1693 superfluum
1714 1658 1865 1685 testatur:
1903 1653 1957 1685 sed
1988 1664 2026 1686 ea
2053 1654 2178 1685 ratione
2205 1652 2313 1685 Deum

1353 1706 1446 1726 suum
1474 1705 1552 1736 opus
1576 1701 1671 1727 antea
1695 1696 1786 1728 nobis
1808 1696 2008 1737 incognitum
2031 1696 2212 1737 perfecisse.
2257 1695 2314 1728 Sic

1326 1737 1328 1760 ‘5
1354 1739 1491 1778 perfecta
1525 1743 1573 1770 est
1603 1738 1740 1771 Davidis
1770 1739 1916 1771 liberatio
1947 1749 1984 1771 eo
2007 1740 2140 1771 consilio
2164 1737 2249 1780 quod
2272 1749 2313 1770 ex

1326 1792 1329 1825 ὲ
1354 1786 1495 1821 tempore
1514 1781 1634 1813 Michol
1652 1782 1734 1820 iniit,
1754 1782 1906 1823 imposita
1924 1786 2032 1814 statua
2049 1783 2082 1814 in
2101 1782 2183 1814 lecto
2200 1781 2312 1822 ipsius,

1354 1828 1391 1854 ut
1419 1824 1472 1864 qui
1502 1824 1657 1856 satellites
1686 1825 1832 1865 ingressi,
1862 1830 1895 1857 et
1924 1825 2028 1865 ipsum
2059 1830 2226 1866 aegrotare
2255 1834 2314 1856 au-

1355 1866 1486 1903 dientes,
1511 1877 1643 1907 remque
1665 1867 1705 1898 ad
1730 1866 1862 1899 Saulem
1886 1867 2076 1906 deferentes,
2100 1867 2225 1899 tamdiu
2248 1876 2314 1898 mo·

1354 1919 1406 1940 ras
1435 1915 1601 1941 necterent
1635 1909 1710 1941 dum
1742 1910 1870 1951 longius
1894 1910 2001 1942 David
2025 1911 2151 1952 fugiens
2175 1909 2316 1942 hostium

1354 1958 1486 1983 conatus
1516 1952 1670 1984 eluderet.
1714 1953 1758 1984 Et
1788 1953 1848 1985 hoc
1877 1952 2006 1993 quidem
2030 1953 2140 1986 divino
2162 1952 2317 1984 instinctu

1327 2020 1329 2024 .
1354 1995 1471 2025 sactum
1495 2005 1718 2036 agnoscamus,
1741 1995 1826 2036 quod
1852 1996 1942 2027 Deus
1965 2000 2073 2027 nosset
2095 1995 2171 2036 quid
2195 1994 2316 2027 Davidi

1327 2055 1328 2066 i
1354 2037 1551 2069 conveniens
1581 2044 1612 2069 et
1641 2038 1721 2070 utile
1750 2043 1852 2070 esset:
1883 2048 1919 2070 ac
1941 2038 2076 2079 proinde
2098 2038 2170 2070 istis
2192 2036 2316 2069 artibus

1355 2079 1493 2110 voluerit
1524 2080 1631 2112 Saulis
1660 2081 1800 2112 furorem
1831 2081 1991 2122 frangere,
2026 2092 2067 2113 ne
2096 2082 2128 2112 in
2153 2079 2314 2112 Davidem

1354 2132 1394 2152 ex
1423 2123 1521 2153 animi
1551 2124 1711 2155 sententia
1733 2124 1885 2156 saeviret:
1919 2124 1974 2155 sed
1998 2123 2052 2155 ille
2075 2134 2190 2155 manus
2211 2123 2314 2163 ipsius

1354 2165 1511 2205 effugiens
1543 2171 1696 2207 tanquam
1726 2177 1744 2198 e
1773 2166 1920 2207 sepulcro
1949 2166 2152 2199 liberaretur.
2203 2165 2312 2206 Atque

1354 2208 1384 2237 in
1420 2208 1489 2239 istis
1523 2209 1713 2240 admiranda
1746 2214 1793 2241 est
1827 2209 1935 2240 divina
1969 2209 2178 2249 providentia,
2214 2212 2247 2240 et
2280 2208 2313 2239 in

1353 2257 1493 2281 nostram
1518 2251 1692 2283 utilitatem
1716 2251 1794 2284 haec
1818 2252 1963 2283 doctrina
1986 2250 2212 2284 convertenda.
2253 2250 2315 2282 Mi-

1353 2292 1452 2324 cholis
1476 2304 1661 2334 responsum
1687 2295 1719 2326 in
1744 2295 1920 2326 crastinum
1943 2294 2138 2327 differemus.

1436 2335 1505 2367 Iam
1530 2347 1606 2369 vero
1628 2337 1723 2379 agite,
1745 2340 1796 2370 etc.
