2551 3044
198 182 238 215 57

199 279 326 317 debent,
357 285 394 311 ut
425 289 488 310 non
511 279 553 310 sit
575 279 711 320 amplius
735 277 790 310 illa
813 277 1044 309 revelationum
1069 286 1155 307 nova

201 323 305 364 gratia
346 321 546 362 requirenda,
583 321 621 353 de
654 331 716 362 qua
749 321 801 352 hic
832 321 966 361 agimus
1011 319 1094 350 Nam
1128 319 1154 349 si

201 376 293 397 sacra
322 365 441 404 scripta
470 364 682 401 consulamus,
716 364 792 396 satis
815 364 848 394 in
871 363 911 394 iis
934 361 1155 393 instructionis

201 408 332 439 habebit
354 407 488 448 quisque
511 407 585 447 quid
609 407 690 438 facto
713 406 772 438 sibi
795 407 837 438 sit
859 416 938 446 opus
961 405 994 435 in
1018 415 1075 436 sua
1098 415 1155 435 vo-

201 451 335 483 catione.
380 450 422 480 Et
457 449 611 480 hactonus
641 449 725 480 dicta
754 449 814 480 ista
843 454 939 479 sunto
969 447 1008 478 de
1038 446 1155 478 veteris

201 493 287 524 illius
310 491 417 532 populi
435 502 452 522 a
472 497 582 522 nostra
600 491 782 523 conditione
801 491 990 522 differentia.
1020 489 1155 521 Interim

202 540 239 567 ut
261 534 404 576 quotidie
427 544 485 564 nos
504 534 565 565 Dei
584 534 718 574 imperio
737 534 933 571 submittere,
957 538 988 564 et
1005 533 1037 563 in
1057 532 1157 572 ipsius

202 578 391 617 obsequium
427 577 530 617 magis
567 577 733 617 magisque
763 586 954 617 componere
985 575 1156 612 discamus,

202 621 235 651 in
260 619 407 650 omnibus
431 619 551 650 nostris
573 620 713 651 consiliis
732 625 762 650 et
780 619 927 659 operibus
946 616 1155 658 suscipiendis

201 663 308 694 Deum
358 666 432 692 ante
481 662 587 692 omnia
631 662 860 693 consulendum
904 660 1155 692 meminerimus.

203 704 312 744 Quare
342 704 374 734 in
406 704 518 744 primis
541 704 727 745 usurpanda
749 704 839 735 nobis
863 704 973 745 gravis
996 703 1050 734 illa
1071 701 1156 733 Iere-

202 747 286 778 miae
309 747 483 787 prophetae
507 747 702 778 exhortatio:
733 748 873 787 primum
897 751 933 777 ut
957 746 1060 777 Deum
1084 755 1155 785 pre-

202 800 312 822 cemur
341 800 381 820 ne
411 799 469 820 nos
493 790 658 829 permittat
681 789 800 830 aliquid
822 789 882 829 ipsi
907 800 970 820 non
990 793 1155 827 acceptum

201 833 377 872 suscipere:
408 831 522 863 deinde
552 837 589 862 ut
610 833 705 863 rebus
730 833 847 863 nostris
870 836 902 863 et
924 831 1064 863 consiliis
1086 829 1155 860 feli-

200 885 269 907 cem
299 879 331 906 et
362 875 491 905 beatum
528 875 651 905 exitum
689 875 851 906 concedat.
897 875 1004 914 Atque
1039 872 1157 904 idcirco

201 917 360 959 propheta
379 917 516 957 primum
536 916 614 948 facit
632 917 696 948 oris
716 917 849 948 Domini
867 917 1071 953 mentionem,
1095 925 1157 955 quo

201 960 332 992 nomine
371 959 433 990 Dei
472 960 609 990 verbum
651 960 813 1000 designat:
859 959 972 990 deinde
1009 958 1156 999 spiritum

204 1002 322 1040 adiicit,
355 1006 392 1033 ut
424 1001 593 1032 admoneat
625 1002 720 1033 etiam
754 1007 902 1042 oportere
935 1002 1040 1033 Deum
1075 1006 1110 1031 ut
1141 1010 1159 1030 a

205 1045 296 1076 nobis
320 1045 452 1075 verbum
476 1045 543 1075 eius
567 1044 716 1076 audiatur
740 1046 770 1075 vi
794 1045 842 1076 sui
866 1044 997 1085 spiritus
1015 1054 1109 1085 agere
1128 1046 1159 1073 et

204 1087 338 1127 operari.
382 1086 495 1126 Neque
529 1087 614 1117 euim
639 1088 798 1118 sufficeret
821 1097 880 1118 nos
901 1087 996 1118 verbo
1018 1086 1080 1117 Dei
1104 1084 1158 1116 do-

205 1130 270 1161 ceri
293 1129 368 1170 quid
392 1129 551 1169 agendum
575 1130 665 1165 foret,
691 1130 751 1160 nisi
774 1131 870 1160 etiam
893 1130 932 1161 ab
955 1128 1066 1160 eodem
1089 1128 1159 1159 illu-

205 1173 319 1204 minati
349 1171 502 1203 iudicium
527 1176 559 1202 et
581 1173 737 1203 rationem
762 1173 978 1212 acciperemus
1001 1171 1039 1202 ad
1063 1170 1159 1211 probe

205 1214 447 1255 intelligendam
468 1214 646 1246 doctrinam
665 1225 760 1255 quam
781 1215 850 1255 ipse
867 1215 1031 1255 proponit:
1055 1223 1160 1244 suam-

205 1268 267 1298 que
289 1257 441 1288 virtutem
466 1263 627 1288 exsereret
657 1257 696 1288 ad
726 1258 847 1288 exitum
877 1268 987 1288 eorum
1018 1267 1098 1297 quae
1121 1255 1159 1286 ab

203 1300 272 1340 ipso
295 1304 519 1340 exspectamus
542 1300 781 1331 fortunandum.
826 1300 877 1331 Ex
896 1300 1009 1340 quibus
1028 1302 1160 1339 apparet

205 1342 290 1374 unde
313 1343 368 1373 fiat
393 1347 428 1373 ut
446 1342 630 1382 saepissime
649 1343 972 1382 prudentissimorum
992 1342 1158 1373 hominum

205 1385 338 1417 consilia
367 1390 398 1415 et
427 1384 608 1416 molitiones
632 1390 818 1416 evertantur
842 1386 924 1416 iusto
950 1385 1009 1416 Dei
1031 1384 1158 1421 iudicio,

206 1428 288 1468 quod
312 1427 449 1458 multum
476 1428 509 1458 in
544 1438 577 1458 se
611 1428 800 1459 temeritatis
834 1427 974 1458 habeant
1007 1433 1038 1458 et
1071 1436 1159 1458 arro-

204 1471 333 1512 gantiae
345 1479 352 1500 :
372 1469 627 1510 quandoquidem
642 1471 724 1510 quod
737 1471 941 1510 praecipuum
954 1475 1032 1509 erat,
1044 1479 1159 1510 nempe

204 1512 243 1544 ad
268 1513 374 1544 Deum
406 1513 552 1552 precibus
575 1514 755 1554 confugere,
779 1514 1004 1554 neglexerunt.
1049 1512 1159 1552 Quare

206 1567 247 1587 ne
270 1556 305 1586 in
327 1555 507 1586 istiusmodi
530 1566 648 1595 poenas
670 1555 858 1592 incidamus,
894 1555 933 1586 ad
957 1556 1062 1587 Deum
1085 1560 1159 1586 ante

208 1598 315 1629 omnia
345 1598 575 1638 confugiamus.
607 1598 701 1638 eique
724 1608 783 1629 nos
811 1603 895 1629 totos
925 1598 1092 1629 dedamus:
1123 1606 1159 1627 ac

209 1641 235 1672 si
264 1640 345 1672 forte
373 1641 552 1672 temeritate
583 1641 691 1681 aliqua
713 1645 878 1681 peccatum
901 1651 919 1672 a
941 1641 1032 1672 nobis
1054 1640 1160 1678 fuerit,

208 1683 322 1715 saltem
351 1683 506 1714 admoniti
536 1684 776 1724 resipiscamus:
813 1683 1009 1724 Saulemque
1038 1684 1097 1715 hac
1126 1683 1161 1713 in

207 1730 299 1767 parte
330 1726 423 1757 nobis
453 1726 601 1766 exemplo
632 1730 838 1766 praeeuntem
862 1726 1032 1758 imitemur.
1078 1726 1162 1757 Nam

209 1769 268 1800 etsi
302 1778 493 1809 magnopere
527 1769 559 1799 in
593 1780 629 1800 eo
662 1769 896 1809 vituperandus
926 1773 982 1805 est,
1016 1768 1099 1809 quod
1123 1768 1162 1799 de

208 1811 435 1852 persequendis
480 1811 623 1842 hostibus
656 1812 838 1843 inconsulto
872 1811 1011 1842 Domino
1045 1811 1162 1842 delibe-

208 1854 301 1890 ravit,
325 1854 498 1894 singularis
521 1859 628 1885 tamen
652 1855 827 1885 modestiae
850 1854 883 1884 in
906 1865 982 1895 rege
1000 1864 1162 1886 commen—

209 1896 322 1928 dabilis
345 1896 494 1937 deinceps
517 1897 699 1936 exemplum
723 1897 884 1937 praebuit:
916 1897 969 1936 qui
998 1908 1055 1928 rex
1089 1897 1163 1928 licet

208 1943 318 1970 tamen
360 1939 544 1970 admonenti
586 1939 741 1971 sacerdoti
778 1939 887 1970 statim
921 1939 1162 1980 obtemperavit.

209 1982 262 2013 Ex
294 1992 356 2022 quo
390 1987 531 2022 apparet,
567 1982 594 2013 si
628 1992 692 2022 qua
726 1982 858 2013 levitate
888 1986 919 2012 et
947 1982 1163 2013 inconstantia

208 2024 364 2065 peccavit,
394 2035 457 2055 non
485 2028 593 2055 tamen
623 2025 830 2064 pervicaciter
852 2025 885 2055 in
907 2029 1036 2065 peccato
1059 2035 1164 2065 perse-

210 2077 348 2098 verasse.
394 2066 610 2106 Quamobrem
640 2067 666 2098 si
696 2078 752 2098 nos
775 2067 943 2108 contigerit
967 2077 1030 2098 non
1054 2078 1090 2098 eo
1113 2077 1164 2098 us-

210 2120 270 2150 que
293 2119 404 2150 sapere
424 2114 458 2140 ut
477 2110 562 2140 unde
581 2114 764 2150 oportuerat
782 2110 1014 2147 exordiremur,
1048 2120 1165 2150 nempe

210 2151 281 2182 Deo
316 2152 470 2183 honorem
499 2152 648 2183 daremus
677 2163 770 2192 quem
795 2151 927 2183 verbum
951 2153 1051 2193 ipsius
1074 2163 1166 2192 prae-

213 2194 332 2232 scribit,
356 2195 446 2235 eique
464 2205 524 2226 nos
547 2199 628 2226 totos
652 2194 850 2226 traderemus
873 2206 909 2227 ac
931 2196 1030 2235 ipsius
1052 2196 1167 2235 spiritu

213 2247 271 2267 nos
302 2237 371 2278 regi
406 2238 680 2277 permitteremus:
716 2238 829 2268 saltem
860 2238 886 2268 si
916 2238 948 2268 in
980 2238 1166 2269 memoriam

212 2280 346 2316 venerit,
376 2284 430 2310 aut
454 2280 492 2311 ab
517 2280 578 2311 alio
601 2280 712 2320 quovis
735 2279 964 2311 admoneamur
985 2280 1071 2312 illius
1094 2292 1166 2321 pec-

213 2321 285 2360 cati,
308 2332 349 2352 ne
372 2322 605 2354 contumaciter
628 2327 660 2353 et
683 2326 871 2363 arroganter
893 2333 1079 2364 pergamus:
1111 2323 1166 2355 sed

214 2364 339 2404 culpam
359 2370 575 2405 agnoscentes,
600 2365 698 2396 veluti
717 2365 827 2405 positis
846 2366 1006 2406 repagulis
1025 2377 1064 2397 ne
1083 2366 1168 2397 ultra
1192 2369 1195 2375 “

214 2406 387 2447 quidquam
424 2407 648 2448 aggrediamur
682 2407 801 2438 malum
834 2408 918 2439 malo
951 2409 1166 2440 cumulantes:

216 2449 270 2481 sed
293 2449 332 2480 ad
356 2449 464 2481 Saulis
487 2450 668 2490 exemplum
692 2450 836 2481 modeste
859 2461 917 2482 nos
939 2451 1091 2482 admoniti
1115 2462 1168 2492 ge-

215 2503 333 2524 ramus.
379 2492 535 2524 Videmus
568 2493 654 2523 enim
687 2492 780 2523 illum
814 2503 832 2524 a
864 2493 1025 2526 sacerdote
1058 2494 1168 2526 admo-

214 2537 328 2572 nitum,
351 2535 517 2566 levitatem
537 2535 813 2575 temeritatemque
832 2546 922 2567 suam
942 2541 1166 2577 agnoscentem

214 2579 248 2610 in
271 2588 306 2610 eo
327 2577 410 2618 quod
434 2577 472 2608 de
496 2577 564 2608 Deo
587 2578 676 2618 prius
704 2577 882 2609 invocando
912 2586 943 2609 et
972 2580 1167 2611 consulendo

215 2633 277 2654 non
311 2621 490 2662 cogitasset,
525 2620 720 2652 substitisse:
760 2626 790 2651 et
823 2621 960 2662 insignis
993 2622 1166 2654 modestiae

846 182 894 214 IN
918 181 943 213 1.
967 181 1054 213 LIB.
1079 180 1275 213 SAMUEL.
1300 181 1396 212 CAP.
1421 181 1513 212 XIV.

2125 178 2166 209 58

1207 276 1371 316 exemplar
1394 276 1508 307 fuisse:
1531 276 1615 315 quod
1638 275 1757 307 imitari
1781 286 1840 307 nos
1863 275 1962 313 decet,
1986 284 2024 305 ne
2044 273 2163 304 malum

1208 318 1289 349 malo
1313 318 1512 350 cumulemus
1546 319 1572 348 si
1606 328 1663 349 nos
1696 318 1788 349 initio
1822 317 1993 358 contigerit
2026 327 2044 347 a
2078 321 2165 348 recta

1207 361 1260 391 via
1284 362 1457 392 aberrasse.

1292 404 1452 443 Deinceps
1473 403 1617 443 sequitur
1640 402 1836 434 sacerdotem
1860 403 2113 443 interrogantem
2130 411 2166 432 os

1208 445 1340 477 Domini
1370 457 1432 477 non
1463 446 1620 485 accepisse
1650 456 1836 484 responsum
1868 445 1918 476 die
1947 445 2010 475 illo.
2056 444 2166 475 Verba

1209 489 1335 529 quidem
1365 493 1536 520 contextus
1566 494 1658 518 sunt:
1694 488 1818 519 Saulem
1842 487 1944 519 Deum
1966 487 2164 525 consuluisse,

1209 531 1263 562 sed
1297 533 1340 562 ita
1369 530 1580 570 intelligenda
1608 536 1645 561 ut
1673 530 1750 561 Saul
1782 531 1880 562 totius
1903 530 2013 570 populi
2036 530 2165 560 nomine

1208 573 1315 604 Deum
1339 573 1539 605 consuluisse
1563 573 1687 604 dicatur
1709 583 1765 613 per
1789 573 1996 608 sacerdotem,
2020 573 2072 612 qui
2097 576 2165 602 erat

1208 616 1368 656 interpres
1392 622 1423 647 et
1446 616 1667 646 internuncius
1691 615 1817 646 divinae
1842 615 2024 652 voluntatis,
2061 621 2091 645 et
2115 625 2165 645 or-

1209 669 1315 699 ganon
1339 669 1400 699 qno
1419 658 1508 689 Deus
1527 668 1617 689 suam
1637 659 1827 689 sententiam
1847 657 2036 698 proferebat.
2080 657 2164 688 Nam

1209 710 1244 732 ut
1265 712 1359 742 saepe
1386 701 1533 737 diximus,
1558 706 1626 731 tum
1650 700 1827 732 sacerdotes
1851 701 1956 731 locum
1980 706 2011 730 et
2030 700 2165 741 gradum

1210 744 1343 775 Domini
1363 743 1465 775 nostri
1483 743 1556 774 Iesu
1575 743 1695 774 Christi
1713 743 1900 774 obtinebant
1916 743 1984 774 eius
1997 752 2165 782 personam

1210 787 1387 826 figurantes
1407 791 1438 817 et
1458 791 1744 825 repraesentantes.
1769 784 2048 824 Quemadmodum
2068 785 2168 825 igitur

1210 828 1304 860 hodie
1335 840 1448 860 sumus
1478 828 1601 867 indigni
1633 830 1684 868 qui
1715 827 1753 858 ad
1778 828 1883 859 Deum
1908 827 2103 864 accedamus,
2135 831 2168 857 et

1210 872 1386 903 mediatore
1417 871 1556 902 Domino
1587 876 1693 901 nostro
1724 871 1797 901 Iesu
1821 871 1951 902 Christo
1975 870 2166 911 indigemus,

1210 915 1301 946 cuius
1335 914 1464 945 nomine
1487 914 1557 944 Deo
1588 914 1670 954 grati
1704 914 1817 944 simus:
1852 913 1883 943 id
1916 913 2077 944 veteribus
2105 913 2167 943 fuit

1211 957 1408 988 declaratum
1434 957 1465 987 in
1489 956 1609 987 umbris
1632 956 1695 986 illis
1719 962 1749 986 et
1773 956 1893 995 figuris,
1925 962 1959 986 ut
1983 955 2022 986 ad
2046 955 2166 986 media-

1211 1005 1312 1030 torem
1337 999 1412 1030 olim
1437 1005 1611 1030 venturum
1634 998 1728 1029 fidem
1753 1009 1841 1029 suam
1861 998 2055 1029 attollerent.
2100 997 2166 1028 De-

1211 1043 1307 1082 nique
1342 1043 1460 1073 veritas
1495 1051 1589 1081 quam
1624 1040 1716 1071 hodie
1753 1040 1934 1071 obtinemus
1976 1051 2034 1071 nos
2075 1040 2167 1071 docet

1212 1095 1310 1125 quare
1344 1085 1420 1116 olim
1452 1085 1531 1125 legis
1561 1089 1704 1124 tempore
1734 1083 1879 1114 sacerdos
1903 1083 2035 1113 indutus
2059 1083 2165 1113 tunica

1211 1127 1401 1159 sacerdotali
1435 1137 1541 1158 coram
1576 1126 1644 1157 Deo
1678 1137 1711 1156 se
1746 1127 1879 1157 sistebat
1919 1127 2016 1156 totius
2057 1125 2166 1165 populi

1212 1171 1342 1201 nomine
1373 1175 1407 1201 ut
1437 1180 1454 1200 a
1485 1170 1554 1200 Deo
1578 1179 1763 1209 responsum
1789 1169 1954 1208 acciperet.
2000 1167 2083 1199 Nam
2106 1167 2166 1198 hac

1212 1215 1336 1244 ratione
1372 1213 1519 1243 homines
1554 1222 1630 1243 suae
1662 1211 1860 1251 indignitatis
1894 1211 2166 1241 admonebantur:

1212 1255 1483 1296 quemadmodum
1514 1259 1545 1286 et
1574 1254 1670 1285 hodie
1700 1264 1809 1284 sumus
1832 1254 1957 1294 indigni
1980 1254 2033 1293 qui
2057 1262 2166 1284 coram

1213 1299 1353 1330 Domino
1373 1304 1483 1329 nostro
1506 1297 1637 1328 nomine
1660 1306 1911 1336 compareamus,
1934 1306 2002 1333 nos,
2022 1296 2165 1335 inquam,

1213 1346 1261 1373 tot
1284 1341 1429 1372 sordibus
1452 1346 1483 1371 et
1505 1340 1641 1380 peccatis
1664 1339 1791 1379 foedati,
1823 1344 1857 1369 ut
1887 1339 1999 1370 merito
2023 1339 2124 1369 simus
2148 1348 2167 1368 a

1213 1385 1273 1415 Dei
1308 1388 1481 1424 conspectu
1506 1382 1680 1423 repellendi
1703 1387 1811 1412 nostra
1834 1381 2012 1421 iniquitate.
2057 1380 2166 1419 Quare

1212 1437 1341 1458 necesse
1371 1432 1417 1458 est
1445 1425 1668 1457 intermedium
1699 1434 1767 1455 esse
1798 1424 1965 1455 Christum
1990 1424 2166 1454 Dominum

1212 1476 1369 1505 nostrum,
1393 1470 1446 1509 qui
1470 1469 1608 1509 gratiam
1632 1472 1663 1498 et
1686 1467 1824 1498 favorem
1846 1467 1929 1506 apud
1950 1467 2056 1497 Deum
2077 1465 2167 1496 nobis

1213 1512 1368 1544 conciliet.
1416 1512 1515 1543 Porro
1557 1510 1634 1542 Saul
1668 1509 1927 1540 animadvertens
1960 1508 2066 1540 Deum
2101 1518 2166 1538 non

1213 1555 1336 1587 dedisse
1369 1565 1566 1595 responsum,
1601 1553 1708 1584 statim
1738 1552 1842 1589 infert,
1876 1557 2040 1592 peccatum
2071 1551 2168 1581 fuisse

1213 1598 1252 1630 ab
1282 1598 1396 1638 aliquo,
1432 1608 1467 1628 ac
1496 1597 1674 1627 iuramento
1698 1595 1836 1625 affirmat
1858 1595 2048 1625 moriturum
2073 1594 2167 1624 illum

1212 1642 1395 1681 quicunque
1427 1639 1557 1671 tandem
1591 1638 1693 1675 fuerit,
1734 1638 1856 1668 etiamsi
1890 1636 2092 1668 Ionathanus
2126 1636 2168 1666 sit

1212 1684 1307 1715 filius.
1353 1682 1462 1722 Quare
1486 1687 1586 1713 sortes
1609 1681 1721 1712 coniici
1752 1680 1862 1711 iussit:
1894 1680 2064 1719 Deumque
2095 1688 2167 1719 pre-

1213 1732 1303 1758 catus
1328 1732 1384 1763 est,
1408 1731 1443 1757 ut
1465 1725 1628 1764 integrum
1646 1723 1779 1754 cederet.
1824 1722 1897 1753 Vox
1917 1722 2056 1753 hebraea
2075 1724 2168 1752 sonat

1214 1769 1458 1809 perfectionem:
1494 1767 1547 1799 sed
1578 1766 1733 1807 accipitur
1761 1765 1912 1806 perfectio
1942 1765 1997 1795 illa
2026 1774 2083 1805 pro
2114 1764 2168 1794 de-

1215 1812 1389 1844 claratione
1424 1811 1526 1842 sontis
1561 1818 1644 1841 sorte
1677 1809 1775 1839 facta:
1811 1818 1908 1847 quum
1939 1808 2091 1838 nimirum
2121 1805 2168 1836 rei

1215 1855 1378 1896 quaesitae
1401 1858 1488 1884 sorte
1512 1853 1630 1883 veritas
1653 1850 1810 1882 elucescit.
1855 1849 1916 1881 Vel
1940 1850 2168 1890 perfectionem

1214 1897 1443 1938 intelligemus,
1464 1906 1561 1936 quum
1580 1895 1669 1926 Deus
1689 1894 1841 1933 cuiusque
1860 1893 2060 1932 iniquitatem
2080 1895 2168 1931 pate-

1215 1941 1299 1976 facit,
1330 1950 1369 1970 ne
1398 1940 1549 1970 innocens
1578 1937 1645 1968 luat
1667 1946 1784 1977 poenas
1814 1946 1872 1976 pro
1897 1940 2046 1966 nocente:
2074 1940 2105 1965 et
2128 1945 2170 1964 ne

1216 1983 1361 2014 insontes
1399 1982 1607 2012 involvantur
1637 1979 1775 2010 sontium
1807 1978 1978 2018 suppliciis.
2024 1977 2173 2016 Denique

1218 2025 1296 2057 Saul
1340 2024 1448 2056 Deum
1490 2030 1637 2064 precatur
1669 2027 1703 2052 ut
1738 2028 1840 2052 sortes
1874 2021 2033 2052 coniectas
2068 2025 2173 2060 regat:

1218 2069 1336 2109 quibus
1377 2067 1527 2098 coniectis
1557 2066 1624 2105 ipse
1655 2074 1724 2095 cum
1756 2064 1819 2094 filio
1850 2063 2031 2093 Ionathano
2061 2062 2174 2102 depre-

1217 2110 1386 2142 henditur:
1419 2109 1623 2149 quamobrem
1658 2107 1763 2138 sortiri
1793 2107 1877 2136 inter
1906 2117 1939 2137 se
1969 2112 1999 2136 et
2023 2105 2172 2136 Ionatha-

1219 2165 1297 2185 num
1330 2153 1433 2183 filium
1467 2152 1568 2187 iussit,
1609 2155 1643 2181 ut
1677 2150 1731 2189 qui
1766 2160 1881 2180 nocens
1917 2154 1963 2179 est
1994 2148 2173 2187 deprehen-

1219 2197 1328 2228 datur:
1353 2206 1389 2227 ac
1412 2194 1612 2226 Ionathanus
1636 2191 1854 2232 deprehensus
1877 2196 1935 2221 est.
1980 2191 2103 2230 Nempe
2127 2190 2173 2221 ita

1218 2239 1377 2280 patefacta
1408 2244 1455 2268 est
1487 2236 1594 2268 Saulis
1628 2236 1661 2265 in
1685 2234 1899 2265 exsecratione
1923 2233 2076 2273 populum
2102 2233 2173 2264 ads-

1219 2281 1389 2322 tringendo
1420 2279 1592 2315 temeritas,
1622 2277 1659 2308 de
1682 2288 1743 2316 qua
1766 2276 1915 2315 superius
1938 2277 2070 2316 egimus.
2106 2276 2172 2306 Its-

1219 2335 1278 2365 que
1318 2323 1517 2354 Iouathanus
1565 2320 1697 2359 excipit⁷
1743 2329 1782 2349 an
1831 2319 1906 2358 quia
1949 2318 2172 2349 tantummodo

1219 2367 1345 2408 gustavi
1380 2365 1583 2396 extremitate
1611 2362 1715 2393 baculi
1746 2372 1855 2401 parum
1889 2360 1993 2391 mellis
2021 2371 2080 2401 ego
2108 2372 2173 2391 mo-

1219 2408 1330 2441 rerer?
1376 2409 1419 2439 Et
1465 2406 1599 2447 populus
1640 2404 1767 2435 tandem
1801 2404 2053 2434 exsecrationem
2084 2403 2173 2434 illam

1220 2451 1422 2483 temerariam
1453 2449 1560 2480 Saulis
1590 2447 1770 2478 revocavit:
1810 2446 1901 2476 Dia—it
1931 2447 2009 2476 enim
2035 2446 2174 2485 populus

1219 2495 1259 2526 acl
1279 2494 1412 2530 saulem,
1436 2503 1474 2523 an
1500 2490 1691 2522 Ionatlzmzus
1714 2491 1886 2526 moreretur,
1910 2489 1963 2528 qui
1985 2489 2174 2528 comparavit

1219 2537 1346 2569 salutem
1375 2535 1452 2566 hanc
1481 2534 1650 2564 maximam
1682 2532 1711 2561 in
1743 2531 1884 2562 Israele?
1913 2531 2007 2562 absit:
2038 2534 2069 2561 ut
2099 2531 2174 2561 vivit

1221 2580 1341 2616 Iehova,
1370 2588 1409 2609 an
1439 2577 1544 2608 cadere
1573 2574 1656 2606 debet
1677 2574 1757 2605 nllus
1775 2584 1789 2604 e
1811 2574 1934 2614 capillis
1957 2574 2067 2612 capitis
2090 2574 2173 2604 eius:

1220 2621 1461 2661 quandoquidem
1493 2618 1557 2649 Deo
1587 2618 1661 2648 duee
1683 2619 1825 2655 operatus
1847 2619 1889 2648 est
1912 2616 1966 2647 hoc
1988 2616 2102 2647 hodie?
2131 2616 2176 2647 sic
