2551 3044
245 199 272 228 7(
278 198 304 227 >9

244 302 315 323 care
341 292 434 322 liceat
463 291 530 321 sinc
563 289 705 325 testibus,
736 299 771 320 ac
803 288 935 327 proinde
966 288 1035 317 sine
1068 287 1201 316 infamia

244 341 297 365 aut
323 334 483 364 dedecoris
507 339 604 368 metu,
629 337 734 362 tamen
760 331 827 360 solo
848 329 908 360 Dei
933 336 1019 360 metu
1042 329 1073 359 in
1097 329 1200 358 officio

244 377 470 407 retinebimur:
503 374 595 404 modo
619 383 677 404 nos
709 373 810 412 ipsius
833 372 929 402 verbo
954 372 1020 411 regi
1046 372 1200 406 sinamus,

243 420 276 450 in
306 419 413 449 animo
443 417 582 448 defixum
615 416 756 455 penitius
781 415 956 446 habeamus
982 416 1086 445 Deum
1118 424 1200 443 nun-
1225 446 1227 453 Α

243 471 336 501 quam
369 460 618 500 permissurum,
656 463 693 489 ut
720 458 804 498 quod
835 458 936 498 ipsius
968 457 1124 487 voluntati
1155 465 1202 485 re-

243 509 367 544 pugnat
397 503 437 533 sit
466 501 656 531 diuturnum
687 506 717 531 et
747 500 888 531 inultum
920 504 1059 530 maneat.

243 547 340 587 igitur
358 544 466 575 omnia
484 543 603 583 effugia
622 553 679 583 pro
700 543 785 574 virili
798 553 979 576 caveamus,
1006 543 1109 572 Deum
1129 551 1200 580 per-

242 588 328 620 suasi
351 586 453 617 cordis
478 586 610 616 humani
642 585 780 616 latebras
810 585 957 621 scrutari,
988 591 1019 614 ct
1042 583 1198 614 malitiam

241 631 382 671 ipsorum
407 629 563 668 detegere.
596 628 769 659 Praeterea
792 629 969 669 cogitemus
992 637 1051 658 nos
1072 627 1104 656 in
1127 635 1200 665 pro·

241 673 311 713 pria
333 681 428 703 causa
458 670 618 702 caecutire
649 678 681 700 et
713 670 804 701 nobis
832 671 909 710 ipsis
933 670 1061 700 delitias
1084 669 1198 699 facere.

241 714 304 747 Sed
329 714 464 745 aliorum
489 714 582 753 longe
601 712 685 743 aliud
706 724 776 747 esse
794 713 964 744 iudicium:
989 712 1122 751 ideoque
1141 710 1199 741 hoe

241 764 395 796 tanquam
419 756 521 787 altero
551 757 660 786 fraeno
683 756 878 796 cupiditates
903 760 1029 786 nostras
1052 760 1198 785 coercea-

240 810 323 830 mus.
369 799 450 829 Nam
482 799 508 829 si
540 798 709 829 hominum
746 797 915 829 sententiis
945 797 1199 828 condemnamur

240 842 334 882 quale
358 842 418 872 Dei
441 842 509 872 fore
528 840 679 871 iudicium
703 841 734 871 in
758 851 814 871 nos
839 839 1055 872 arbitramur?
1088 838 1198 877 Quare

240 886 265 916 si
290 895 357 915 rem
383 885 491 924 vipsam
521 883 591 914 sine
622 883 686 914 ullo
717 884 817 914 nostri
849 889 993 922 respectu
1026 882 1199 921 diligenter

239 927 469 967 expendamus,
495 927 647 965 aequitati
668 925 758 957 locus
772 926 981 966 relinquetur,
1000 930 1032 956 et
1044 930 1198 963 tauquam

239 970 315 1001 solis
334 969 414 1000 radii
435 969 647 1000 conscientias
667 972 794 999 nostras
817 968 1002 999 illustrabit.
1027 968 1199 998 Praeterea
1223 999 1224 1004 ¹

237 1023 298 1044 non
331 1017 457 1043 tantum
487 1022 524 1042 eo
552 1012 616 1042 fine
650 1011 817 1043 hominum
849 1011 887 1042 de
923 1011 1014 1041 nobis
1044 1009 1197 1040 iudicium

237 1061 363 1095 oportet
385 1054 513 1091 intueri,
538 1065 578 1084 ne
597 1053 718 1094 pudore
731 1054 911 1084 afficiamur
930 1053 1094 1093 suffragiis
1116 1052 1197 1091 ipso-

236 1108 310 1129 rum
334 1097 489 1134 damnati,
511 1096 566 1128 sed
585 1096 727 1127 maxime
745 1107 786 1127 ne
804 1097 854 1128 cui
868 1098 968 1127 simus
984 1094 1197 1126 offendiculo:

237 1139 505 1181 quemadmodum
534 1144 621 1170 recte
644 1148 702 1170 nos
725 1138 766 1169 D.
791 1139 914 1170 Paulus
943 1138 1102 1174 admonet,
1134 1147 1198 1167 non

238 1188 365 1214 tautum
395 1192 502 1213 coram
532 1181 619 1219 Deo,
659 1181 713 1212 sed
746 1183 842 1212 etiam
873 1192 979 1212 coram
1017 1179 1198 1211 hominibus

239 1226 358 1257 bonum
389 1235 571 1265 procurare,
605 1227 641 1255 ut
676 1224 715 1255 de
747 1224 839 1255 nobis
872 1224 957 1264 loqui
990 1223 1073 1254 male
1103 1232 1198 1253 nemo

238 1268 353 1309 possit:
379 1277 484 1307 neque
508 1267 592 1298 malo
611 1267 759 1306 exemplo
779 1267 862 1297 laedi
884 1277 987 1306 neque
999 1266 1062 1296 Dei
1081 1275 1197 1296 nomen

238 1310 433 1351 blasphemis
452 1310 620 1340 homiuum
634 1310 764 1340 vocibus
780 1315 964 1349 exponatur
979 1308 1196 1340 lacerandum.

237 1352 518 1393 Quemadmodum
543 1351 638 1382 hodie
660 1352 809 1383 videmus
833 1353 975 1392 papistas
998 1356 1028 1383 et
1054 1351 1198 1382 veritatis

238 1397 344 1428 hostes
367 1405 494 1435 semper
523 1395 555 1425 in
586 1394 712 1425 insidiis
742 1405 820 1431 esse,
854 1400 885 1426 et
907 1394 1106 1426 occasionem
1130 1403 1197 1423 om-

238 1449 312 1470 nem
336 1437 506 1478 explorare
529 1437 642 1468 salutis
661 1436 840 1468 doctrinam
855 1437 1034 1469 maledictis
1054 1436 1196 1476 proscin-

237 1481 351 1513 dendi:
382 1486 413 1512 et
436 1480 570 1511 Domini
602 1480 704 1510 nostri
726 1480 802 1511 Iesu
827 1480 949 1511 Christi
972 1490 1089 1510 nomen
1114 1479 1196 1510 lace-

236 1523 346 1556 randi:
367 1522 503 1562 ideoque
526 1533 584 1554 nos
603 1526 691 1553 tanto
703 1523 927 1563 vigilantiores
946 1533 1015 1554 esse
1034 1522 1197 1559 convenit,

237 1577 277 1598 ne
300 1576 394 1607 quam
418 1565 484 1596 illis
503 1566 700 1597 occasionem
720 1576 814 1605 quam
835 1570 997 1606 quaerunt
1014 1564 1197 1596 offendiculi

237 1609 456 1650 praebeamus.
481 1608 576 1639 Hanc
598 1608 698 1648 igitur
720 1608 817 1639 etiam
841 1608 881 1639 ob
904 1619 1034 1640 causam
1057 1618 1116 1638 nos
1140 1607 1196 1637 ho-

237 1653 360 1683 minum
380 1651 499 1682 iudicia
513 1656 544 1681 et
555 1651 732 1682 sententias
745 1651 784 1682 de
796 1651 887 1682 nobis
900 1657 1043 1682 metuere
1061 1654 1196 1690 oportet,

237 1701 273 1726 ut
295 1695 330 1725 in
355 1694 459 1724 officio
476 1693 683 1731 retineamur,
707 1699 739 1724 et
756 1694 875 1724 stultae
899 1699 1029 1725 nostrae
1053 1693 1196 1733 opinioni

235 1737 473 1768 renunciemus.
504 1746 568 1775 qua
596 1736 786 1776 plerumque
816 1746 1041 1768 excaecamur:
1070 1740 1104 1767 et
1132 1735 1197 1766 dia·

236 1779 329 1810 bolus
350 1779 538 1818 ingeniosus
560 1785 609 1810 est
631 1779 663 1809 in
677 1779 787 1810 multis
800 1779 980 1810 rationibus
995 1778 1197 1810 inveniendis

236 1822 354 1862 quibus
377 1822 524 1853 incautos
547 1822 676 1852 obruat:
701 1827 733 1852 et
755 1822 866 1853 multis
889 1822 1031 1862 undique
1051 1820 1197 1852 hostibus

235 1865 406 1905 cingimur,
428 1864 481 1904 qui
501 1869 629 1895 nostras
652 1865 793 1895 actiones
812 1864 996 1905 explorant:
1022 1863 1137 1895 deinde
1157 1863 1196 1894 ad

235 1907 390 1939 iudicium
426 1906 572 1937 divinum
607 1907 843 1947 assurgendum
877 1912 942 1946 est,
977 1912 1008 1938 et
1042 1907 1120 1947 quid
1155 1917 1196 1937 ex

235 1950 338 1990 ipsius
356 1950 456 1980 verbo
480 1949 574 1980 liceat
593 1949 764 1990 diligenter
777 1950 1035 1990 expendendum,
1060 1961 1096 1981 ac
1119 1949 1196 1989 quid

236 1993 382 2032 aequitas
403 1992 515 2023 iubeat
536 1992 817 2032 considerandum,
848 2003 889 2024 ne
918 1993 1075 2024 adversus
1098 1992 1197 2023 insita

239 2039 373 2066 naturae
396 2035 555 2075 principia
577 2035 657 2066 iuris
680 2039 712 2066 et
735 2036 827 2075 aequi
851 2046 1027 2074 peccemus.

322 2077 449 2108 Deinde
482 2078 627 2117 sequitur
655 2078 687 2108 in
717 2082 886 2108 contextu:
925 2078 1085 2109 Mansisse
1114 2078 1198 2108 istud

239 2122 385 2150 statutum
407 2120 444 2151 ab
466 2120 519 2152 hoc
538 2120 588 2151 die
606 2121 640 2152 ‘m
656 2120 781 2159 populo,
804 2121 903 2160 utqui
921 2121 962 2152 ad
980 2121 1197 2160 impedimenta

238 2163 460 2193 remarwissent
483 2163 607 2202 pariter
637 2164 792 2201 praedam
820 2173 889 2194 cum
918 2164 962 2194 iis
997 2164 1051 2203 qui
1071 2173 1197 2203 puynae

239 2204 449 2244 interfuissent
464 2206 669 2245 partirentur.
700 2205 767 2236 Sed
790 2205 881 2237 nobis
904 2206 938 2236 in
961 2206 1031 2237 istis
1055 2205 1110 2236 diu
1131 2216 1196 2236 uon

239 2253 288 2278 est
310 2246 534 2284 insistendum,
557 2258 639 2287 quae
655 2248 739 2279 dicta
758 2255 832 2279 sunt
850 2249 999 2288 superius
1020 2248 1195 2279 sufficiant:

238 2289 347 2329 itaque
369 2289 408 2320 ad
431 2291 599 2331 sequentia
614 2295 825 2328 transeamus,
850 2291 883 2322 in
907 2291 1024 2331 quibus
1047 2291 1197 2322 audimus

239 2331 393 2363 Davidem
418 2333 540 2365 misisse
574 2334 611 2365 de
645 2343 680 2364 ea
708 2334 831 2372 praeda
863 2334 1036 2365 semoribus
1060 2333 1198 2365 Iehudae

239 2374 350 2405 amicis
377 2375 454 2413 suis,
483 2376 627 2408 dicendo:
660 2375 739 2407 Ecce
767 2376 851 2407 vobis
879 2377 994 2408 donum
1023 2377 1059 2407 de
1073 2377 1197 2415 praeda

239 2416 371 2447 hostium
382 2416 522 2449 lehovae.
545 2418 652 2450 David
677 2419 737 2450 hae
755 2429 832 2450 usus
850 2420 1081 2459 protestatione
1101 2424 1197 2450 testa-

239 2466 292 2490 tus
316 2463 365 2490 est
386 2469 420 2490 se
443 2459 482 2490 de
504 2470 561 2492 suo
583 2461 667 2501 quod
698 2462 840 2502 legitime
870 2462 1050 2502 aequisivit,
1081 2472 1196 2501 nempe

241 2502 278 2533 de
308 2502 418 2541 spoliis
438 2502 586 2534 'hostium
617 2503 679 2535 Dei
708 2509 740 2535 et
777 2504 940 2536 israelitici
971 2504 1095 2544 populi,
1131 2514 1195 2535 non

241 2548 348 2575 autem
371 2544 410 2575 de
431 2544 544 2584 iniqua
564 2546 684 2585 praeda
707 2551 739 2577 et
769 2547 883 2586 rapina
906 2548 1028 2588 largiri.
1073 2547 1196 2578 Multos

240 2587 325 2618 enim
345 2586 454 2618 videas
472 2587 629 2626 liberales,
647 2589 746 2620 immo
757 2589 910 2630 prodigos
928 2591 961 2620 in
975 2589 1196 2621 distribuendo

240 2635 272 2661 et
294 2628 472 2670 largiendo,
502 2630 586 2670 quod
609 2631 726 2662 iniuste
749 2637 781 2663 et
802 2632 896 2664 malis
919 2632 1043 2664 artibus
1065 2642 1196 2672 pepere-

883 195 928 225 IN
953 195 979 225 Ι.
1005 194 1090 225 LIB.
1116 192 1313 224 sAMUEL.
1338 194 1436 223 (Ji-tl).
1461 192 1573 223 XXX.

1105 498 1200 528 Vana
1225 521 1226 531 ,

2156 191 2216 222 ῙῙΟ

1226 295 1227 322 g
1255 291 1345 315 runt:
1377 286 1429 315 sed
1455 296 1517 315 non
1551 292 1623 315 sunt
1650 285 1704 315 alii
1736 285 1893 324 spoliandi
1926 292 1960 315 ut
1984 285 2061 315 alios
2086 286 2214 316 vestias.

1226 325 1227 344 l
1254 328 1298 357 Et
1320 338 1397 357 sane
1421 338 1484 358 non
1506 329 1693 367 ignoramus
1718 328 1786 358 Deo
1811 338 1873 358 non
1900 328 2025 366 placere
2040 328 2214 368 elcemosy-

1254 380 1326 399 nam
1363 380 1442 408 quae
1473 370 1594 409 speeies
1628 376 1677 401 cst
1707 370 1868 408 caritatis,
1900 372 1924 400 si
1956 370 2050 400 mulis
2083 370 2216 408 artibus,

1252 411 1418 441 fraudibus
1444 421 1473 441 ot
1496 413 1615 451 rapinis
1640 424 1713 451 opos
1738 418 1848 452 partae
1872 422 1956 443 sunt.
2000 412 2109 451 Quare
2134 422 2215 452 quos

1254 455 1400 484 videmus
1424 455 1455 484 in
1480 462 1594 493 papatu
1617 455 1785 485 fraudibus
1805 462 1834 485 et
1853 456 1974 495 rapinis
1996 456 2214 494 locupletatos,

1253 497 1355 526 multa
1386 497 1501 527 deinde
1532 497 1665 527 delubra
1695 504 1725 527 et
1756 498 1979 527 anniversaria
2011 508 2100 528 sacra
2126 498 2216 528 insti-

1224 539 1226 576 }
1253 546 1358 575 tuere,
1389 539 1542 571 sciamus,
1574 540 1631 569 etsi
1664 539 1745 570 bono
1779 539 1884 579 aliquo
1915 539 2122 570 fundamento
2154 540 2214 570 niti

1253 581 1431 616 videantur,
1462 582 1530 611 Deo
1555 590 1661 612 tamen
1687 582 1827 612 maxime
1852 581 2031 621 displicere,
2062 590 2090 611 ot
2116 592 2213 621 quae·

1225 629 1226 633 ¹
1252 633 1378 663 cunque
1406 624 1588 654 obtulerant
1618 624 1706 655 foeda
1738 625 1769 654 in
1802 625 1902 663 ipsius
1932 634 2002 655 esse
2030 632 2213 664 conspectu.

1252 665 1338 704 Quid
1363 667 1408 696 ita
1432 666 1530 696 vero?
1562 666 1686 705 Nempe
1710 667 1815 697 Deum
1850 668 1953 698 facere
1977 678 2107 697 suarum
2133 668 2211 706 rapi-

1251 718 1366 739 narum
1395 714 1427 739 et
1457 709 1686 739 maleficiorum
1718 710 1903 748 parti‹·ipem
1934 709 2016 740 velle
2046 708 2212 740 videntur:

1251 758 1284 781 et
1297 751 1592 792 blaspheminaruni
1607 762 1737 781 suarum
1751 756 1941 792 consortem,
1965 753 2013 782 ius
2029 758 2060 782 et
2074 762 2211 791 aequum

1252 804 1345 824 omne
1369 798 1563 833 pervertere.
1609 794 1677 824 Nae
1702 794 1901 833 blasphemia
1925 800 1975 825 est
2002 795 2117 835 ingens
2140 805 2212 825 cum

1252 837 1423 875 iniquitate
1447 837 1627 867 coniuncta.
1652 836 1869 874 Quamobrem
1894 838 1920 867 si
1944 836 2028 868 dona
2052 848 2093 867 ex
2116 836 2212 868 rebus

1251 880 1334 909 male
1354 880 1453 919 partis
1466 879 1536 909 Deo
1549 878 1769 911 obtulerimus.
1793 885 1915 910 certum
1936 884 1985 911 est
2002 890 2067 910 non
2084 884 2212 910 tantum

1223 923 1224 928 ’
1251 922 1380 962 ingrata
1403 922 1486 952 fore:
1519 921 1573 951 sed
1603 921 1698 951 etiam
1731 922 1905 952 offerentes
1934 932 1952 952 a
1975 922 2046 952 Deo
2069 923 2214 953 reiicien-

1252 964 1317 1001 dos,
1342 971 1373 994 et
1397 964 1563 994 hominum
1588 964 1729 1003 ipsorum
1754 964 1916 1004 suffragiis
1943 964 2211 996 condemnandos.

1251 1007 1345 1038 Hauc
1368 1007 1406 1037 ob
1428 1016 1557 1037 causam
1583 1016 1642 1037 nos
1665 1007 1752 1037 iubet
1781 1007 1939 1046 scriptura
1963 1008 2001 1037 de
2025 1017 2083 1038 suo
2105 1018 2213 1047 quem·

1251 1060 1312 1089 que
1336 1050 1424 1080 fonte
1449 1049 1566 1087 bibere,
1598 1050 1688 1080 cuius
1712 1049 1807 1079 rivuli
1832 1049 2004 1080 decurrant
2026 1050 2059 1080 in
2083 1060 2211 1090 egenos.

1251 1092 1325 1131 Qua
1355 1091 1569 1123 similitudine
1599 1092 1726 1131 sapiens
1758 1091 1811 1122 ille
1838 1091 1969 1122 Salonio
2007 1092 2211 1132 significavit,

1251 1145 1408 1175 quemque
1438 1140 1584 1174 oportere
1616 1140 1801 1165 contentum
1838 1135 1877 1165 iis
1908 1145 1976 1166 esse
2006 1146 2086 1174 quae
2121 1135 2212 1166 nobis

1252 1179 1340 1208 Deus
1370 1177 1517 1217 largitur,
1548 1184 1579 1208 et
1608 1177 1769 1208 cavendas
1797 1187 1867 1207 esse
1896 1177 2041 1217 praedas,
2072 1178 2212 1217 rapinas,

1250 1220 1382 1251 fraudes
1412 1225 1443 1251 et
1469 1220 1651 1250 avaritiam.
1695 1220 1805 1258 Quare
1835 1220 1861 1250 si
1884 1220 1969 1250 iuste
1993 1221 2212 1259 possideamus

1251 1262 1334 1303 quod
1358 1274 1376 1293 a
1400 1263 1470 1293 Deo
1501 1273 1557 1293 uos
1587 1263 1746 1301 accepisse
1769 1263 1892 1293 sincere
1923 1263 2069 1301 profiteri
2100 1273 2210 1302 possu-

1250 1316 1331 1344 mus,
1361 1310 1430 1336 tum
1455 1316 1531 1336 vere
1561 1306 1777 1343 eleemosynas
1809 1305 1894 1341 dare,
1924 1311 1956 1335 et
1986 1305 2210 1336 liberalitatem

1251 1359 1328 1389 erga
1350 1349 1514 1388 proximos
1539 1358 1690 1378 exercere
1713 1347 1896 1386 poterimus,
1921 1358 2002 1387 quae
2024 1347 2115 1379 Deus
2140 1354 2210 1379 tan-

1251 1401 1346 1431 quam
1388 1397 1481 1432 grata
1515 1391 1672 1422 sacrificia
1707 1395 1754 1421 est
1784 1390 1963 1421 habiturus.
2009 1390 2080 1422 Hac
2111 1391 2212 1431 igitur

1251 1434 1416 1465 occasione
1428 1433 1536 1465 David
1561 1444 1696 1464 munera
1719 1444 1799 1473 quae
1820 1432 1857 1463 ad
1879 1433 2019 1463 seniores
2040 1433 2127 1464 misit
2142 1444 2211 1464 esse

1251 1477 1331 1507 dixit
1354 1477 1455 1516 spolia
1480 1477 1626 1507 hostibus
1650 1476 1758 1515 populi
1772 1476 1833 1506 Dei
1857 1476 1938 1505 iuste
1963 1476 2113 1507 detracta.
2140 1476 2210 1507 Deo

1250 1520 1310 1559 ipsi
1334 1520 1501 1550 victoriam
1526 1518 1727 1554 concedente,
1759 1523 1855 1557 atque
1878 1518 2033 1549 adversus
2063 1518 2136 1550 illos
2159 1529 2209 1549 ar-

1251 1568 1370 1599 mante,
1402 1567 1439 1592 ut
1468 1563 1608 1593 maxime
1637 1562 1755 1592 iustum
1787 1561 1879 1591 fuerit
1912 1561 2029 1591 bellum
2054 1561 2210 1593 adversus

1250 1605 1398 1636 inimicos
1421 1605 1574 1636 ecelesiae
1590 1604 1650 1634 Dei
1676 1614 1770 1643 quam
1794 1603 2002 1643 pessumdare
2025 1603 2209 1635 studebant.

1251 1647 1294 1679 Se
1317 1648 1425 1688 itaque
1456 1658 1521 1678 non
1545 1647 1611 1678 suis
1635 1646 1809 1677 commodis
1832 1646 2002 1682 studuisse,
2035 1656 2097 1676 non
2121 1647 2154 1677 vi
2178 1653 2210 1677 et

1250 1691 1372 1731 rapinis
1395 1701 1462 1721 rem
1487 1700 1605 1731 augere
1631 1690 1768 1720 voluisse
1791 1689 1845 1719 sed
1869 1699 1887 1719 a
1913 1689 1971 1719 Dei
1997 1699 2094 1719 manu
2118 1689 2209 1729 quid-

1249 1733 1323 1773 quid
1338 1733 1451 1764 habuit
1462 1734 1629 1772 accepisse.
1665 1732 1760 1762 Multi
1781 1742 1857 1762 sane
1870 1737 1981 1762 contra
2006 1731 2074 1762 Deo
2087 1732 2208 1772 gratias

1249 1786 1344 1816 agere
1366 1776 1481 1813 solent,
1511 1786 1608 1815 quum
1634 1775 1726 1805 malis
1750 1775 1871 1805 artibus
1896 1785 1962 1804 rem
1985 1775 2152 1811 auxerint,
2177 1781 2208 1805 et

1249 1820 1334 1850 inter
1356 1825 1499 1850 caeteros
1523 1819 1619 1849 etiam
1650 1818 1709 1848 viri
1740 1817 1900 1856 principes
1929 1816 2032 1847 titulis
2062 1817 2133 1848 istis
2157 1817 2207 1847 in-

1249 1862 1452 1903 signiuntur.-
1474 1861 1537 1892 Dei
1560 1861 1663 1901 gratia
1687 1860 1834 1899 princeps
1857 1859 1954 1890 huius
1976 1859 2028 1889 vel
2052 1859 2138 1890 illius
2160 1870 2209 1891 re-

1249 1906 1365 1944 gionis,
1390 1915 1485 1944 quam
1510 1910 1617 1935 tamen
1640 1903 1705 1933 sola
1728 1903 1779 1932 vel
1805 1902 1980 1932 ambitione
2000 1902 2050 1932 vel
2070 1902 2207 1934 avaritia

1249 1949 1318 1979 sine
1341 1949 1411 1978 iure
1434 1951 1640 1986 occuparunt.
1666 1946 1779 1984 Longe
1795 1944 1888 1975 aliter
1901 1944 2026 1975 David:
2050 1944 2104 1975 sed
2129 1955 2208 1984 quo-

1249 1992 1336 2021 niam
1360 1990 1428 2030 ipso
1447 1990 1517 2020 Deo
1549 1990 1626 2020 duce
1655 1998 1726 2019 cum
1757 1988 1901 2018 hostibus
1931 1997 2130 2026 congressus,
2159 1994 2209 2018 est

1249 2034 1345 2065 etiam
1370 2033 1513 2063 detracta
1536 2031 1679 2063 hostibus
1702 2030 1805 2070 spolia
1833 2036 1865 2060 et
1888 2029 2039 2069 praedam
2063 2029 2133 2061 Deo
2156 2041 2207 2061 ac-

1248 2082 1373 2116 ceptam
1397 2078 1504 2106 refert.

1334 2118 1504 2150 Caeterum
1536 2128 1597 2148 non
1630 2116 1783 2147 debemus
1809 2116 1940 2146 inanem
1965 2125 2034 2145 csse
2058 2115 2207 2146 arbitrari

1249 2162 1468 2193 recitationem
1483 2170 1590 2191 eorum
1605 2159 1644 2189 ad
1664 2169 1744 2197 quos
1757 2157 1865 2188 David
1887 2157 2051 2197 sigillatim
2072 2168 2209 2189 munera

1249 2205 1311 2235 ista
1340 2204 1465 2234 misisse
1496 2203 1613 2233 dicitur
1641 2211 1776 2241 quorum
1808 2200 1951 2231 omnium
1982 2200 2042 2230 etsi
2074 2201 2208 2232 nomina

1249 2258 1312 2278 non
1334 2252 1550 2283 recensentur,
1574 2244 1669 2275 urbes
1692 2250 1800 2274 tamen
1823 2243 1857 2273 in
1880 2242 1996 2282 quibus
2020 2241 2209 2274 habitabant,

1250 2289 1413 2330 designari
1436 2292 1485 2319 sat
1508 2294 1566 2327 est,
1589 2293 1626 2318 ut
1649 2296 1801 2326 magnam
1824 2285 1922 2316 fuisse
1944 2285 2074 2315 illorum
2097 2285 2208 2316 multi-

1250 2332 1396 2363 tudinem
1421 2336 1582 2371 appareat.
1628 2329 1731 2360 Porro
1754 2328 1886 2362 nomina
1909 2327 2079 2367 regionum
2102 2329 2208 2359 varia-

1249 2385 1331 2411 rum,
1362 2375 1422 2405 etsi
1445 2384 1507 2403 non
1532 2372 1643 2412 procul
1665 2371 1788 2408 dissita,
1819 2376 1974 2410 tanquam
2005 2370 2039 2400 in
2067 2370 2208 2411 imagine

1248 2418 1324 2449 viva
1346 2417 1437 2447 uobis
1466 2418 1710 2455 repraesentant
1731 2418 1809 2454 quot
1839 2413 1959 2444 amicos
1987 2412 2145 2450 habuerit,
2178 2421 2209 2444 ot-

1247 2461 1281 2491 in
1312 2465 1390 2499 quot
1420 2459 1496 2489 locis
1537 2458 1692 2498 profugus
1722 2456 1837 2494 fuerit,
1874 2466 1954 2496 quae
1985 2455 2131 2487 doctrina
2160 2462 2209 2487 est

1248 2503 1337 2533 nobis
1368 2502 1462 2541 longe
1493 2501 1601 2531 utilior
1630 2510 1724 2540 quam
1756 2509 1832 2539 prae
1855 2509 1889 2529 se
1910 2499 2003 2529 ferat.
2049 2498 2206 2529 Davidem

1248 2546 1332 2575 enim
1361 2545 1455 2583 longo
1487 2548 1629 2583 tempore
1657 2542 1756 2573 fuisse
1787 2542 1952 2579 miserum,
1987 2546 2017 2571 et
2047 2541 2079 2571 in
2110 2542 2207 2572 variis

1249 2598 1371 2619 errasse
1389 2586 1466 2617 locis
1478 2587 1609 2616 minime
1622 2585 1754 2616 dubium
1770 2589 1827 2621 est,
1847 2583 2049 2615 simillimum
2062 2584 2208 2614 aviculae

1248 2640 1329 2670 quae
1348 2629 1461 2660 nullibi
1480 2630 1607 2660 firmum
1631 2628 1745 2668 pedem
1767 2628 1866 2668 figere
1889 2630 2003 2667 potest.
2038 2626 2106 2656 Iam
2132 2636 2211 2657 vero

1956 2676 2005 2702 45*
