2551 3044
341 239 401 270 231
1155 237 1358 269 HomLtA
1381 239 1508 271 LXIV.
1608 218 1613 224 ’
2263 245 2326 276 232

346 334 515 365 benefacta
540 343 739 370 revocemus
766 337 797 364 et
821 344 878 374 pro
901 333 939 365 iis
962 333 1084 364 debitas
1108 333 1167 372 ipsi
1191 333 1312 373 gratias
1336 336 1339 347 ¹

346 386 501 417 agamus.
525 386 586 415 quo
611 376 644 406 in
669 375 736 406 dies
760 386 834 416 spes
857 384 968 407 nostra
992 384 1141 417 augescat
1164 382 1195 406 ct
1219 375 1311 407 robo-

348 426 448 457 retur,
471 419 550 450 tulto
575 426 609 449 ut
630 419 742 450 imieti
761 422 953 458 perstemus,
977 426 1007 450 ct
1027 419 1182 450 adversus
1201 428 1312 449 omnes

347 462 543 493 tentationes
577 462 787 501 imperterriti
822 472 1010 493 maneamus
1044 470 1075 493 ct
1110 462 1235 492 fortiter
1262 468 1339 492 rc-'

348 505 510 536 sistamus.

432 547 503 578 Iam
528 557 604 578 vcro
628 547 711 587 agite
734 550 785 578 etc.

620 719 864 760 HOMILIA
898 720 1041 759 LXIV.

436 806 486 836 46.
520 804 621 835 Hodie
650 804 734 836 dabit
756 807 783 835 le
813 804 970 835 Dominus
1000 805 1029 834 in
1060 814 1155 834 mann
1183 814 1259 840 mea,
1288 807 1315 835 el

344 849 520 888 perculiam
552 851 587 886 te,
619 850 644 878 ct
674 848 817 887 auferam
847 850 938 886 calm!
966 850 1051 877 taum
1075 858 1093 877 a
1117 850 1159 877 le:
1188 849 1216 877 ct
1236 846 1314 878 dabo

346 892 499 923 cadavera
541 893 711 921 castrorum
746 890 987 922 Philistum-um
1021 890 1108 920 hodie
1140 889 1315 920 volatilibus

346 934 422 965 coeli
452 937 477 964 cl
507 933 611 964 bestiis
640 936 752 963 terrae:
782 936 813 963 a!
841 934 918 964 sciat
949 934 1049 964 onmis
1070 935 1150 963 terra
1174 933 1249 972 qaia
1272 935 1316 964 est

352 976 441 1008 Deus
480 977 511 1007 in
544 976 657 1007 Israel.
708 976 758 1007 47.
792 976 832 1006 Ec
866 977 981 1006 „oz-erit
1013 976 1160 1006 universa
1191 975 1313 1007 ecclesia

349 1019 432 1056 haec,
463 1019 540 1059 qnia
563 1030 623 1050 non
648 1020 677 1049 in
699 1019 814 1059 ylaclio.
839 1029 891 1050 vice
913 1019 945 1048 in
968 1019 1057 1050 lars-ta
1079 1017 1178 1049 salvat
1201 1018 1312 1049 Domi-

346 1073 417 1094 nus.
464 1062 573 1102 Ipsius
594 1062 674 1092 enim
693 1064 737 1092 est
759 1061 880 1099 bellam,
903 1064 929 1091 ct
951 1063 1047 1093 lraclcl
1069 1070 1123 1091 vos
1146 1062 1179 1092 in
1201 1071 1314 1092 vuinus

344 1108 480 1137 nostras.

433 1190 599 1221 Hesterna
621 1190 776 1221 concione
801 1188 950 1226 vidimus,
975 1201 1035 1230 qua
1058 1196 1174 1227 mente,
1197 1195 1229 1220 et
1251 1201 1314 1230 quo

348 1244 446 1266 sensu
470 1233 578 1264 David
603 1232 791 1264 Goliathum
816 1232 906 1263 illum
931 1234 1095 1274 gigantem
1117 1233 1312 1273 compellans

346 1277 476 1313 diecret,
495 1286 530 1307 so
549 1286 612 1306 non
633 1274 782 1315 progredi
804 1275 961 1306 adversus
980 1277 1084 1316 ipsum
1104 1287 1177 1308 cum
1197 1276 1312 1307 armis:

347 1331 411 1351 non
444 1318 527 1359 quod
558 1318 749 1359 simpliciter
779 1318 876 1349 armis
908 1320 954 1349 uti
987 1324 1162 1356 vetaretur,
1196 1319 1312 1359 quibus

346 1362 440 1393 illum
463 1361 614 1401 deinceps
637 1371 731 1391 usum
757 1367 899 1401 apparet,
924 1362 1029 1402 gladio
1053 1368 1129 1402 puta
1151 1367 1183 1392 et
1200 1362 1312 1401 clypeo

347 1416 385 1437 ac
409 1404 586 1436 similibus:
621 1403 705 1443 quod
730 1404 789 1443 ipsi
814 1404 919 1435 licuit:
951 1404 1006 1435 sed
1038 1405 1121 1444 quod
1154 1406 1199 1436 ita
1222 1404 1312 1436 Deus

347 1447 540 1479 miraculose
564 1445 660 1477 vellet
684 1457 764 1486 opus
787 1457 881 1477 suum
905 1457 963 1486 per
981 1447 1141 1479 Davidem
1165 1448 1310 1488 implere.

347 1491 432 1522 Nam
454 1500 552 1530 quum
567 1489 637 1520 Deo
656 1489 761 1528 place-t
779 1500 837 1520 nos
856 1490 1023 1529 praesidiis
1043 1490 1193 1522 humanis
1213 1490 1311 1522 desti-

348 1535 408 1572 tui,
438 1534 586 1564 sufficere
616 1531 709 1562 debet
733 1532 833 1571 ipsius
857 1533 1033 1571 promissio,
1058 1533 1126 1564 fore
1150 1539 1185 1564 ut
1205 1538 1269 1565 stet
1292 1545 1311 1565 a

347 1576 469 1607 nostris
493 1575 646 1615 partibus.
693 1574 821 1613 Quibus
852 1576 937 1605 enim
961 1576 1032 1607 aliis
1055 1576 1208 1607 subsidiis
1231 1587 1310 1616 opus

344 1618 514 1656 habemus,
538 1617 631 1648 modo
654 1616 693 1648 ad
719 1624 861 1648 nostram
883 1618 1019 1649 salutem
1045 1619 1197 1650 virtutem
1210 1624 1240 1650 ct
1253 1629 1310 1659 po-

345 1661 482 1693 tentiam
506 1670 598 1691 suam
622 1659 773 1691 exserat?
808 1660 850 1691 Et
865 1665 1043 1700 praeterea,
1063 1661 1138 1693 licet
1161 1662 1310 1693 omnibus

346 1703 537 1735 necessariis
562 1702 730 1742 praesidiis
755 1703 914 1742 instructi,
941 1710 1047 1735 tamen
1071 1705 1103 1735 in
1128 1705 1256 1736 caducis
1279 1710 1311 1736 ct

347 1747 487 1778 terrenis
518 1745 581 1777 illis
611 1744 706 1776 rebus
737 1756 826 1785 spem
856 1753 1000 1778 nostram
1023 1747 1178 1779 collocare
1201 1747 1310 1788 prohi-

346 1789 474 1821 bemur:
510 1787 565 1819 sed
598 1794 711 1819 contra
734 1788 843 1819 Deum
876 1788 1054 1820 adiutorem
1089 1789 1245 1822 advocare
1279 1796 1312 1822 et

345 1832 496 1873 precibus
519 1830 692 1862 sollicitare
715 1831 873 1870 iubemur,
893 1842 954 1863 non
975 1831 1160 1864 dubitantes
1184 1834 1260 1873 quin
1284 1833 1312 1864 si

346 1874 496 1911 voluerit,
530 1874 672 1914 ipsorum
708 1873 847 1904 hostium
882 1884 972 1906 arma
1006 1875 1098 1907 nobis
1132 1876 1164 1906 in
1196 1887 1312 1907 manus

348 1918 471 1949 tradat:
497 1922 531 1947 ut
555 1922 684 1947 nostrae
705 1916 820 1947 salutis
843 1916 913 1948 laus
937 1924 969 1948 et
991 1918 1094 1959 gloria
1113 1918 1172 1950 soli
1193 1919 1238 1949 illi
1258 1920 1313 1950 tri-

348 1961 482 1992 buatur:
508 1959 591 2007 quod
615 1959 642 1990 si
666 1958 762 1990 rebus
783 1969 802 1990 a
824 1970 858 1990 se
881 1960 998 1992 creatis
1017 1966 1135 1999 utatur,
1159 1971 1224 1992 non
1243 1961 1312 1993 ideo

347 2009 458 2034 tamen
491 2003 595 2033 virtus
618 2002 719 2042 ipsius
741 2003 971 2034 imminuatur:
1001 2008 1032 2034 ct
1056 2004 1082 2035 si
1106 2005 1174 2035 siue
1199 2004 1313 2035 huma-

348 2046 400 2077 nis
425 2044 593 2085 praesidiis
617 2055 684 2076 rem
709 2045 862 2084 perficiat,
891 2045 961 2078 cius
987 2047 1092 2078 virtus
1115 2052 1147 2077 et
1170 2048 1313 2087 potentia

347 2089 391 2120 sit
410 2087 514 2119 adhuc
537 2087 633 2128 longe
656 2088 773 2118 clarior
795 2094 828 2119 et
850 2089 1058 2129 perspectior.
1104 2089 1178 2120 Non
1201 2090 1312 2121 imme-

347 2132 410 2163 rito
432 2131 532 2171 igitur
555 2131 678 2171 giganti
702 2131 747 2161 illi
762 2130 938 2163 Philistaeo
958 2131 1068 2163 David
1090 2133 1206 2171 obiicit,
1230 2132 1313 2172 quod
1338 2140 1339 2151 ¹

349 2184 425 2206 cum
449 2173 556 2214 gladio
575 2180 607 2204 et
627 2174 719 2205 hasta
735 2173 907 2205 adversum
921 2184 955 2205 se
967 2174 1201 2216 progrediatur,
1225 2177 1313 2215 quasi
1338 2185 1340 2190 ¹

349 2216 487 2248 diceret:
517 2216 565 2247 Tu
597 2216 671 2247 solis
702 2217 771 2247 istis
801 2217 1063 2257 corruptibilibus
1093 2218 1190 2249 armis
1214 2218 1315 2249 fretus

348 2270 402 2291 mc
426 2269 580 2300 provocas
603 2259 642 2290 ad
666 2264 839 2297 certamen,
877 2270 936 2300 ego
959 2270 1035 2291 vero
1058 2260 1154 2301 longe
1177 2261 1315 2292 meliori·
1340 2259 1341 2290 j
1367 2270 1502 2311 quenter
1525 2263 1668 2295 occurrit
1690 2263 1724 2293 in
1747 2262 1855 2299 sacris,
1880 2272 1943 2310 qua
1961 2262 2074 2292 mortis
2093 2262 2328 2302 ignominiosae

350 2302 412 2333 bus
425 2302 522 2333 armis
536 2303 640 2338 nixus,
663 2303 722 2333 Dei
742 2303 895 2333 nimirum
915 2303 1068 2343 potentia,
1087 2309 1315 2344 provocantem

351 2355 515 2386 oppugno.

350 2390 452 2419 fretos
470 2389 550 2418 iram
564 2387 626 2418 Dei
646 2388 816 2419 adversum
838 2399 872 2419 se
895 2399 1080 2428 provocare,
1104 2389 1187 2429 quod
1211 2389 1316 2420 debito

351 2431 458 2471 ipsum
483 2431 603 2462 honore
625 2431 778 2470 spolient:
806 2432 898 2462 cuius
929 2437 1133 2472 contemptus
1156 2431 1245 2463 Deus
1269 2439 1317 2463 est

352 2474 440 2504 ultor
480 2473 626 2510 futurus,
668 2484 767 2513 eaque
809 2475 933 2505 ratione
965 2475 1133 2506 victoriam
1168 2475 1207 2506 de
1241 2475 1318 2515 ipsi‹

353 2517 446 2548 nobis
477 2516 587 2546 datum
618 2517 667 2547 iri.
715 2517 800 2547 Sane
823 2517 1000 2557 optandum
1025 2517 1170 2549 inimicos
1194 2523 1297 2549 nostr(

355 2564 388 2590 et
423 2558 586 2599 improbos
620 2559 769 2590 homines
793 2559 854 2590 Dci
889 2566 1126 2600 contemptores
1160 2571 1196 2592 eo
1231 2571 1298 2592 arr(

355 2602 488 2640 gantiae
517 2602 638 2639 venire,
673 2609 704 2633 et
733 2603 896 2633 excaecari
928 2603 1119 2634 ambitione:
1154 2603 1238 2644 quod
1273 2603 1297 2634 it

357 2644 464 2675 Deum
488 2645 592 2684 ipsum
617 2651 797 2684 provocent,
823 2646 876 2685 qui
900 2645 1036 2677 nimium
1059 2646 1149 2677 fortis
1168 2647 1247 2686 ipsis
1267 2646 1320 2676 ad-

357 2687 521 2718 versarius
544 2688 585 2718 sit
610 2688 757 2719 futurus:
781 2692 812 2719 et
835 2688 879 2719 ita
903 2689 994 2721 nobis
1016 2689 1144 2720 animus
1167 2689 1231 2728 fiat,
1254 2688 1320 2720 illis
1343 2678 1346 2712 i

1336 1931 1337 1941 ¹
1363 1921 1436 1953 coeli
1465 1923 1492 1952 et
1527 1919 1633 1951 bestiis
1661 1922 1768 1951 terrae.

572 2344 658 2376 Hinc
693 2345 871 2382 diseamus,
911 2346 1058 2378 inimicos
1092 2347 1159 2378 suis
1192 2346 1343 2377 viribus1

1364 334 1494 365 interim
1514 334 1621 366 Deum
1645 339 1676 366 et
1699 334 1846 366 homines
1870 334 2043 367 adversum
2066 346 2100 367 se
2123 338 2328 376 provocanti-

1365 376 1432 414 bus,
1462 377 1585 416 sibique
1615 378 1780 409 victoriam
1803 379 2066 418 promittentibus
2089 384 2121 410 et
2145 379 2327 420 triumphos

1364 420 1603 459 apparandbus,
1627 420 1683 460 qui
1706 426 1814 452 tamen
1838 421 1952 452 ruinae
1975 428 2007 452 et
2030 421 2130 452 exitio
2149 423 2327 454 certissimo

1365 463 1468 502 magis
1509 473 1545 495 ac
1581 463 1685 503 magis
1719 464 1943 504 propinquant.
1999 464 2038 495 111
2073 465 2186 504 primis
2219 472 2328 497 autem

1365 505 1603 536 observandum
1634 506 1686 537 hic
1716 507 1904 537 nominatim
1940 507 2009 538 fieri
2044 507 2242 539 mentionem
2273 518 2327 540 no-

1366 548 1462 578 minis
1483 548 1554 586 Dei,
1594 554 1629 579 ut
1660 549 1858 589 significetur
1888 550 1958 590 ipsa
1980 549 2043 580 Dei
2078 550 2191 588 virtus,
2233 561 2328 591 quem

1365 591 1392 622 si
1426 591 1652 622 auxiliatorem
1692 596 1725 622 et
1758 598 1957 624 servatorem
1991 593 2132 632 experiri
2167 593 2328 632 volumus,

1366 633 1517 665 invocare
1548 634 1674 674 qualem
1699 644 1732 665 se
1755 634 1847 666 nobis
1871 635 2022 675 patefecit
2045 636 2078 666 in
2101 637 2221 667 nostris
2245 636 2328 668 diffi-

1366 677 1539 708 cultatibus
1574 677 1737 708 debemus.
1782 677 1895 718 Neque
1928 679 2013 709 enim
2044 688 2107 709 vox
2138 678 2192 710 illa
2222 689 2329 711 vnonum

1366 719 1556 760 simpliciter
1579 730 1636 760 pro
1656 719 1810 751 vocabulo
1828 720 1883 751 illo
1902 721 2088 761 accipienda
2106 728 2170 753 est:
2194 722 2250 753 scd
2271 732 2329 762 pro

1367 762 1487 794 virtute
1517 773 1599 803 quae
1629 762 1691 794 hoc
1720 763 1849 794 nomine
1877 763 2075 803 designatur.
2121 763 2222 796 Sacra
2250 775 2329 796 vero

1366 805 1526 845 scriptura
1556 805 1637 837 solet
1665 805 1711 836 ita
1740 805 1836 845 loqui,
1867 811 1903 837 ut
1927 806 2032 837 Deum
2056 806 2175 838 indicet
2197 817 2216 838 a
2239 807 2329 839 nobis

1366 848 1584 879 invocandum
1607 858 1645 879 ea
1668 847 1782 879 fiducia
1805 858 1867 889 qua
1889 849 2012 880 cultum
2036 849 2098 889 ipsi
2121 849 2265 880 debitum
2284 850 2329 882 of-

1365 891 1515 929 feramus,
1545 898 1577 922 et
1606 891 1733 930 qualem
1763 901 1797 922 se
1818 891 1908 923 nobis
1932 892 2084 931 patefecit
2105 902 2329 933 agnoscamus.

1367 934 1422 965 Sic
1444 934 1574 965 Psalmo
1597 934 1639 965 50
1662 934 1751 965 Deus
1773 933 1862 965 iubet
1885 944 1919 965 se
1941 934 2096 966 invocari.
2142 935 2256 967 Im‘oca
2273 945 2330 974 me,

1366 977 1480 1017 inquit,
1512 980 1641 1017 tempore
1669 977 1846 1017 anyustiae:
1874 980 1900 1008 el
1929 979 1957 1007 te
1979 978 2145 1009 az'audiam
2165 980 2195 1008 ul
2218 977 2330 1010 honore

1364 1030 1410 1051 mo
1433 1019 1565 1059 afficias.
1611 1020 1702 1051 Licet
1725 1020 1825 1060 igitur
1847 1020 1967 1051 invicta
1988 1020 2050 1051 Dei
2075 1021 2180 1052 virtus
2203 1031 2329 1062 semper

1365 1070 1478 1102 parata
1508 1063 1549 1094 sit
1579 1062 1619 1093 ad
1643 1062 1799 1093 auxilium
1824 1062 1916 1094 nobis
1939 1063 1972 1093 in
1997 1064 2143 1103 angustis
2166 1064 2262 1095 rebus
2286 1064 2330 1096 fe-

1366 1105 1512 1143 rendum,
1543 1115 1609 1136 non
1640 1110 1749 1136 tamen
1779 1104 1819 1136 ad
1841 1105 1930 1136 illam
1953 1106 2126 1146 confugere
2149 1116 2332 1146 possumus,

1366 1149 1428 1180 nisi
1452 1148 1542 1188 prius
1564 1158 1635 1179 eam
1655 1158 1896 1188 cognoscamus,
1920 1158 2024 1188 neque
2037 1149 2186 1181 effectum
2201 1150 2331 1188 sentire,

1365 1197 1396 1222 et
1419 1191 1596 1222 utilitatem
1619 1201 1659 1222 ex
1683 1201 1719 1222 ea
1744 1190 1873 1227 referre,
1905 1191 1968 1222 nisi
1995 1197 2029 1222 ut
2053 1192 2155 1223 nostri
2179 1193 2330 1224 miserea-

1365 1239 1420 1265 tur
1442 1244 1620 1274 precemur.
1664 1233 1767 1264 Porro
1789 1233 1899 1264 David
1923 1233 2086 1273 didicerat,
2117 1241 2152 1265 ut
2175 1241 2251 1266 ante
2274 1235 2331 1267 do-

1365 1278 1501 1314 cuimus,
1532 1277 1567 1307 in
1590 1287 1656 1307 uno
1679 1276 1749 1307 Deo
1773 1276 2074 1316 conquiescendum,
2105 1284 2137 1308 et
2158 1277 2198 1308 ad
2222 1278 2329 1318 ipsum

1364 1320 1467 1351 solum
1488 1325 1525 1352 ut
1543 1320 1742 1351 tutissimum
1762 1319 1885 1358 asylum
1905 1319 2167 1361 confugiendum,
2191 1331 2231 1352 ex
2250 1321 2332 1362 legis

1365 1363 1521 1402 doctrina,
1545 1368 1578 1393 et
1601 1363 1748 1402 precibus
1771 1369 1803 1393 et
1824 1362 2022 1394 orationibus
2045 1363 2166 1394 crebris
2189 1364 2221 1394 in
2241 1374 2279 1394 ea
2297 1375 2331 1396 se

1364 1411 1561 1438 exercuerat.
1607 1405 1675 1436 Nos
1700 1405 1807 1445 itaque
1830 1404 1968 1436 Davidis
1991 1406 2176 1446 exemplum
2200 1406 2330 1444 imitati,

1364 1459 1462 1490 quum
1482 1448 1565 1489 apud
1585 1448 1769 1480 incredulos
1787 1447 2008 1488 gloriabimur,
2028 1449 2087 1480 hoe
2108 1449 2236 1480 nomine
2252 1459 2327 1481 cum

1363 1493 1432 1532 ipso
1455 1491 1586 1532 gloriari
1610 1490 1780 1528 discamus
1804 1501 1861 1522 nos
1884 1501 1998 1531 nempe
2012 1491 2118 1522 Deum
2142 1502 2206 1523 non
2229 1492 2326 1524 simu-

1362 1534 1427 1566 late
1451 1545 1554 1574 neque
1577 1539 1713 1565 externo
1737 1538 1865 1564 tantum
1888 1535 1963 1572 ritu,
1994 1533 2050 1565 scd
2080 1534 2204 1566 sincere
2235 1540 2268 1566 et
2289 1535 2324 1567 in

1363 1587 1440 1609 vera
1471 1577 1590 1609 fiducia
1619 1577 1777 1613 invocare,
1808 1576 2067 1617 quandoquidem
2100 1577 2139 1608 ab
2167 1577 2238 1617 ipso
2260 1578 2327 1609 vita

1364 1626 1475 1652 nostra
1497 1625 1531 1651 et
1550 1619 1638 1651 salus
1660 1618 1828 1659 dependet,
1851 1625 1883 1650 et
1905 1630 1963 1651 nos
1987 1619 2068 1650 nihil
2092 1630 2110 1650 a
2133 1620 2225 1652 nobis
2247 1620 2327 1662 ipsis

1363 1673 1550 1704 possumus:
1583 1667 1616 1694 et
1648 1662 1750 1703 ipsius
1786 1662 1860 1693 freti
1895 1662 2162 1702 promissionibus
2195 1673 2327 1704 sperare

1363 1707 1430 1738 fore
1454 1712 1490 1737 ut
1508 1716 1675 1745 nunquam
1693 1715 1751 1736 nos
1771 1705 1878 1745 ipsum
1897 1711 2092 1745 quaerentes
2111 1704 2246 1743 deserat,
2270 1705 2327 1738 sed

1362 1759 1517 1790 praesens
1540 1748 1697 1780 auxilium
1720 1748 1755 1779 in
1778 1748 1875 1779 rebus
1898 1748 2045 1788 angustis
2068 1748 2158 1779 ferat.

1449 1792 1620 1831 Sequitur:
1644 1790 1746 1822 Hodie
1768 1790 1851 1822 elabi!
1869 1793 1896 1822 te
1907 1790 2066 1822 Dominus
2083 1792 2117 1822 in
2135 1801 2232 1823 manu
2249 1802 2327 1831 mea,

1363 1838 1390 1867 et
1403 1835 1582 1874 percutiam
1603 1837 1639 1872 te,
1662 1836 1689 1865 et
1711 1833 1856 1872 auferam
1877 1836 1970 1873 caput
1990 1836 2078 1865 tuum
2100 1844 2119 1865 a
2142 1836 2179 1873 te,
2202 1837 2229 1866 et
2249 1835 2328 1866 dabo

1363 1878 1515 1910 cadavera
1545 1879 1714 1909 castrorum
1742 1876 1985 1908 Plzilistaeoram
2021 1876 2110 1908 hodie
2148 1877 2329 1910 volatilibus

1822 1919 1912 1950 Idem
1943 1925 1975 1950 et
2003 1919 2178 1951 Goliathus
2208 1920 2327 1952 Davidi

1364 1965 1506 1995 minatus
1529 1963 1643 2000 fuerat,
1667 1963 1727 1994 nisi
1751 1962 1835 2002 quod
1859 1961 1910 1992 hic
1933 1961 2038 1993 David
2062 1962 2206 1993 minatur
2228 1963 2327 1994 etiam

1363 2007 1478 2038 castris
1501 2005 1754 2037 Philistaeorum
1778 2005 1928 2036 ultimum
1952 2005 2104 2037 exitium:
2137 2005 2206 2036 Deo
2229 2005 2328 2037 dante

1364 2050 1425 2090 ipsi
1447 2054 1484 2080 ut
1507 2049 1675 2080 victoriam
1698 2048 1843 2086 referret,
1873 2058 1939 2079 non
1968 2052 2096 2079 tantum
2127 2047 2166 2079 de
2189 2059 2254 2079 uno
2277 2048 2326 2089 gi-

1365 2097 1472 2132 gante,
1502 2091 1558 2123 sed
1591 2091 1629 2123 de
1651 2091 1707 2122 illo
1730 2101 1904 2122 numeroso
1927 2091 2070 2122 exercitu
2094 2091 2147 2131 qui
2171 2090 2328 2123 adversus

1352 2135 1427 2174 ‚Dei
1457 2134 1613 2175 populum
1643 2138 1707 2165 tam
1737 2134 1874 2173 superbe
1904 2139 1937 2164 et
1964 2133 2192 2165 contumeliose
2221 2134 2328 2166 insur-

1367 2183 1504 2209 raexcrit.
1549 2177 1651 2208 Porro
1674 2176 1753 2208 haec
1777 2176 1927 2217 loquendi
1950 2176 2093 2217 phrasis.
2123 2175 2212 2207 Dare
2233 2177 2327 2209 oada-

1367 2231 1439 2252 cera
1462 2230 1622 2252 caesorum
1650 2219 1825 2251 volatilibus
1853 2219 1926 2251 coeli
1954 2221 1980 2250 et
2003 2218 2110 2250 bestiis
2132 2221 2240 2260 terrae,
2264 2220 2327 2251 fie-

1368 2306 1490 2346 species
1512 2306 1722 2347 significahtur
1757 2305 1906 2336 Minatur
1928 2305 2036 2344 itaque
2055 2304 2164 2335 David
2178 2305 2334 2337 Goliatho

1369 2360 1433 2379 non
1458 2333 1583 2379 tautu³m
1609 2358 1728 2386 necem,
1752 2347 1807 2379 sed
1831 2348 1928 2379 etiam
1951 2353 2022 2387 post
2039 2352 2174 2378 mortem
2195 2348 2334 2381 dedecus

1369 2398 1401 2421 et
1424 2391 1645 2431 ignominiam,
1672 2391 1739 2422 fore
1762 2391 1917 2421 nimirum
1941 2396 1976 2420 ut
1998 2389 2137 2421 cadaver
2160 2390 2262 2430 ipsius
2285 2392 2334 2422 in-

1369 2434 1531 2474 sepultum
1565 2434 1676 2471 iaceat,
1710 2438 1742 2465 et
1764 2433 1886 2464 bestiis
1918 2436 2024 2463 terrae
2059 2437 2092 2463 et
2125 2433 2241 2465 avibus
2274 2433 2335 2465 fiat

1342 2492 1345 2512 ι,
1371 2483 1480 2515 pastus
1509 2482 1541 2507 ct
1575 2486 1664 2508 esca:
1695 2481 1727 2507 et
1755 2475 1890 2507 eandem
1921 2475 1988 2506 fore
2013 2475 2110 2506 etiam
2135 2476 2335 2516 reliquorum

1372 2519 1624 2550 l'hilistaeorum
1647 2517 1873 2551 conditionem.
1919 2517 2094 2549 Goliatbus
2125 2519 2222 2550 etiam
2249 2518 2334 2550 idem

1343 2558 1345 2593 ἶ
1373 2561 1490 2593 Davidi
1521 2563 1599 2593 satis
1628 2561 1802 2593 crudeliter
1831 2566 1863 2592 et
1886 2560 2024 2600 superbe
2047 2561 2190 2593 minatus
2213 2561 2333 2593 fuerat:

1372 2605 1457 2635 hunc
1480 2605 1589 2644 itaque
1612 2614 1733 2635 morem
1756 2603 1927 2635 militarem
1953 2604 2047 2634 etiam
2072 2603 2182 2635 David
2205 2604 2334 2645 quidem

1371 2647 1516 2678 imitatus
1546 2652 1612 2678 est:
1642 2647 1746 2678 solent
1774 2646 1859 2677 enim
1890 2646 2008 2677 milites
2031 2647 2076 2678 sic
2099 2647 2166 2679 suis
2189 2646 2336 2678 hostibus

1372 2689 1538 2727 insultare,
1559 2695 1672 2721 utnon
1686 2693 1812 2721 tantum
1832 2699 1944 2721 necem
1964 2690 2140 2728 minentur,
2163 2689 2218 2722 sed
2237 2689 2334 2722 etiam
