<?xml version="1.0" encoding="UTF-8"?>
<!DOCTYPE html PUBLIC "-//W3C//DTD XHTML 1.0 Transitional//EN"
    "http://www.w3.org/TR/xhtml1/DTD/xhtml1-transitional.dtd">
<html xmlns="http://www.w3.org/1999/xhtml" xml:lang="en" lang="en">
 <head>
  <title>
</title>
<meta http-equiv="Content-Type" content="text/html;charset=utf-8" />
  <meta name='ocr-system' content='tesseract 3.04.00' />
  <meta name='ocr-capabilities' content='ocr_page ocr_carea ocr_par ocr_line ocrx_word'/>
</head>
<body>
  <div class='ocr_page' id='page_1' title='image "./ioanniscalviniop30calv_0113.png"; bbox 0 0 2551 3044; ppageno 0'>
   <div class='ocr_carea' id='block_1_1' title="bbox 191 186 254 217">
    <p class='ocr_par' dir='ltr' id='par_1_1' title="bbox 191 186 254 217">
     <span class='ocr_line' id='line_1_1' title="bbox 191 186 254 217; baseline 0.016 -1"><span class='ocrx_word' id='word_1_1' title='bbox 191 186 254 217; x_wconf 80' lang='lat'>205</span> 
     </span>
    </p>
   </div>
   <div class='ocr_carea' id='block_1_2' title="bbox 182 281 1161 2666">
    <p class='ocr_par' dir='ltr' id='par_1_2' title="bbox 182 281 1161 2666">
     <span class='ocr_line' id='line_1_2' title="bbox 196 281 1161 321; baseline 0 -9"><span class='ocrx_word' id='word_1_2' title='bbox 196 292 317 321; x_wconf 84' lang='lat' dir='ltr'>magna</span> <span class='ocrx_word' id='word_1_3' title='bbox 350 281 436 321; x_wconf 88' lang='lat' dir='ltr'>regis</span> <span class='ocrx_word' id='word_1_4' title='bbox 471 291 538 312; x_wconf 81' lang='lat' dir='ltr'>esse</span> <span class='ocrx_word' id='word_1_5' title='bbox 571 281 742 321; x_wconf 79' lang='lat' dir='ltr'>promissa,</span> <span class='ocrx_word' id='word_1_6' title='bbox 776 281 889 320; x_wconf 86' lang='lat' dir='ltr'>quibus</span> <span class='ocrx_word' id='word_1_7' title='bbox 923 281 962 312; x_wconf 90' lang='lat' dir='ltr'>ad</span> <span class='ocrx_word' id='word_1_8' title='bbox 997 287 1161 312; x_wconf 86' lang='lat' dir='ltr'>certamen</span> 
     </span>
     <span class='ocr_line' id='line_1_3' title="bbox 197 323 1160 364; baseline 0.001 -10"><span class='ocrx_word' id='word_1_9' title='bbox 197 325 299 364; x_wconf 80' lang='lat' dir='ltr'>possit</span> <span class='ocrx_word' id='word_1_10' title='bbox 328 324 442 364; x_wconf 86' lang='lat' dir='ltr'>aliquis</span> <span class='ocrx_word' id='word_1_11' title='bbox 472 324 675 362; x_wconf 81' lang='lat' dir='ltr'><strong>commoveri,</strong></span> <span class='ocrx_word' id='word_1_12' title='bbox 706 334 819 363; x_wconf 80' lang='lat' dir='ltr'>nempe</span> <span class='ocrx_word' id='word_1_13' title='bbox 849 323 959 354; x_wconf 83' lang='lat' dir='ltr'>multis</span> <span class='ocrx_word' id='word_1_14' title='bbox 991 324 1112 354; x_wconf 89' lang='lat' dir='ltr'>divitiis</span> <span class='ocrx_word' id='word_1_15' title='bbox 1143 335 1160 355; x_wconf 87' lang='lat' dir='ltr'>a</span> 
     </span>
     <span class='ocr_line' id='line_1_4' title="bbox 197 366 1160 407; baseline -0.002 -9"><span class='ocrx_word' id='word_1_16' title='bbox 197 377 274 407; x_wconf 89' lang='lat' dir='ltr'>rege</span> <span class='ocrx_word' id='word_1_17' title='bbox 298 367 480 397; x_wconf 87' lang='lat' dir='ltr'>donandum</span> <span class='ocrx_word' id='word_1_18' title='bbox 505 377 577 397; x_wconf 89' lang='lat' dir='ltr'>eum</span> <span class='ocrx_word' id='word_1_19' title='bbox 602 366 654 406; x_wconf 89' lang='lat' dir='ltr'>qui</span> <span class='ocrx_word' id='word_1_20' title='bbox 678 366 839 406; x_wconf 79' lang='lat' dir='ltr'>gigantem</span> <span class='ocrx_word' id='word_1_21' title='bbox 864 366 954 396; x_wconf 88' lang='lat' dir='ltr'>illum</span> <span class='ocrx_word' id='word_1_22' title='bbox 983 366 1160 406; x_wconf 84' lang='lat' dir='ltr'>debellarit⁷</span> 
     </span>
     <span class='ocr_line' id='line_1_5' title="bbox 197 409 1160 449; baseline -0.001 -9"><span class='ocrx_word' id='word_1_23' title='bbox 197 415 229 441; x_wconf 90' lang='lat' dir='ltr'>et</span> <span class='ocrx_word' id='word_1_24' title='bbox 253 415 419 449; x_wconf 87' lang='lat' dir='ltr'>praeterea</span> <span class='ocrx_word' id='word_1_25' title='bbox 443 409 541 439; x_wconf 83' lang='lat' dir='ltr'>filiam</span> <span class='ocrx_word' id='word_1_26' title='bbox 572 409 656 448; x_wconf 86' lang='lat' dir='ltr'>regis</span> <span class='ocrx_word' id='word_1_27' title='bbox 685 410 718 439; x_wconf 86' lang='lat' dir='ltr'>in</span> <span class='ocrx_word' id='word_1_28' title='bbox 747 409 985 439; x_wconf 75' lang='lat' dir='ltr'>matrimonium</span> <span class='ocrx_word' id='word_1_29' title='bbox 1011 415 1160 448; x_wconf 88' lang='lat' dir='ltr'>acceptu-</span> 
     </span>
     <span class='ocr_line' id='line_1_6' title="bbox 197 450 1160 492; baseline 0 -10"><span class='ocrx_word' id='word_1_30' title='bbox 197 463 279 489; x_wconf 86' lang='lat' dir='ltr'>rum,</span> <span class='ocrx_word' id='word_1_31' title='bbox 302 461 519 492; x_wconf 79' lang='lat' dir='ltr'>generumque</span> <span class='ocrx_word' id='word_1_32' title='bbox 550 452 634 491; x_wconf 89' lang='lat' dir='ltr'>regis</span> <span class='ocrx_word' id='word_1_33' title='bbox 664 450 815 482; x_wconf 88' lang='lat' dir='ltr'>futurum.</span> <span class='ocrx_word' id='word_1_34' title='bbox 864 450 956 489; x_wconf 79' lang='lat' dir='ltr'>Quae</span> <span class='ocrx_word' id='word_1_35' title='bbox 988 451 1018 481; x_wconf 92' lang='lat' dir='ltr'>in</span> <span class='ocrx_word' id='word_1_36' title='bbox 1044 451 1160 482; x_wconf 84' lang='lat' dir='ltr'>castris</span> 
     </span>
     <span class='ocr_line' id='line_1_7' title="bbox 196 493 1160 533; baseline 0 -8"><span class='ocrx_word' id='word_1_37' title='bbox 196 495 275 525; x_wconf 86' lang='lat' dir='ltr'>satis</span> <span class='ocrx_word' id='word_1_38' title='bbox 299 500 372 524; x_wconf 88' lang='lat' dir='ltr'>nota</span> <span class='ocrx_word' id='word_1_39' title='bbox 396 493 494 524; x_wconf 85' lang='lat' dir='ltr'>fuisse</span> <span class='ocrx_word' id='word_1_40' title='bbox 519 494 677 524; x_wconf 87' lang='lat' dir='ltr'>videntur.</span> <span class='ocrx_word' id='word_1_41' title='bbox 703 493 765 525; x_wconf 84' lang='lat' dir='ltr'>Sed</span> <span class='ocrx_word' id='word_1_42' title='bbox 789 494 848 532; x_wconf 90' lang='lat' dir='ltr'>cui,</span> <span class='ocrx_word' id='word_1_43' title='bbox 872 504 1002 533; x_wconf 71' lang='lat' dir='ltr'>quaeso,</span> <span class='ocrx_word' id='word_1_44' title='bbox 1026 504 1160 525; x_wconf 88' lang='lat' dir='ltr'>narran-</span> 
     </span>
     <span class='ocr_line' id='line_1_8' title="bbox 195 536 1159 576; baseline -0.001 -9"><span class='ocrx_word' id='word_1_45' title='bbox 195 536 274 567; x_wconf 86' lang='lat' dir='ltr'>tur&#39;?</span> <span class='ocrx_word' id='word_1_46' title='bbox 302 536 386 567; x_wconf 84' lang='lat' dir='ltr'>Nam</span> <span class='ocrx_word' id='word_1_47' title='bbox 411 536 480 575; x_wconf 74' lang='lat' dir='ltr'>quis</span> <span class='ocrx_word' id='word_1_48' title='bbox 504 536 664 566; x_wconf 80' lang='lat' dir='ltr'>Davidem</span> <span class='ocrx_word' id='word_1_49' title='bbox 688 546 828 576; x_wconf 90' lang='lat' dir='ltr'>unquam</span> <span class='ocrx_word' id='word_1_50' title='bbox 853 536 1069 567; x_wconf 78' lang='lat' dir='ltr'>existimasset</span> <span class='ocrx_word' id='word_1_51' title='bbox 1095 542 1159 567; x_wconf 89' lang='lat' dir='ltr'>tam</span> 
     </span>
     <span class='ocr_line' id='line_1_9' title="bbox 195 578 1159 618; baseline 0 -8"><span class='ocrx_word' id='word_1_52' title='bbox 195 578 331 610; x_wconf 86' lang='lat' dir='ltr'>arduum</span> <span class='ocrx_word' id='word_1_53' title='bbox 367 584 527 609; x_wconf 82' lang='lat' dir='ltr'>certamen</span> <span class='ocrx_word' id='word_1_54' title='bbox 560 578 806 618; x_wconf 83' lang='lat' dir='ltr'>suscepturum?</span> <span class='ocrx_word' id='word_1_55' title='bbox 851 578 959 617; x_wconf 81' lang='lat' dir='ltr'>Quare</span> <span class='ocrx_word' id='word_1_56' title='bbox 984 579 1159 610; x_wconf 85' lang='lat' dir='ltr'>verisimile</span> 
     </span>
     <span class='ocr_line' id='line_1_10' title="bbox 194 621 1158 661; baseline -0.002 -9"><span class='ocrx_word' id='word_1_57' title='bbox 194 626 244 652; x_wconf 85' lang='lat' dir='ltr'>est</span> <span class='ocrx_word' id='word_1_58' title='bbox 277 621 397 651; x_wconf 86' lang='lat' dir='ltr'>milites</span> <span class='ocrx_word' id='word_1_59' title='bbox 430 621 475 650; x_wconf 82' lang='lat' dir='ltr'>ita</span> <span class='ocrx_word' id='word_1_60' title='bbox 509 631 577 651; x_wconf 82' lang='lat' dir='ltr'>sese</span> <span class='ocrx_word' id='word_1_61' title='bbox 611 622 730 652; x_wconf 85' lang='lat' dir='ltr'>mutuis</span> <span class='ocrx_word' id='word_1_62' title='bbox 762 621 925 661; x_wconf 86' lang='lat' dir='ltr'>colloquiis</span> <span class='ocrx_word' id='word_1_63' title='bbox 960 621 1158 652; x_wconf 82' lang='lat' dir='ltr'>cohortatos:</span> 
     </span>
     <span class='ocr_line' id='line_1_11' title="bbox 193 663 1158 703; baseline -0.001 -8"><span class='ocrx_word' id='word_1_64' title='bbox 193 664 325 703; x_wconf 81' lang='lat' dir='ltr'>Ergone</span> <span class='ocrx_word' id='word_1_65' title='bbox 348 663 410 694; x_wconf 90' lang='lat' dir='ltr'>iste</span> <span class='ocrx_word' id='word_1_66' title='bbox 434 664 524 703; x_wconf 80' lang='lat' dir='ltr'>gigas</span> <span class='ocrx_word' id='word_1_67' title='bbox 549 669 671 694; x_wconf 85' lang='lat' dir='ltr'>tantum</span> <span class='ocrx_word' id='word_1_68' title='bbox 692 663 848 695; x_wconf 71' lang='lat' dir='ltr'>Israelitis</span> <span class='ocrx_word' id='word_1_69' title='bbox 871 663 1006 694; x_wconf 79' lang='lat' dir='ltr'>dedecus</span> <span class='ocrx_word' id='word_1_70' title='bbox 1030 663 1158 694; x_wconf 82' lang='lat' dir='ltr'>inuret?</span> 
     </span>
     <span class='ocr_line' id='line_1_12' title="bbox 193 706 1157 745; baseline -0.001 -8"><span class='ocrx_word' id='word_1_71' title='bbox 193 706 339 737; x_wconf 77' lang='lat' dir='ltr'>Nemone</span> <span class='ocrx_word' id='word_1_72' title='bbox 371 706 497 745; x_wconf 82' lang='lat' dir='ltr'>uspiam</span> <span class='ocrx_word' id='word_1_73' title='bbox 529 706 589 736; x_wconf 90' lang='lat' dir='ltr'>erit</span> <span class='ocrx_word' id='word_1_74' title='bbox 619 707 672 745; x_wconf 89' lang='lat' dir='ltr'>qui</span> <span class='ocrx_word' id='word_1_75' title='bbox 702 714 862 737; x_wconf 87' lang='lat' dir='ltr'>certamen</span> <span class='ocrx_word' id='word_1_76' title='bbox 896 706 1051 737; x_wconf 87' lang='lat' dir='ltr'>adversus</span> <span class='ocrx_word' id='word_1_77' title='bbox 1086 717 1157 736; x_wconf 88' lang='lat' dir='ltr'>eum</span> 
     </span>
     <span class='ocr_line' id='line_1_13' title="bbox 193 747 1156 788; baseline 0 -9"><span class='ocrx_word' id='word_1_78' title='bbox 193 747 371 788; x_wconf 79' lang='lat' dir='ltr'>suscipiat?</span> <span class='ocrx_word' id='word_1_79' title='bbox 418 748 537 778; x_wconf 84' lang='lat' dir='ltr'>Mirum</span> <span class='ocrx_word' id='word_1_80' title='bbox 573 759 649 779; x_wconf 87' lang='lat' dir='ltr'>sane</span> <span class='ocrx_word' id='word_1_81' title='bbox 684 749 715 779; x_wconf 93' lang='lat' dir='ltr'>ni</span> <span class='ocrx_word' id='word_1_82' title='bbox 750 750 824 780; x_wconf 84' lang='lat' dir='ltr'>fiat:</span> <span class='ocrx_word' id='word_1_83' title='bbox 858 759 914 780; x_wconf 81' lang='lat' dir='ltr'>rex</span> <span class='ocrx_word' id='word_1_84' title='bbox 949 749 1034 779; x_wconf 89' lang='lat' dir='ltr'>enim</span> <span class='ocrx_word' id='word_1_85' title='bbox 1059 749 1156 780; x_wconf 86' lang='lat' dir='ltr'>filiam</span> 
     </span>
     <span class='ocr_line' id='line_1_14' title="bbox 194 790 1157 831; baseline 0.001 -10"><span class='ocrx_word' id='word_1_86' title='bbox 194 801 284 822; x_wconf 85' lang='lat' dir='ltr'>suam</span> <span class='ocrx_word' id='word_1_87' title='bbox 309 790 455 830; x_wconf 85' lang='lat' dir='ltr'>promisit</span> <span class='ocrx_word' id='word_1_88' title='bbox 478 792 654 829; x_wconf 85' lang='lat' dir='ltr'>praemium</span> <span class='ocrx_word' id='word_1_89' title='bbox 684 791 730 821; x_wconf 91' lang='lat' dir='ltr'>illi</span> <span class='ocrx_word' id='word_1_90' title='bbox 754 792 808 831; x_wconf 89' lang='lat' dir='ltr'>qui</span> <span class='ocrx_word' id='word_1_91' title='bbox 832 791 1021 823; x_wconf 87' lang='lat' dir='ltr'>Goliathum</span> <span class='ocrx_word' id='word_1_92' title='bbox 1056 798 1157 822; x_wconf 88' lang='lat' dir='ltr'>certa-</span> 
     </span>
     <span class='ocr_line' id='line_1_15' title="bbox 192 833 1157 874; baseline 0.001 -10"><span class='ocrx_word' id='word_1_93' title='bbox 192 834 280 864; x_wconf 83' lang='lat' dir='ltr'>mine</span> <span class='ocrx_word' id='word_1_94' title='bbox 303 833 458 873; x_wconf 82' lang='lat' dir='ltr'>singulari</span> <span class='ocrx_word' id='word_1_95' title='bbox 484 834 660 872; x_wconf 78' lang='lat' dir='ltr'>prostrarit,</span> <span class='ocrx_word' id='word_1_96' title='bbox 686 840 716 864; x_wconf 86' lang='lat' dir='ltr'>et</span> <span class='ocrx_word' id='word_1_97' title='bbox 739 844 813 874; x_wconf 91' lang='lat' dir='ltr'>opes</span> <span class='ocrx_word' id='word_1_98' title='bbox 837 844 872 865; x_wconf 87' lang='lat' dir='ltr'>ac</span> <span class='ocrx_word' id='word_1_99' title='bbox 890 834 1018 865; x_wconf 87' lang='lat' dir='ltr'>divitias</span> <span class='ocrx_word' id='word_1_100' title='bbox 1036 834 1157 865; x_wconf 82' lang='lat' dir='ltr'>multas</span> 
     </span>
     <span class='ocr_line' id='line_1_16' title="bbox 191 875 1157 915; baseline 0.001 -9"><span class='ocrx_word' id='word_1_101' title='bbox 191 876 357 915; x_wconf 77' lang='lat' dir='ltr'>largietur,</span> <span class='ocrx_word' id='word_1_102' title='bbox 382 875 575 914; x_wconf 90' lang='lat' dir='ltr'>domumque</span> <span class='ocrx_word' id='word_1_103' title='bbox 599 876 788 913; x_wconf 75' lang='lat' dir='ltr'>nobilitabit,</span> <span class='ocrx_word' id='word_1_104' title='bbox 813 883 847 908; x_wconf 91' lang='lat' dir='ltr'>ut</span> <span class='ocrx_word' id='word_1_105' title='bbox 869 877 996 908; x_wconf 81' lang='lat' dir='ltr'>tributis</span> <span class='ocrx_word' id='word_1_106' title='bbox 1016 882 1046 907; x_wconf 87' lang='grc'>01</span> <span class='ocrx_word' id='word_1_107' title='bbox 1061 877 1157 908; x_wconf 90' lang='lat' dir='ltr'>vecti-</span> 
     </span>
     <span class='ocr_line' id='line_1_17' title="bbox 193 917 1157 959; baseline 0.002 -11"><span class='ocrx_word' id='word_1_108' title='bbox 193 918 318 958; x_wconf 86' lang='lat' dir='ltr'>galibus</span> <span class='ocrx_word' id='word_1_109' title='bbox 342 917 489 949; x_wconf 87' lang='lat' dir='ltr'>omnibus</span> <span class='ocrx_word' id='word_1_110' title='bbox 513 919 554 948; x_wconf 87' lang='lat' dir='ltr'>sit</span> <span class='ocrx_word' id='word_1_111' title='bbox 578 918 689 950; x_wconf 88' lang='lat' dir='ltr'>libera.</span> <span class='ocrx_word' id='word_1_112' title='bbox 715 919 873 950; x_wconf 87' lang='lat' dir='ltr'>Nullusne</span> <span class='ocrx_word' id='word_1_113' title='bbox 897 919 934 950; x_wconf 88' lang='lat' dir='ltr'>ad</span> <span class='ocrx_word' id='word_1_114' title='bbox 959 925 1049 950; x_wconf 82' lang='lat' dir='ltr'>tanta</span> <span class='ocrx_word' id='word_1_115' title='bbox 1069 930 1157 959; x_wconf 88' lang='lat' dir='ltr'>prae-</span> 
     </span>
     <span class='ocr_line' id='line_1_18' title="bbox 192 959 1156 992; baseline 0.001 -1"><span class='ocrx_word' id='word_1_116' title='bbox 192 961 257 991; x_wconf 84' lang='lat' dir='ltr'>mia</span> <span class='ocrx_word' id='word_1_117' title='bbox 281 971 350 991; x_wconf 84' lang='lat' dir='ltr'>sese</span> <span class='ocrx_word' id='word_1_118' title='bbox 374 959 510 991; x_wconf 83' lang='lat' dir='ltr'>offeret?</span> <span class='ocrx_word' id='word_1_119' title='bbox 557 961 702 992; x_wconf 80' lang='lat' dir='ltr'>Nemone</span> <span class='ocrx_word' id='word_1_120' title='bbox 730 962 885 992; x_wconf 80' lang='lat' dir='ltr'>auxilium</span> <span class='ocrx_word' id='word_1_121' title='bbox 908 963 941 992; x_wconf 93' lang='lat' dir='ltr'>in</span> <span class='ocrx_word' id='word_1_122' title='bbox 965 966 1054 992; x_wconf 84' lang='lat' dir='ltr'>tanta</span> <span class='ocrx_word' id='word_1_123' title='bbox 1073 961 1156 992; x_wconf 89' lang='lat' dir='ltr'>diffi-</span> 
     </span>
     <span class='ocr_line' id='line_1_19' title="bbox 192 1002 1155 1044; baseline 0.001 -10"><span class='ocrx_word' id='word_1_124' title='bbox 192 1004 312 1035; x_wconf 76' lang='lat' dir='ltr'>cultate</span> <span class='ocrx_word' id='word_1_125' title='bbox 335 1002 437 1033; x_wconf 80' lang='lat' dir='ltr'>seret?</span> <span class='ocrx_word' id='word_1_126' title='bbox 484 1002 643 1033; x_wconf 82' lang='lat' dir='ltr'>Nullusne</span> <span class='ocrx_word' id='word_1_127' title='bbox 672 1004 704 1034; x_wconf 88' lang='lat' dir='ltr'>in</span> <span class='ocrx_word' id='word_1_128' title='bbox 737 1010 826 1035; x_wconf 84' lang='lat' dir='ltr'>tanto</span> <span class='ocrx_word' id='word_1_129' title='bbox 849 1005 991 1036; x_wconf 85' lang='lat' dir='ltr'>exercitu</span> <span class='ocrx_word' id='word_1_130' title='bbox 1016 1005 1155 1044; x_wconf 89' lang='lat' dir='ltr'>reperie-</span> 
     </span>
     <span class='ocr_line' id='line_1_20' title="bbox 191 1045 1155 1088; baseline 0.001 -12"><span class='ocrx_word' id='word_1_131' title='bbox 191 1052 246 1076; x_wconf 79' lang='lat' dir='ltr'>tur</span> <span class='ocrx_word' id='word_1_132' title='bbox 276 1045 330 1085; x_wconf 90' lang='lat' dir='ltr'>qui</span> <span class='ocrx_word' id='word_1_133' title='bbox 359 1045 517 1085; x_wconf 82' lang='lat' dir='ltr'>singulari</span> <span class='ocrx_word' id='word_1_134' title='bbox 548 1047 724 1077; x_wconf 83' lang='lat' dir='ltr'>certamine</span> <span class='ocrx_word' id='word_1_135' title='bbox 756 1057 827 1078; x_wconf 86' lang='lat' dir='ltr'>eum</span> <span class='ocrx_word' id='word_1_136' title='bbox 851 1048 981 1088; x_wconf 83' lang='lat' dir='ltr'>gigante</span> <span class='ocrx_word' id='word_1_137' title='bbox 1004 1047 1058 1078; x_wconf 91' lang='lat' dir='ltr'>illo</span> <span class='ocrx_word' id='word_1_138' title='bbox 1081 1058 1155 1078; x_wconf 86' lang='lat' dir='ltr'>con-</span> 
     </span>
     <span class='ocr_line' id='line_1_21' title="bbox 189 1073 1155 1130; baseline 0.002 -12"><span class='ocrx_word' id='word_1_139' title='bbox 189 1088 282 1129; x_wconf 86' lang='lat' dir='ltr'>gredi</span> <span class='ocrx_word' id='word_1_140' title='bbox 327 1087 469 1118; x_wconf 78' lang='lat' dir='ltr'>audeat?</span> <span class='ocrx_word' id='word_1_141' title='bbox 536 1088 686 1127; x_wconf 89' lang='lat' dir='ltr'>Denique</span> <span class='ocrx_word' id='word_1_142' title='bbox 730 1073 869 1130; x_wconf 66' lang='lat' dir='ltr'>Singulis</span> <span class='ocrx_word' id='word_1_143' title='bbox 894 1090 1045 1121; x_wconf 86' lang='lat' dir='ltr'>videntur</span> <span class='ocrx_word' id='word_1_144' title='bbox 1088 1090 1155 1121; x_wconf 85' lang='lat' dir='ltr'>suis</span> 
     </span>
     <span class='ocr_line' id='line_1_22' title="bbox 190 1130 1154 1180; baseline 0.002 -19"><span class='ocrx_word' id='word_1_145' title='bbox 190 1130 464 1162; x_wconf 88' lang='lat' dir='ltr'>commilitonibus</span> <span class='ocrx_word' id='word_1_146' title='bbox 499 1131 623 1162; x_wconf 87' lang='lat' dir='ltr'>animos</span> <span class='ocrx_word' id='word_1_147' title='bbox 654 1130 758 1162; x_wconf 85' lang='lat' dir='ltr'>facere</span> <span class='ocrx_word' id='word_1_148' title='bbox 792 1132 948 1180; x_wconf 80' lang='lat' dir='ltr'>voluisse,</span> <span class='ocrx_word' id='word_1_149' title='bbox 982 1143 1060 1172; x_wconf 89' lang='lat' dir='ltr'>quos</span> <span class='ocrx_word' id='word_1_150' title='bbox 1093 1132 1154 1172; x_wconf 83' lang='lat' dir='ltr'>ipsi</span> 
     </span>
     <span class='ocr_line' id='line_1_23' title="bbox 189 1172 1153 1223; baseline 0.001 -19"><span class='ocrx_word' id='word_1_151' title='bbox 189 1184 255 1204; x_wconf 91' lang='lat' dir='ltr'>non</span> <span class='ocrx_word' id='word_1_152' title='bbox 280 1172 456 1209; x_wconf 85' lang='lat' dir='ltr'>habebant,</span> <span class='ocrx_word' id='word_1_153' title='bbox 487 1173 743 1213; x_wconf 86' lang='lat' dir='ltr'>quandoquidem</span> <span class='ocrx_word' id='word_1_154' title='bbox 775 1175 910 1215; x_wconf 64' lang='lat' dir='ltr'>quisque</span> <span class='ocrx_word' id='word_1_155' title='bbox 933 1185 990 1215; x_wconf 92' lang='lat' dir='ltr'>pro</span> <span class='ocrx_word' id='word_1_156' title='bbox 1013 1185 1047 1205; x_wconf 89' lang='lat' dir='ltr'>se</span> <span class='ocrx_word' id='word_1_157' title='bbox 1071 1175 1153 1223; x_wconf 88' lang='lat' dir='ltr'>peri-</span> 
     </span>
     <span class='ocr_line' id='line_1_24' title="bbox 189 1215 1153 1265; baseline 0.001 -18"><span class='ocrx_word' id='word_1_158' title='bbox 189 1215 298 1247; x_wconf 87' lang='lat' dir='ltr'>culum</span> <span class='ocrx_word' id='word_1_159' title='bbox 322 1215 465 1256; x_wconf 84' lang='lat' dir='ltr'>fugiebat</span> <span class='ocrx_word' id='word_1_160' title='bbox 490 1221 521 1246; x_wconf 88' lang='lat' dir='ltr'>et</span> <span class='ocrx_word' id='word_1_161' title='bbox 544 1217 762 1248; x_wconf 79' lang='lat' dir='ltr'>aversabatur.</span> <span class='ocrx_word' id='word_1_162' title='bbox 797 1217 907 1265; x_wconf 86' lang='lat' dir='ltr'>Neque</span> <span class='ocrx_word' id='word_1_163' title='bbox 930 1217 1016 1248; x_wconf 90' lang='lat' dir='ltr'>istud</span> <span class='ocrx_word' id='word_1_164' title='bbox 1035 1219 1153 1248; x_wconf 88' lang='lat' dir='ltr'>mirum</span> 
     </span>
     <span class='ocr_line' id='line_1_25' title="bbox 189 1257 1151 1300; baseline 0.001 -11"><span class='ocrx_word' id='word_1_165' title='bbox 189 1258 291 1289; x_wconf 90' lang='lat' dir='ltr'>videri</span> <span class='ocrx_word' id='word_1_166' title='bbox 326 1257 421 1288; x_wconf 86' lang='lat' dir='ltr'>debet</span> <span class='ocrx_word' id='word_1_167' title='bbox 455 1258 537 1297; x_wconf 85' lang='lat' dir='ltr'>quod</span> <span class='ocrx_word' id='word_1_168' title='bbox 573 1259 774 1298; x_wconf 76' lang='lat' dir='ltr'>experientia</span> <span class='ocrx_word' id='word_1_169' title='bbox 814 1260 884 1300; x_wconf 88' lang='lat' dir='ltr'>ipsa</span> <span class='ocrx_word' id='word_1_170' title='bbox 917 1260 1151 1300; x_wconf 89' lang='lat' dir='ltr'>comprobatur.</span> 
     </span>
     <span class='ocr_line' id='line_1_26' title="bbox 187 1300 1151 1342; baseline 0.001 -10"><span class='ocrx_word' id='word_1_171' title='bbox 187 1301 270 1332; x_wconf 87' lang='lat' dir='ltr'>Nam</span> <span class='ocrx_word' id='word_1_172' title='bbox 302 1301 327 1331; x_wconf 92' lang='lat' dir='ltr'>si</span> <span class='ocrx_word' id='word_1_173' title='bbox 360 1300 398 1331; x_wconf 89' lang='lat' dir='ltr'>do</span> <span class='ocrx_word' id='word_1_174' title='bbox 429 1301 606 1331; x_wconf 85' lang='lat' dir='ltr'>subeundis</span> <span class='ocrx_word' id='word_1_175' title='bbox 629 1302 780 1340; x_wconf 89' lang='lat' dir='ltr'>periculis</span> <span class='ocrx_word' id='word_1_176' title='bbox 812 1308 867 1333; x_wconf 83' lang='lat' dir='ltr'>aut</span> <span class='ocrx_word' id='word_1_177' title='bbox 890 1303 996 1342; x_wconf 90' lang='lat' dir='ltr'>aliquo</span> <span class='ocrx_word' id='word_1_178' title='bbox 1018 1313 1151 1333; x_wconf 86' lang='lat' dir='ltr'>munere</span> 
     </span>
     <span class='ocr_line' id='line_1_27' title="bbox 187 1343 1152 1385; baseline 0.002 -11"><span class='ocrx_word' id='word_1_179' title='bbox 187 1343 311 1374; x_wconf 86' lang='lat' dir='ltr'>difficili</span> <span class='ocrx_word' id='word_1_180' title='bbox 339 1343 542 1382; x_wconf 85' lang='lat' dir='ltr'>suscipiendo</span> <span class='ocrx_word' id='word_1_181' title='bbox 573 1344 698 1384; x_wconf 82' lang='lat' dir='ltr'>agitur,</span> <span class='ocrx_word' id='word_1_182' title='bbox 729 1345 865 1384; x_wconf 89' lang='lat' dir='ltr'>quisque</span> <span class='ocrx_word' id='word_1_183' title='bbox 895 1346 1016 1385; x_wconf 90' lang='lat' dir='ltr'>peritus</span> <span class='ocrx_word' id='word_1_184' title='bbox 1049 1350 1152 1376; x_wconf 83' lang='lat' dir='ltr'>estet</span> 
     </span>
     <span class='ocr_line' id='line_1_28' title="bbox 187 1385 1150 1426; baseline 0.002 -10"><span class='ocrx_word' id='word_1_185' title='bbox 187 1386 343 1425; x_wconf 88' lang='lat' dir='ltr'>eloquens</span> <span class='ocrx_word' id='word_1_186' title='bbox 373 1385 407 1416; x_wconf 90' lang='lat' dir='ltr'>in</span> <span class='ocrx_word' id='word_1_187' title='bbox 439 1386 509 1416; x_wconf 85' lang='lat' dir='ltr'>aliis</span> <span class='ocrx_word' id='word_1_188' title='bbox 540 1385 578 1416; x_wconf 87' lang='lat' dir='ltr'>ad</span> <span class='ocrx_word' id='word_1_189' title='bbox 610 1386 688 1417; x_wconf 90' lang='lat' dir='ltr'>illud</span> <span class='ocrx_word' id='word_1_190' title='bbox 723 1387 905 1418; x_wconf 89' lang='lat' dir='ltr'>adeundum</span> <span class='ocrx_word' id='word_1_191' title='bbox 937 1387 1150 1426; x_wconf 87' lang='lat' dir='ltr'>cohortandis,</span> 
     </span>
     <span class='ocr_line' id='line_1_29' title="bbox 185 1428 1150 1470; baseline 0.002 -11"><span class='ocrx_word' id='word_1_192' title='bbox 185 1439 289 1468; x_wconf 90' lang='lat' dir='ltr'>neque</span> <span class='ocrx_word' id='word_1_193' title='bbox 324 1428 439 1458; x_wconf 85' lang='lat' dir='ltr'>desunt</span> <span class='ocrx_word' id='word_1_194' title='bbox 473 1429 611 1459; x_wconf 89' lang='lat' dir='ltr'>rationes</span> <span class='ocrx_word' id='word_1_195' title='bbox 644 1429 760 1468; x_wconf 91' lang='lat' dir='ltr'>quibus</span> <span class='ocrx_word' id='word_1_196' title='bbox 794 1441 846 1461; x_wconf 84' lang='lat' dir='ltr'>eos</span> <span class='ocrx_word' id='word_1_197' title='bbox 879 1430 1065 1470; x_wconf 81' lang='lat' dir='ltr'>impellant:</span> <span class='ocrx_word' id='word_1_198' title='bbox 1089 1430 1150 1461; x_wconf 89' lang='lat' dir='ltr'>Eia</span> 
     </span>
     <span class='ocr_line' id='line_1_30' title="bbox 186 1470 1148 1512; baseline 0.001 -10"><span class='ocrx_word' id='word_1_199' title='bbox 186 1471 273 1512; x_wconf 84' lang='lat' dir='ltr'>agite</span> <span class='ocrx_word' id='word_1_200' title='bbox 296 1470 428 1507; x_wconf 89' lang='lat' dir='ltr'>sodales,</span> <span class='ocrx_word' id='word_1_201' title='bbox 452 1481 515 1501; x_wconf 90' lang='lat' dir='ltr'>non</span> <span class='ocrx_word' id='word_1_202' title='bbox 541 1477 604 1502; x_wconf 88' lang='lat' dir='ltr'>tam</span> <span class='ocrx_word' id='word_1_203' title='bbox 629 1472 729 1502; x_wconf 88' lang='lat' dir='ltr'>ardua</span> <span class='ocrx_word' id='word_1_204' title='bbox 752 1483 802 1503; x_wconf 88' lang='lat' dir='ltr'>res</span> <span class='ocrx_word' id='word_1_205' title='bbox 825 1483 927 1512; x_wconf 90' lang='lat' dir='ltr'>neque</span> <span class='ocrx_word' id='word_1_206' title='bbox 950 1478 1014 1503; x_wconf 88' lang='lat' dir='ltr'>tam</span> <span class='ocrx_word' id='word_1_207' title='bbox 1039 1472 1148 1504; x_wconf 89' lang='lat' dir='ltr'>diffici-</span> 
     </span>
     <span class='ocr_line' id='line_1_31' title="bbox 186 1513 1148 1553; baseline 0.003 -10"><span class='ocrx_word' id='word_1_208' title='bbox 186 1514 227 1544; x_wconf 85' lang='grc'>115</span> <span class='ocrx_word' id='word_1_209' title='bbox 251 1523 344 1553; x_wconf 88' lang='lat' dir='ltr'>quam</span> <span class='ocrx_word' id='word_1_210' title='bbox 370 1523 446 1553; x_wconf 89' lang='lat' dir='ltr'>prae</span> <span class='ocrx_word' id='word_1_211' title='bbox 469 1523 503 1544; x_wconf 85' lang='lat' dir='ltr'>se</span> <span class='ocrx_word' id='word_1_212' title='bbox 526 1514 595 1544; x_wconf 86' lang='lat' dir='ltr'>fert.</span> <span class='ocrx_word' id='word_1_213' title='bbox 633 1513 739 1545; x_wconf 85' lang='lat' dir='ltr'>Semel</span> <span class='ocrx_word' id='word_1_214' title='bbox 763 1515 976 1546; x_wconf 86' lang='lat' dir='ltr'>arrodendum</span> <span class='ocrx_word' id='word_1_215' title='bbox 1000 1515 1148 1546; x_wconf 86' lang='lat' dir='ltr'>fraenum</span> 
     </span>
     <span class='ocr_line' id='line_1_32' title="bbox 187 1555 1148 1598; baseline 0.003 -12"><span class='ocrx_word' id='word_1_216' title='bbox 187 1562 219 1587; x_wconf 87' lang='lat' dir='ltr'>et</span> <span class='ocrx_word' id='word_1_217' title='bbox 242 1555 361 1595; x_wconf 88' lang='lat' dir='ltr'>aliquid</span> <span class='ocrx_word' id='word_1_218' title='bbox 390 1555 582 1587; x_wconf 90' lang='lat' dir='ltr'>audendum.</span> <span class='ocrx_word' id='word_1_219' title='bbox 629 1556 665 1588; x_wconf 80' lang='lat' dir='ltr'>Si</span> <span class='ocrx_word' id='word_1_220' title='bbox 688 1557 807 1596; x_wconf 87' lang='lat' dir='ltr'>praeda</span> <span class='ocrx_word' id='word_1_221' title='bbox 838 1558 990 1595; x_wconf 86' lang='lat' dir='ltr'>facienda,</span> <span class='ocrx_word' id='word_1_222' title='bbox 1019 1558 1045 1589; x_wconf 89' lang='lat' dir='ltr'>si</span> <span class='ocrx_word' id='word_1_223' title='bbox 1076 1568 1148 1598; x_wconf 85' lang='lat' dir='ltr'>spes</span> 
     </span>
     <span class='ocr_line' id='line_1_33' title="bbox 187 1598 1148 1639; baseline 0.003 -10"><span class='ocrx_word' id='word_1_224' title='bbox 187 1599 294 1638; x_wconf 88' lang='lat' dir='ltr'>aliqua</span> <span class='ocrx_word' id='word_1_225' title='bbox 317 1598 399 1629; x_wconf 88' lang='lat' dir='ltr'>lucri</span> <span class='ocrx_word' id='word_1_226' title='bbox 430 1599 554 1639; x_wconf 89' lang='lat' dir='ltr'>uspiam</span> <span class='ocrx_word' id='word_1_227' title='bbox 585 1606 727 1639; x_wconf 82' lang='lat' dir='ltr'>apparet,</span> <span class='ocrx_word' id='word_1_228' title='bbox 760 1600 832 1639; x_wconf 87' lang='lat' dir='ltr'>quis</span> <span class='ocrx_word' id='word_1_229' title='bbox 856 1610 918 1631; x_wconf 93' lang='lat' dir='ltr'>non</span> <span class='ocrx_word' id='word_1_230' title='bbox 943 1601 1039 1631; x_wconf 87' lang='lat' dir='ltr'>etiam</span> <span class='ocrx_word' id='word_1_231' title='bbox 1063 1601 1148 1632; x_wconf 80' lang='lat' dir='ltr'>vitae</span> 
     </span>
     <span class='ocr_line' id='line_1_34' title="bbox 188 1640 1148 1683; baseline 0.001 -10"><span class='ocrx_word' id='word_1_232' title='bbox 188 1640 275 1673; x_wconf 83' lang='lat' dir='ltr'>suae</span> <span class='ocrx_word' id='word_1_233' title='bbox 297 1640 439 1680; x_wconf 91' lang='lat' dir='ltr'>periculo</span> <span class='ocrx_word' id='word_1_234' title='bbox 475 1647 611 1672; x_wconf 88' lang='lat' dir='ltr'>conatur</span> <span class='ocrx_word' id='word_1_235' title='bbox 635 1653 700 1672; x_wconf 89' lang='lat' dir='ltr'>rem</span> <span class='ocrx_word' id='word_1_236' title='bbox 726 1643 883 1683; x_wconf 82' lang='lat' dir='ltr'>aggredi?</span> <span class='ocrx_word' id='word_1_237' title='bbox 928 1643 1048 1683; x_wconf 86' lang='lat' dir='ltr'>Ecquis</span> <span class='ocrx_word' id='word_1_238' title='bbox 1070 1653 1148 1674; x_wconf 85' lang='lat' dir='ltr'>vero</span> 
     </span>
     <span class='ocr_line' id='line_1_35' title="bbox 186 1683 1148 1724; baseline 0.002 -10"><span class='ocrx_word' id='word_1_239' title='bbox 186 1685 236 1715; x_wconf 88' lang='lat' dir='ltr'>vir</span> <span class='ocrx_word' id='word_1_240' title='bbox 259 1683 351 1714; x_wconf 85' lang='lat' dir='ltr'>fortis</span> <span class='ocrx_word' id='word_1_241' title='bbox 381 1689 445 1713; x_wconf 89' lang='lat' dir='ltr'>tam</span> <span class='ocrx_word' id='word_1_242' title='bbox 480 1685 626 1724; x_wconf 87' lang='lat' dir='ltr'>angustis</span> <span class='ocrx_word' id='word_1_243' title='bbox 650 1685 745 1716; x_wconf 91' lang='lat' dir='ltr'>rebus</span> <span class='ocrx_word' id='word_1_244' title='bbox 768 1686 945 1724; x_wconf 88' lang='lat' dir='ltr'>periculum</span> <span class='ocrx_word' id='word_1_245' title='bbox 969 1686 1075 1717; x_wconf 89' lang='lat' dir='ltr'>subire</span> <span class='ocrx_word' id='word_1_246' title='bbox 1098 1696 1148 1716; x_wconf 88' lang='lat' dir='ltr'>re-</span> 
     </span>
     <span class='ocr_line' id='line_1_36' title="bbox 186 1725 1147 1768; baseline 0.001 -10"><span class='ocrx_word' id='word_1_247' title='bbox 186 1725 312 1766; x_wconf 84' lang='lat' dir='ltr'>fugiat?</span> <span class='ocrx_word' id='word_1_248' title='bbox 347 1726 496 1765; x_wconf 89' lang='lat' dir='ltr'>Denique</span> <span class='ocrx_word' id='word_1_249' title='bbox 530 1738 623 1758; x_wconf 91' lang='lat' dir='ltr'>nemo</span> <span class='ocrx_word' id='word_1_250' title='bbox 657 1738 719 1758; x_wconf 93' lang='lat' dir='ltr'>non</span> <span class='ocrx_word' id='word_1_251' title='bbox 754 1734 802 1759; x_wconf 89' lang='lat' dir='ltr'>est</span> <span class='ocrx_word' id='word_1_252' title='bbox 833 1728 985 1768; x_wconf 86' lang='lat' dir='ltr'>eloquens</span> <span class='ocrx_word' id='word_1_253' title='bbox 1015 1729 1048 1759; x_wconf 90' lang='lat' dir='ltr'>in</span> <span class='ocrx_word' id='word_1_254' title='bbox 1077 1728 1147 1759; x_wconf 87' lang='lat' dir='ltr'>aliis</span> 
     </span>
     <span class='ocr_line' id='line_1_37' title="bbox 186 1767 1146 1811; baseline 0.002 -11"><span class='ocrx_word' id='word_1_255' title='bbox 186 1767 404 1800; x_wconf 84' lang='lat' dir='ltr'>cohortandis:</span> <span class='ocrx_word' id='word_1_256' title='bbox 428 1769 482 1799; x_wconf 90' lang='lat' dir='ltr'>sed</span> <span class='ocrx_word' id='word_1_257' title='bbox 508 1780 603 1800; x_wconf 88' lang='lat' dir='ltr'>nemo</span> <span class='ocrx_word' id='word_1_258' title='bbox 626 1775 732 1800; x_wconf 88' lang='lat' dir='ltr'>tamen</span> <span class='ocrx_word' id='word_1_259' title='bbox 757 1770 827 1801; x_wconf 84' lang='lat' dir='ltr'>vult</span> <span class='ocrx_word' id='word_1_260' title='bbox 839 1771 947 1802; x_wconf 89' lang='lat' dir='ltr'>subire</span> <span class='ocrx_word' id='word_1_261' title='bbox 960 1771 1146 1811; x_wconf 90' lang='lat' dir='ltr'>perieulum,</span> 
     </span>
     <span class='ocr_line' id='line_1_38' title="bbox 185 1812 1147 1852; baseline 0.004 -11"><span class='ocrx_word' id='word_1_262' title='bbox 185 1822 282 1842; x_wconf 88' lang='lat' dir='ltr'>nemo</span> <span class='ocrx_word' id='word_1_263' title='bbox 305 1821 369 1842; x_wconf 88' lang='lat' dir='ltr'>non</span> <span class='ocrx_word' id='word_1_264' title='bbox 393 1812 516 1851; x_wconf 87' lang='lat' dir='ltr'>appetit</span> <span class='ocrx_word' id='word_1_265' title='bbox 540 1813 700 1852; x_wconf 84' lang='lat' dir='ltr'>quiescere</span> <span class='ocrx_word' id='word_1_266' title='bbox 723 1818 753 1843; x_wconf 87' lang='lat' dir='ltr'>et</span> <span class='ocrx_word' id='word_1_267' title='bbox 779 1813 812 1843; x_wconf 92' lang='lat' dir='ltr'>in</span> <span class='ocrx_word' id='word_1_268' title='bbox 837 1819 904 1844; x_wconf 87' lang='lat' dir='ltr'>tuto</span> <span class='ocrx_word' id='word_1_269' title='bbox 926 1824 1003 1845; x_wconf 89' lang='lat' dir='ltr'>esse.</span> <span class='ocrx_word' id='word_1_270' title='bbox 1048 1814 1147 1845; x_wconf 88' lang='lat' dir='ltr'>Pauci</span> 
     </span>
     <span class='ocr_line' id='line_1_39' title="bbox 185 1854 1147 1896; baseline 0.002 -10"><span class='ocrx_word' id='word_1_271' title='bbox 185 1855 392 1894; x_wconf 88' lang='lat' dir='ltr'>reperiuntur</span> <span class='ocrx_word' id='word_1_272' title='bbox 421 1855 475 1894; x_wconf 90' lang='lat' dir='ltr'>qui</span> <span class='ocrx_word' id='word_1_273' title='bbox 507 1855 603 1886; x_wconf 89' lang='lat' dir='ltr'>rebus</span> <span class='ocrx_word' id='word_1_274' title='bbox 626 1854 810 1886; x_wconf 82' lang='lat' dir='ltr'>difficilibus</span> <span class='ocrx_word' id='word_1_275' title='bbox 834 1856 933 1887; x_wconf 90' lang='lat' dir='ltr'>vitam</span> <span class='ocrx_word' id='word_1_276' title='bbox 956 1856 1147 1896; x_wconf 86' lang='lat' dir='ltr'>profundere</span> 
     </span>
     <span class='ocr_line' id='line_1_40' title="bbox 185 1897 1146 1938; baseline 0.003 -11"><span class='ocrx_word' id='word_1_277' title='bbox 185 1897 290 1937; x_wconf 86' lang='lat' dir='ltr'>parati</span> <span class='ocrx_word' id='word_1_278' title='bbox 324 1897 405 1932; x_wconf 81' lang='grc'><strong>5101,</strong></span> <span class='ocrx_word' id='word_1_279' title='bbox 449 1897 508 1928; x_wconf 87' lang='lat' dir='ltr'>etsi</span> <span class='ocrx_word' id='word_1_280' title='bbox 544 1898 636 1928; x_wconf 89' lang='lat' dir='ltr'>multi</span> <span class='ocrx_word' id='word_1_281' title='bbox 671 1898 762 1929; x_wconf 87' lang='lat' dir='ltr'>valde</span> <span class='ocrx_word' id='word_1_282' title='bbox 796 1900 863 1929; x_wconf 91' lang='lat' dir='ltr'>sint</span> <span class='ocrx_word' id='word_1_283' title='bbox 896 1898 1080 1938; x_wconf 88' lang='lat' dir='ltr'>eloquentes</span> <span class='ocrx_word' id='word_1_284' title='bbox 1113 1899 1146 1930; x_wconf 92' lang='lat' dir='ltr'>in</span> 
     </span>
     <span class='ocr_line' id='line_1_41' title="bbox 184 1939 1146 1980; baseline 0.003 -10"><span class='ocrx_word' id='word_1_285' title='bbox 184 1939 366 1970; x_wconf 83' lang='lat' dir='ltr'>rationibus</span> <span class='ocrx_word' id='word_1_286' title='bbox 396 1939 604 1980; x_wconf 79' lang='lat' dir='ltr'>explicandis,</span> <span class='ocrx_word' id='word_1_287' title='bbox 635 1941 673 1972; x_wconf 95' lang='lat' dir='ltr'>ob</span> <span class='ocrx_word' id='word_1_288' title='bbox 704 1951 782 1980; x_wconf 84' lang='lat' dir='ltr'>quas</span> <span class='ocrx_word' id='word_1_289' title='bbox 811 1952 876 1972; x_wconf 88' lang='lat' dir='ltr'>non</span> <span class='ocrx_word' id='word_1_290' title='bbox 906 1941 948 1972; x_wconf 86' lang='lat' dir='ltr'>sit</span> <span class='ocrx_word' id='word_1_291' title='bbox 971 1942 1070 1972; x_wconf 90' lang='lat' dir='ltr'>ullum</span> <span class='ocrx_word' id='word_1_292' title='bbox 1093 1942 1146 1973; x_wconf 84' lang='lat' dir='ltr'>vel</span> 
     </span>
     <span class='ocr_line' id='line_1_42' title="bbox 183 1981 1146 2023; baseline 0.004 -11"><span class='ocrx_word' id='word_1_293' title='bbox 183 1982 271 2013; x_wconf 85' lang='lat' dir='ltr'>vitae</span> <span class='ocrx_word' id='word_1_294' title='bbox 304 1981 485 2022; x_wconf 81' lang='lat' dir='ltr'>periculum</span> <span class='ocrx_word' id='word_1_295' title='bbox 519 1982 752 2023; x_wconf 82' lang='lat' dir='ltr'>refugiendum.</span> <span class='ocrx_word' id='word_1_296' title='bbox 797 1984 895 2014; x_wconf 85' lang='lat' dir='ltr'>Hunc</span> <span class='ocrx_word' id='word_1_297' title='bbox 924 1994 1045 2015; x_wconf 89' lang='lat' dir='ltr'>morem</span> <span class='ocrx_word' id='word_1_298' title='bbox 1073 1985 1146 2016; x_wconf 86' lang='grc'><strong>11001</strong></span> 
     </span>
     <span class='ocr_line' id='line_1_43' title="bbox 183 2024 1146 2067; baseline 0.003 -12"><span class='ocrx_word' id='word_1_299' title='bbox 183 2024 244 2057; x_wconf 87' lang='lat' dir='ltr'>hoc</span> <span class='ocrx_word' id='word_1_300' title='bbox 278 2025 346 2056; x_wconf 88' lang='lat' dir='ltr'>loeo</span> <span class='ocrx_word' id='word_1_301' title='bbox 379 2025 473 2055; x_wconf 87' lang='grc'><strong>00015</strong></span> <span class='ocrx_word' id='word_1_302' title='bbox 507 2031 660 2065; x_wconf 87' lang='lat' dir='ltr'>tanquam</span> <span class='ocrx_word' id='word_1_303' title='bbox 694 2026 728 2056; x_wconf 89' lang='lat' dir='ltr'>in</span> <span class='ocrx_word' id='word_1_304' title='bbox 762 2027 891 2066; x_wconf 88' lang='lat' dir='ltr'>speculo</span> <span class='ocrx_word' id='word_1_305' title='bbox 934 2027 1146 2067; x_wconf 48' lang='lat' dir='ltr'>⁷·ontemplari.</span> 
     </span>
     <span class='ocr_line' id='line_1_44' title="bbox 183 2067 1145 2110; baseline 0.002 -11"><span class='ocrx_word' id='word_1_306' title='bbox 183 2067 268 2099; x_wconf 90' lang='lat' dir='ltr'>Nam</span> <span class='ocrx_word' id='word_1_307' title='bbox 291 2068 367 2098; x_wconf 87' lang='lat' dir='ltr'>totis</span> <span class='ocrx_word' id='word_1_308' title='bbox 391 2068 503 2099; x_wconf 85' lang='lat' dir='ltr'>castris</span> <span class='ocrx_word' id='word_1_309' title='bbox 527 2068 605 2100; x_wconf 82' lang='lat' dir='ltr'>haec</span> <span class='ocrx_word' id='word_1_310' title='bbox 628 2069 723 2099; x_wconf 87' lang='lat' dir='ltr'>fuisse</span> <span class='ocrx_word' id='word_1_311' title='bbox 748 2069 830 2099; x_wconf 91' lang='lat' dir='ltr'>inter</span> <span class='ocrx_word' id='word_1_312' title='bbox 852 2069 969 2100; x_wconf 84' lang='lat' dir='ltr'>milites</span> <span class='ocrx_word' id='word_1_313' title='bbox 991 2071 1145 2110; x_wconf 89' lang='lat' dir='ltr'>colloquia</span> 
     </span>
     <span class='ocr_line' id='line_1_45' title="bbox 183 2110 1145 2160; baseline 0.004 -20"><span class='ocrx_word' id='word_1_314' title='bbox 183 2110 356 2141; x_wconf 88' lang='lat' dir='ltr'>videntur.</span> <span class='ocrx_word' id='word_1_315' title='bbox 375 2110 519 2141; x_wconf 87' lang='lat' dir='ltr'>Nemone</span> <span class='ocrx_word' id='word_1_316' title='bbox 539 2110 693 2142; x_wconf 85' lang='lat' dir='ltr'>adversus</span> <span class='ocrx_word' id='word_1_317' title='bbox 707 2111 894 2142; x_wconf 85' lang='lat' dir='ltr'>Goliathum</span> <span class='ocrx_word' id='word_1_318' title='bbox 915 2113 1145 2160; x_wconf 84' lang='lat' dir='ltr'>progredietur,</span> 
     </span>
     <span class='ocr_line' id='line_1_46' title="bbox 184 2153 1142 2195; baseline 0.004 -13"><span class='ocrx_word' id='word_1_319' title='bbox 184 2163 282 2192; x_wconf 90' lang='lat' dir='ltr'>quum</span> <span class='ocrx_word' id='word_1_320' title='bbox 311 2158 376 2183; x_wconf 87' lang='lat' dir='ltr'>tam</span> <span class='ocrx_word' id='word_1_321' title='bbox 407 2153 525 2183; x_wconf 75' lang='lat' dir='ltr'>eximia</span> <span class='ocrx_word' id='word_1_322' title='bbox 553 2154 617 2184; x_wconf 87' lang='lat' dir='ltr'>sint</span> <span class='ocrx_word' id='word_1_323' title='bbox 647 2165 665 2185; x_wconf 87' lang='lat' dir='ltr'>a</span> <span class='ocrx_word' id='word_1_324' title='bbox 696 2164 770 2194; x_wconf 86' lang='lat' dir='ltr'>rege</span> <span class='ocrx_word' id='word_1_325' title='bbox 793 2155 957 2194; x_wconf 82' lang='lat' dir='ltr'>proposita</span> <span class='ocrx_word' id='word_1_326' title='bbox 987 2157 1142 2195; x_wconf 87' lang='lat' dir='ltr'>praemia!</span> 
     </span>
     <span class='ocr_line' id='line_1_47' title="bbox 186 2194 1144 2238; baseline 0.004 -13"><span class='ocrx_word' id='word_1_327' title='bbox 186 2194 251 2226; x_wconf 85' lang='lat' dir='ltr'>Sed</span> <span class='ocrx_word' id='word_1_328' title='bbox 273 2195 403 2226; x_wconf 88' lang='lat' dir='ltr'>interim</span> <span class='ocrx_word' id='word_1_329' title='bbox 436 2207 528 2226; x_wconf 91' lang='lat' dir='ltr'>nemo</span> <span class='ocrx_word' id='word_1_330' title='bbox 558 2197 685 2227; x_wconf 88' lang='lat' dir='ltr'>illorum</span> <span class='ocrx_word' id='word_1_331' title='bbox 709 2207 777 2227; x_wconf 86' lang='lat' dir='ltr'>sese</span> <span class='ocrx_word' id='word_1_332' title='bbox 808 2198 911 2235; x_wconf 86' lang='lat' dir='ltr'>offert,</span> <span class='ocrx_word' id='word_1_333' title='bbox 943 2198 1058 2238; x_wconf 88' lang='lat' dir='ltr'>singuli</span> <span class='ocrx_word' id='word_1_334' title='bbox 1083 2199 1144 2230; x_wconf 89' lang='lat' dir='ltr'>sibi</span> 
     </span>
     <span class='ocr_line' id='line_1_48' title="bbox 184 2223 1144 2279; baseline 0.005 -11"><span class='ocrx_word' id='word_1_335' title='bbox 184 2238 300 2268; x_wconf 80' lang='lat' dir='ltr'>timent</span> <span class='ocrx_word' id='word_1_336' title='bbox 334 2244 365 2268; x_wconf 88' lang='lat' dir='ltr'>et</span> <span class='ocrx_word' id='word_1_337' title='bbox 398 2239 575 2278; x_wconf 90' lang='lat' dir='ltr'>perieulum</span> <span class='ocrx_word' id='word_1_338' title='bbox 606 2239 748 2279; x_wconf 87' lang='lat' dir='ltr'>fugiunt.</span> <span class='ocrx_word' id='word_1_339' title='bbox 804 2223 1023 2278; x_wconf 77' lang='lat' dir='ltr'>Quaniobrem</span> <span class='ocrx_word' id='word_1_340' title='bbox 1054 2247 1144 2273; x_wconf 88' lang='lat' dir='ltr'>tanto</span> 
     </span>
     <span class='ocr_line' id='line_1_49' title="bbox 184 2279 1144 2324; baseline 0.006 -14"><span class='ocrx_word' id='word_1_341' title='bbox 184 2279 371 2320; x_wconf 86' lang='lat' dir='ltr'>diligentius</span> <span class='ocrx_word' id='word_1_342' title='bbox 407 2282 484 2312; x_wconf 90' lang='lat' dir='ltr'>haec</span> <span class='ocrx_word' id='word_1_343' title='bbox 518 2281 663 2312; x_wconf 86' lang='lat' dir='ltr'>doctrina</span> <span class='ocrx_word' id='word_1_344' title='bbox 695 2286 744 2312; x_wconf 82' lang='lat' dir='ltr'>est</span> <span class='ocrx_word' id='word_1_345' title='bbox 777 2282 980 2322; x_wconf 87' lang='lat' dir='ltr'>meditanda,</span> <span class='ocrx_word' id='word_1_346' title='bbox 1025 2292 1144 2324; x_wconf 86' lang='lat' dir='ltr'>quanto</span> 
     </span>
     <span class='ocr_line' id='line_1_50' title="bbox 182 2322 1143 2371; baseline 0.006 -18"><span class='ocrx_word' id='word_1_347' title='bbox 182 2322 315 2371; x_wconf 75' lang='lat' dir='ltr'>gravius</span> <span class='ocrx_word' id='word_1_348' title='bbox 345 2330 496 2362; x_wconf 80' lang='lat' dir='ltr'>peccatur</span> <span class='ocrx_word' id='word_1_349' title='bbox 524 2335 542 2354; x_wconf 87' lang='lat' dir='ltr'>a</span> <span class='ocrx_word' id='word_1_350' title='bbox 573 2324 683 2354; x_wconf 84' lang='lat' dir='ltr'>multis</span> <span class='ocrx_word' id='word_1_351' title='bbox 724 2330 760 2354; x_wconf 89' lang='lat' dir='ltr'>ut</span> <span class='ocrx_word' id='word_1_352' title='bbox 784 2325 888 2355; x_wconf 88' lang='lat' dir='ltr'>Deum</span> <span class='ocrx_word' id='word_1_353' title='bbox 913 2336 1080 2366; x_wconf 88' lang='lat' dir='ltr'>precemur</span> <span class='ocrx_word' id='word_1_354' title='bbox 1102 2338 1143 2359; x_wconf 90' lang='lat' dir='ltr'>ne</span> 
     </span>
     <span class='ocr_line' id='line_1_51' title="bbox 182 2365 1143 2406; baseline 0.005 -10"><span class='ocrx_word' id='word_1_355' title='bbox 182 2365 368 2406; x_wconf 86' lang='lat' dir='ltr'>permittat,</span> <span class='ocrx_word' id='word_1_356' title='bbox 408 2365 478 2397; x_wconf 86' lang='lat' dir='ltr'>aliis</span> <span class='ocrx_word' id='word_1_357' title='bbox 513 2366 654 2397; x_wconf 90' lang='lat' dir='ltr'>animum</span> <span class='ocrx_word' id='word_1_358' title='bbox 690 2367 957 2406; x_wconf 87' lang='lat' dir='ltr'>despondentibus</span> <span class='ocrx_word' id='word_1_359' title='bbox 991 2374 1022 2399; x_wconf 85' lang='lat' dir='ltr'>et</span> <span class='ocrx_word' id='word_1_360' title='bbox 1055 2369 1143 2401; x_wconf 89' lang='lat' dir='ltr'>adire</span> 
     </span>
     <span class='ocr_line' id='line_1_52' title="bbox 182 2407 1142 2461; baseline 0.005 -23"><span class='ocrx_word' id='word_1_361' title='bbox 182 2407 324 2448; x_wconf 85' lang='lat' dir='ltr'>pericula</span> <span class='ocrx_word' id='word_1_362' title='bbox 337 2408 566 2445; x_wconf 75' lang='lat' dir='ltr'>recusantibus</span> <span class='ocrx_word' id='word_1_363' title='bbox 590 2419 648 2440; x_wconf 88' lang='lat' dir='ltr'>nos</span> <span class='ocrx_word' id='word_1_364' title='bbox 661 2420 846 2450; x_wconf 86' lang='lat' dir='ltr'>segnescere</span> <span class='ocrx_word' id='word_1_365' title='bbox 865 2415 896 2441; x_wconf 90' lang='lat' dir='ltr'>et</span> <span class='ocrx_word' id='word_1_366' title='bbox 914 2422 1032 2461; x_wconf 79' lang='lat' dir='ltr'>pavore</span> <span class='ocrx_word' id='word_1_367' title='bbox 1050 2412 1142 2443; x_wconf 88' lang='lat' dir='ltr'>diffu-</span> 
     </span>
     <span class='ocr_line' id='line_1_53' title="bbox 182 2436 1142 2493; baseline 0.007 -13"><span class='ocrx_word' id='word_1_368' title='bbox 182 2461 266 2491; x_wconf 88' lang='lat' dir='ltr'>gere,</span> <span class='ocrx_word' id='word_1_369' title='bbox 301 2450 355 2481; x_wconf 83' lang='lat' dir='ltr'>sed</span> <span class='ocrx_word' id='word_1_370' title='bbox 390 2461 486 2490; x_wconf 90' lang='lat' dir='ltr'>quum</span> <span class='ocrx_word' id='word_1_371' title='bbox 518 2452 690 2483; x_wconf 84' lang='lat' dir='ltr'>necessitas</span> <span class='ocrx_word' id='word_1_372' title='bbox 695 2436 872 2492; x_wconf 50' lang='lat' dir='ltr'>&amp;flagitarit</span> <span class='ocrx_word' id='word_1_373' title='bbox 905 2455 1007 2493; x_wconf 87' lang='lat' dir='ltr'>parati</span> <span class='ocrx_word' id='word_1_374' title='bbox 1041 2455 1142 2487; x_wconf 81' lang='lat' dir='ltr'>simus</span> 
     </span>
     <span class='ocr_line' id='line_1_54' title="bbox 184 2493 1143 2536; baseline 0.007 -13"><span class='ocrx_word' id='word_1_375' title='bbox 184 2493 235 2524; x_wconf 87' lang='lat' dir='ltr'>vel</span> <span class='ocrx_word' id='word_1_376' title='bbox 268 2493 353 2524; x_wconf 88' lang='lat' dir='ltr'>vitae</span> <span class='ocrx_word' id='word_1_377' title='bbox 387 2493 554 2533; x_wconf 88' lang='lat' dir='ltr'>dispendio</span> <span class='ocrx_word' id='word_1_378' title='bbox 589 2495 751 2534; x_wconf 78' lang='lat' dir='ltr'>quaelibet</span> <span class='ocrx_word' id='word_1_379' title='bbox 785 2495 873 2526; x_wconf 89' lang='lat' dir='ltr'>adire</span> <span class='ocrx_word' id='word_1_380' title='bbox 906 2497 1062 2536; x_wconf 87' lang='lat' dir='ltr'>pericula,</span> <span class='ocrx_word' id='word_1_381' title='bbox 1106 2505 1143 2529; x_wconf 91' lang='lat' dir='ltr'>ut</span> 
     </span>
     <span class='ocr_line' id='line_1_55' title="bbox 182 2536 1142 2581; baseline 0.005 -14"><span class='ocrx_word' id='word_1_382' title='bbox 182 2536 287 2567; x_wconf 86' lang='lat' dir='ltr'>officio</span> <span class='ocrx_word' id='word_1_383' title='bbox 310 2540 420 2566; x_wconf 86' lang='lat' dir='ltr'>nostro</span> <span class='ocrx_word' id='word_1_384' title='bbox 443 2537 620 2567; x_wconf 88' lang='lat' dir='ltr'>seeundum</span> <span class='ocrx_word' id='word_1_385' title='bbox 644 2537 844 2569; x_wconf 80' lang='lat' dir='ltr'>vocationem</span> <span class='ocrx_word' id='word_1_386' title='bbox 868 2545 1007 2570; x_wconf 90' lang='lat' dir='ltr'>nostram</span> <span class='ocrx_word' id='word_1_387' title='bbox 1027 2541 1142 2581; x_wconf 86' lang='lat' dir='ltr'>funga-</span> 
     </span>
     <span class='ocr_line' id='line_1_56' title="bbox 183 2579 1142 2620; baseline 0.005 -11"><span class='ocrx_word' id='word_1_388' title='bbox 183 2589 265 2609; x_wconf 90' lang='lat' dir='ltr'>mur.</span> <span class='ocrx_word' id='word_1_389' title='bbox 311 2579 355 2609; x_wconf 89' lang='lat' dir='ltr'>Et</span> <span class='ocrx_word' id='word_1_390' title='bbox 388 2589 449 2618; x_wconf 91' lang='lat' dir='ltr'>quo</span> <span class='ocrx_word' id='word_1_391' title='bbox 484 2580 586 2620; x_wconf 89' lang='lat' dir='ltr'>magis</span> <span class='ocrx_word' id='word_1_392' title='bbox 619 2580 697 2611; x_wconf 81' lang='lat' dir='ltr'>alios</span> <span class='ocrx_word' id='word_1_393' title='bbox 731 2579 865 2611; x_wconf 88' lang='lat' dir='ltr'>deficere</span> <span class='ocrx_word' id='word_1_394' title='bbox 898 2582 1072 2615; x_wconf 89' lang='lat' dir='ltr'>viderimus</span> <span class='ocrx_word' id='word_1_395' title='bbox 1105 2594 1142 2614; x_wconf 92' lang='lat' dir='ltr'>eo</span> 
     </span>
     <span class='ocr_line' id='line_1_57' title="bbox 182 2621 1141 2666; baseline 0.006 -15"><span class='ocrx_word' id='word_1_396' title='bbox 182 2623 285 2662; x_wconf 86' lang='lat' dir='ltr'>magis</span> <span class='ocrx_word' id='word_1_397' title='bbox 308 2621 346 2652; x_wconf 88' lang='lat' dir='ltr'>ad</span> <span class='ocrx_word' id='word_1_398' title='bbox 370 2621 551 2652; x_wconf 88' lang='lat' dir='ltr'>faciendum</span> <span class='ocrx_word' id='word_1_399' title='bbox 574 2622 713 2653; x_wconf 88' lang='lat' dir='ltr'>officium</span> <span class='ocrx_word' id='word_1_400' title='bbox 738 2622 917 2661; x_wconf 86' lang='lat' dir='ltr'>incitemur,</span> <span class='ocrx_word' id='word_1_401' title='bbox 939 2636 1042 2666; x_wconf 88' lang='lat' dir='ltr'>neque</span> <span class='ocrx_word' id='word_1_402' title='bbox 1063 2626 1141 2657; x_wconf 88' lang='lat' dir='ltr'>alio-</span> 
     </span>
    </p>
   </div>
   <div class='ocr_carea' id='block_1_3' title="bbox 838 187 1269 220">
    <p class='ocr_par' dir='ltr' id='par_1_3' title="bbox 838 187 1269 220">
     <span class='ocr_line' id='line_1_58' title="bbox 838 187 1269 220; baseline 0.005 -2"><span class='ocrx_word' id='word_1_403' title='bbox 838 187 885 218; x_wconf 69' lang='lat' dir='ltr'>IN</span> <span class='ocrx_word' id='word_1_404' title='bbox 909 188 934 218; x_wconf 93' lang='lat' dir='ltr'>I</span> <span class='ocrx_word' id='word_1_405' title='bbox 960 188 1047 219; x_wconf 81' lang='lat' dir='ltr'>Llss.</span> <span class='ocrx_word' id='word_1_406' title='bbox 1073 188 1269 220; x_wconf 76' lang='lat' dir='ltr'><strong>SAMUEL.</strong></span> 
     </span>
    </p>
   </div>
   <div class='ocr_carea' id='block_1_4' title="bbox 1183 317 1189 858">
    <p class='ocr_par' dir='ltr' id='par_1_4' title="bbox 1183 317 1189 858">
     <span class='ocr_line' id='line_1_59' title="bbox 1183 317 1189 858; baseline 0 0"><span class='ocrx_word' id='word_1_407' title='bbox 1183 317 1189 858; x_wconf 95' lang='lat' dir='ltr'> </span> 
     </span>
    </p>
   </div>
   <div class='ocr_carea' id='block_1_5' title="bbox 2115 194 2178 224">
    <p class='ocr_par' dir='ltr' id='par_1_5' title="bbox 2115 194 2178 224">
     <span class='ocr_line' id='line_1_60' title="bbox 2115 194 2178 224; baseline -0.016 0"><span class='ocrx_word' id='word_1_408' title='bbox 2115 194 2178 224; x_wconf 70' lang='lat'>206</span> 
     </span>
    </p>
   </div>
   <div class='ocr_carea' id='block_1_6' title="bbox 1294 190 1526 222">
    <p class='ocr_par' dir='ltr' id='par_1_6' title="bbox 1294 190 1526 222">
     <span class='ocr_line' id='line_1_61' title="bbox 1294 190 1526 222; baseline 0.005 -2.149"><span class='ocrx_word' id='word_1_409' title='bbox 1294 190 1390 221; x_wconf 73' lang='lat' dir='ltr'>C.A1‘</span> <span class='ocrx_word' id='word_1_410' title='bbox 1416 191 1526 222; x_wconf 79' lang='lat' dir='ltr'>XVII.</span> 
     </span>
    </p>
   </div>
   <div class='ocr_carea' id='block_1_7' title="bbox 1194 284 2177 2547">
    <p class='ocr_par' dir='ltr' id='par_1_7' title="bbox 1195 284 2177 2281">
     <span class='ocr_line' id='line_1_62' title="bbox 1213 284 2176 327; baseline 0.005 -14"><span class='ocrx_word' id='word_1_411' title='bbox 1213 293 1282 313; x_wconf 90' lang='lat' dir='ltr'>rum</span> <span class='ocrx_word' id='word_1_412' title='bbox 1308 284 1427 323; x_wconf 86' lang='lat' dir='ltr'>effugia</span> <span class='ocrx_word' id='word_1_413' title='bbox 1449 295 1611 315; x_wconf 86' lang='lat' dir='ltr'>moremur</span> <span class='ocrx_word' id='word_1_414' title='bbox 1634 285 1685 325; x_wconf 92' lang='lat' dir='ltr'>qui</span> <span class='ocrx_word' id='word_1_415' title='bbox 1710 285 1814 316; x_wconf 85' lang='lat' dir='ltr'>alieno</span> <span class='ocrx_word' id='word_1_416' title='bbox 1826 285 2014 325; x_wconf 86' lang='lat' dir='ltr'>plerumque</span> <span class='ocrx_word' id='word_1_417' title='bbox 2027 288 2176 327; x_wconf 83' lang='lat' dir='ltr'>exemplo</span> 
     </span>
     <span class='ocr_line' id='line_1_63' title="bbox 1213 310 2176 368; baseline 0.006 -13"><span class='ocrx_word' id='word_1_418' title='bbox 1213 336 1245 355; x_wconf 87' lang='grc'>50</span> <span class='ocrx_word' id='word_1_419' title='bbox 1276 326 1358 356; x_wconf 78' lang='lat' dir='ltr'>tueri</span> <span class='ocrx_word' id='word_1_420' title='bbox 1376 310 1517 357; x_wconf 60' lang='lat' dir='ltr'>U:volunt</span> <span class='ocrx_word' id='word_1_421' title='bbox 1549 327 1621 358; x_wconf 90' lang='lat' dir='ltr'>Non</span> <span class='ocrx_word' id='word_1_422' title='bbox 1653 327 1808 364; x_wconf 86' lang='lat' dir='ltr'>videmus,</span> <span class='ocrx_word' id='word_1_423' title='bbox 1841 329 2000 368; x_wconf 87' lang='lat' dir='ltr'>inquiunt,</span> <span class='ocrx_word' id='word_1_424' title='bbox 2036 329 2115 360; x_wconf 85' lang='lat' dir='ltr'>alios</span> <span class='ocrx_word' id='word_1_425' title='bbox 2138 331 2176 362; x_wconf 90' lang='lat' dir='ltr'>de</span> 
     </span>
     <span class='ocr_line' id='line_1_64' title="bbox 1213 368 2176 413; baseline 0.006 -16"><span class='ocrx_word' id='word_1_426' title='bbox 1213 368 1281 398; x_wconf 80' lang='lat' dir='ltr'>istis</span> <span class='ocrx_word' id='word_1_427' title='bbox 1304 370 1507 406; x_wconf 73' lang='lat' dir='ltr'>commoveri</span> <span class='ocrx_word' id='word_1_428' title='bbox 1538 376 1567 400; x_wconf 85' lang='lat' dir='ltr'>et</span> <span class='ocrx_word' id='word_1_429' title='bbox 1591 370 1617 400; x_wconf 89' lang='grc'>51</span> <span class='ocrx_word' id='word_1_430' title='bbox 1642 381 1698 400; x_wconf 85' lang='grc'><strong>1105</strong></span> <span class='ocrx_word' id='word_1_431' title='bbox 1724 371 1807 401; x_wconf 84' lang='lat' dir='ltr'>ultro</span> <span class='ocrx_word' id='word_1_432' title='bbox 1832 371 1915 401; x_wconf 88' lang='lat' dir='ltr'>istud</span> <span class='ocrx_word' id='word_1_433' title='bbox 1939 372 2176 413; x_wconf 83' lang='lat' dir='ltr'>aggrediamur,</span> 
     </span>
     <span class='ocr_line' id='line_1_65' title="bbox 1215 412 2177 460; baseline 0.007 -21"><span class='ocrx_word' id='word_1_434' title='bbox 1215 412 1379 441; x_wconf 79' lang='lat' dir='ltr'>veniemus</span> <span class='ocrx_word' id='word_1_435' title='bbox 1403 412 1434 441; x_wconf 91' lang='grc'>10</span> <span class='ocrx_word' id='word_1_436' title='bbox 1460 412 1595 442; x_wconf 81' lang='lat' dir='ltr'>aliorum</span> <span class='ocrx_word' id='word_1_437' title='bbox 1620 419 1851 460; x_wconf 80' lang='lat' dir='ltr'>contemptum,</span> <span class='ocrx_word' id='word_1_438' title='bbox 1887 418 1917 444; x_wconf 85' lang='lat' dir='ltr'>et</span> <span class='ocrx_word' id='word_1_439' title='bbox 1940 414 2000 453; x_wconf 87' lang='lat' dir='ltr'>ipsi</span> <span class='ocrx_word' id='word_1_440' title='bbox 2025 424 2083 445; x_wconf 86' lang='lat' dir='ltr'>nos</span> <span class='ocrx_word' id='word_1_441' title='bbox 2106 416 2177 447; x_wconf 92' lang='lat' dir='ltr'>irri-</span> 
     </span>
     <span class='ocr_line' id='line_1_66' title="bbox 1212 452 2174 498; baseline 0.007 -16"><span class='ocrx_word' id='word_1_442' title='bbox 1212 452 1340 483; x_wconf 82' lang='lat' dir='ltr'>debunt.</span> <span class='ocrx_word' id='word_1_443' title='bbox 1366 454 1407 483; x_wconf 76' lang='lat' dir='ltr'>Et</span> <span class='ocrx_word' id='word_1_444' title='bbox 1428 454 1497 484; x_wconf 86' lang='lat' dir='ltr'>istis</span> <span class='ocrx_word' id='word_1_445' title='bbox 1517 455 1643 492; x_wconf 78' lang='lat' dir='ltr'>essugiis</span> <span class='ocrx_word' id='word_1_446' title='bbox 1657 456 1854 486; x_wconf 82' lang='lat' dir='ltr'>occasionem</span> <span class='ocrx_word' id='word_1_447' title='bbox 1869 456 2054 495; x_wconf 88' lang='lat' dir='ltr'>quaerimus</span> <span class='ocrx_word' id='word_1_448' title='bbox 2067 460 2174 498; x_wconf 88' lang='lat' dir='ltr'>segni-</span> 
     </span>
     <span class='ocr_line' id='line_1_67' title="bbox 1213 495 2174 541; baseline 0.007 -17"><span class='ocrx_word' id='word_1_449' title='bbox 1213 495 1289 525; x_wconf 87' lang='lat' dir='ltr'>tiem</span> <span class='ocrx_word' id='word_1_450' title='bbox 1316 502 1457 526; x_wconf 84' lang='lat' dir='ltr'>nostram</span> <span class='ocrx_word' id='word_1_451' title='bbox 1487 503 1518 527; x_wconf 85' lang='lat' dir='ltr'>et</span> <span class='ocrx_word' id='word_1_452' title='bbox 1548 498 1711 534; x_wconf 45' lang='lat' dir='ltr'>&amp;naviam</span> <span class='ocrx_word' id='word_1_453' title='bbox 1741 498 1929 529; x_wconf 88' lang='lat' dir='ltr'>occultandi.</span> <span class='ocrx_word' id='word_1_454' title='bbox 1976 499 2042 530; x_wconf 82' lang='lat' dir='ltr'>Nos</span> <span class='ocrx_word' id='word_1_455' title='bbox 2066 500 2174 541; x_wconf 86' lang='lat' dir='ltr'>itaque</span> 
     </span>
     <span class='ocr_line' id='line_1_68' title="bbox 1211 535 2175 582; baseline 0.007 -16"><span class='ocrx_word' id='word_1_456' title='bbox 1211 545 1333 572; x_wconf 47' lang='lat' dir='ltr'>contr&amp;</span> <span class='ocrx_word' id='word_1_457' title='bbox 1369 544 1403 567; x_wconf 89' lang='lat' dir='ltr'>ut</span> <span class='ocrx_word' id='word_1_458' title='bbox 1437 545 1510 568; x_wconf 81' lang='lat' dir='ltr'>aute</span> <span class='ocrx_word' id='word_1_459' title='bbox 1543 535 1619 572; x_wconf 80' lang='lat' dir='ltr'>dixi</span> <span class='ocrx_word' id='word_1_460' title='bbox 1654 541 1678 570; x_wconf 90' lang='lat' dir='ltr'>si</span> <span class='ocrx_word' id='word_1_461' title='bbox 1714 540 1848 571; x_wconf 85' lang='lat' dir='ltr'>deficere</span> <span class='ocrx_word' id='word_1_462' title='bbox 1882 541 1960 571; x_wconf 88' lang='lat' dir='ltr'>alios</span> <span class='ocrx_word' id='word_1_463' title='bbox 1991 541 2175 582; x_wconf 88' lang='lat' dir='ltr'>viderimus,</span> 
     </span>
     <span class='ocr_line' id='line_1_69' title="bbox 1212 580 2174 625; baseline 0.007 -16"><span class='ocrx_word' id='word_1_464' title='bbox 1212 580 1416 611; x_wconf 76' lang='lat' dir='ltr'>audentiores</span> <span class='ocrx_word' id='word_1_465' title='bbox 1439 582 1547 621; x_wconf 84' lang='lat' dir='ltr'>simus,</span> <span class='ocrx_word' id='word_1_466' title='bbox 1578 581 1746 622; x_wconf 87' lang='lat' dir='ltr'>Deumque</span> <span class='ocrx_word' id='word_1_467' title='bbox 1770 590 1937 614; x_wconf 76' lang='lat' dir='ltr'>vocantem</span> <span class='ocrx_word' id='word_1_468' title='bbox 1961 594 2018 614; x_wconf 81' lang='lat' dir='ltr'>nos</span> <span class='ocrx_word' id='word_1_469' title='bbox 2042 594 2174 625; x_wconf 88' lang='lat' dir='ltr'>cognos-</span> 
     </span>
     <span class='ocr_line' id='line_1_70' title="bbox 1211 606 2173 673; baseline 0.006 -21"><span class='ocrx_word' id='word_1_470' title='bbox 1211 633 1329 659; x_wconf 85' lang='lat' dir='ltr'>camus,</span> <span class='ocrx_word' id='word_1_471' title='bbox 1360 629 1391 653; x_wconf 87' lang='grc'>01</span> <span class='ocrx_word' id='word_1_472' title='bbox 1423 606 1579 654; x_wconf 76' lang='lat' dir='ltr'>auxilidm</span> <span class='ocrx_word' id='word_1_473' title='bbox 1611 631 1858 673; x_wconf 78' lang='lat' dir='ltr'>promittentem,</span> <span class='ocrx_word' id='word_1_474' title='bbox 1889 627 2043 666; x_wconf 86' lang='lat' dir='ltr'>quasique</span> <span class='ocrx_word' id='word_1_475' title='bbox 2072 638 2173 659; x_wconf 88' lang='lat' dir='ltr'>manu</span> 
     </span>
     <span class='ocr_line' id='line_1_71' title="bbox 1211 665 2172 715; baseline 0.006 -21"><span class='ocrx_word' id='word_1_476' title='bbox 1211 665 1379 695; x_wconf 85' lang='lat' dir='ltr'>ducentem</span> <span class='ocrx_word' id='word_1_477' title='bbox 1403 676 1581 705; x_wconf 85' lang='lat' dir='ltr'>sequamur.</span> <span class='ocrx_word' id='word_1_478' title='bbox 1605 667 1714 715; x_wconf 79' lang='lat' dir='ltr'>Neque</span> <span class='ocrx_word' id='word_1_479' title='bbox 1739 668 1892 698; x_wconf 83' lang='lat' dir='ltr'>miremur</span> <span class='ocrx_word' id='word_1_480' title='bbox 1915 669 1941 698; x_wconf 89' lang='lat' dir='ltr'>si</span> <span class='ocrx_word' id='word_1_481' title='bbox 1965 669 2018 699; x_wconf 87' lang='lat' dir='ltr'>alii</span> <span class='ocrx_word' id='word_1_482' title='bbox 2036 669 2172 711; x_wconf 85' lang='lat' dir='ltr'>fugiant,</span> 
     </span>
     <span class='ocr_line' id='line_1_72' title="bbox 1210 695 2173 749; baseline 0.007 -13"><span class='ocrx_word' id='word_1_483' title='bbox 1210 707 1477 746; x_wconf 86' lang='lat' dir='ltr'>quemadmodum</span> <span class='ocrx_word' id='word_1_484' title='bbox 1510 719 1548 738; x_wconf 87' lang='lat' dir='ltr'>ne</span> <span class='ocrx_word' id='word_1_485' title='bbox 1578 710 1687 739; x_wconf 88' lang='lat' dir='ltr'>mirari</span> <span class='ocrx_word' id='word_1_486' title='bbox 1719 710 1844 749; x_wconf 76' lang='lat' dir='ltr'>quidem</span> <span class='ocrx_word' id='word_1_487' title='bbox 1877 711 2037 749; x_wconf 84' lang='lat' dir='ltr'>debemus,</span> <span class='ocrx_word' id='word_1_488' title='bbox 2069 713 2096 742; x_wconf 87' lang='lat' dir='ltr'>si</span> <span class='ocrx_word' id='word_1_489' title='bbox 2120 695 2173 744; x_wconf 87' lang='lat' dir='ltr'>isti</span> 
     </span>
     <span class='ocr_line' id='line_1_73' title="bbox 1211 750 2171 793; baseline 0.007 -14"><span class='ocrx_word' id='word_1_490' title='bbox 1211 750 1249 780; x_wconf 91' lang='lat' dir='ltr'>de</span> <span class='ocrx_word' id='word_1_491' title='bbox 1273 750 1388 789; x_wconf 86' lang='lat' dir='ltr'>quibus</span> <span class='ocrx_word' id='word_1_492' title='bbox 1412 750 1462 780; x_wconf 90' lang='lat' dir='ltr'>hic</span> <span class='ocrx_word' id='word_1_493' title='bbox 1485 751 1600 791; x_wconf 70' lang='lat' dir='ltr'>acritur,</span> <span class='ocrx_word' id='word_1_494' title='bbox 1625 763 1692 782; x_wconf 84' lang='grc'><strong>5050</strong></span> <span class='ocrx_word' id='word_1_495' title='bbox 1717 754 1965 792; x_wconf 86' lang='lat' dir='ltr'>mutuoquidem</span> <span class='ocrx_word' id='word_1_496' title='bbox 1987 753 2171 793; x_wconf 85' lang='lat' dir='ltr'>hortantur,</span> 
     </span>
     <span class='ocr_line' id='line_1_74' title="bbox 1209 792 2171 836; baseline 0.005 -13"><span class='ocrx_word' id='word_1_497' title='bbox 1209 792 1264 823; x_wconf 88' lang='lat' dir='ltr'>sed</span> <span class='ocrx_word' id='word_1_498' title='bbox 1287 792 1417 823; x_wconf 89' lang='lat' dir='ltr'>interim</span> <span class='ocrx_word' id='word_1_499' title='bbox 1442 793 1561 833; x_wconf 86' lang='lat' dir='ltr'>singuli</span> <span class='ocrx_word' id='word_1_500' title='bbox 1586 794 1695 832; x_wconf 89' lang='lat' dir='ltr'>pedem</span> <span class='ocrx_word' id='word_1_501' title='bbox 1721 796 1879 826; x_wconf 79' lang='lat' dir='ltr'>referunt</span> <span class='ocrx_word' id='word_1_502' title='bbox 1911 803 1941 826; x_wconf 87' lang='lat' dir='ltr'>et</span> <span class='ocrx_word' id='word_1_503' title='bbox 1964 807 2021 836; x_wconf 89' lang='lat' dir='ltr'>pro</span> <span class='ocrx_word' id='word_1_504' title='bbox 2046 797 2171 829; x_wconf 85' lang='lat' dir='ltr'>viribus</span> 
     </span>
     <span class='ocr_line' id='line_1_75' title="bbox 1209 834 2171 886; baseline 0.007 -22"><span class='ocrx_word' id='word_1_505' title='bbox 1209 834 1384 874; x_wconf 87' lang='lat' dir='ltr'>periculum</span> <span class='ocrx_word' id='word_1_506' title='bbox 1409 835 1546 875; x_wconf 82' lang='lat' dir='ltr'>fugiunt,</span> <span class='ocrx_word' id='word_1_507' title='bbox 1568 842 1599 866; x_wconf 90' lang='lat' dir='ltr'>et</span> <span class='ocrx_word' id='word_1_508' title='bbox 1623 847 1720 884; x_wconf 82' lang='lat' dir='ltr'>quum</span> <span class='ocrx_word' id='word_1_509' title='bbox 1746 848 1794 868; x_wconf 86' lang='lat' dir='ltr'>res</span> <span class='ocrx_word' id='word_1_510' title='bbox 1819 838 1966 886; x_wconf 80' lang='lat' dir='ltr'>postulat.</span> <span class='ocrx_word' id='word_1_511' title='bbox 1990 840 2093 870; x_wconf 76' lang='lat' dir='ltr'>officio</span> <span class='ocrx_word' id='word_1_512' title='bbox 2117 841 2171 871; x_wconf 89' lang='lat' dir='ltr'>de-</span> 
     </span>
     <span class='ocr_line' id='line_1_76' title="bbox 1209 877 2170 920; baseline 0.006 -13"><span class='ocrx_word' id='word_1_513' title='bbox 1209 882 1295 909; x_wconf 88' lang='lat' dir='ltr'>sunt.</span> <span class='ocrx_word' id='word_1_514' title='bbox 1339 877 1408 908; x_wconf 88' lang='lat' dir='ltr'>Nae</span> <span class='ocrx_word' id='word_1_515' title='bbox 1432 879 1599 917; x_wconf 78' lang='lat' dir='ltr'>oportebat</span> <span class='ocrx_word' id='word_1_516' title='bbox 1622 880 1707 918; x_wconf 85' lang='grc'><strong>111505</strong></span> <span class='ocrx_word' id='word_1_517' title='bbox 1731 890 1818 910; x_wconf 87' lang='lat' dir='ltr'>suam</span> <span class='ocrx_word' id='word_1_518' title='bbox 1844 881 2005 920; x_wconf 86' lang='lat' dir='ltr'>ignaviam</span> <span class='ocrx_word' id='word_1_519' title='bbox 2031 889 2061 912; x_wconf 89' lang='lat' dir='ltr'>et</span> <span class='ocrx_word' id='word_1_520' title='bbox 2085 883 2170 913; x_wconf 89' lang='lat' dir='ltr'>iner-</span> 
     </span>
     <span class='ocr_line' id='line_1_77' title="bbox 1208 920 2170 971; baseline 0.007 -22"><span class='ocrx_word' id='word_1_521' title='bbox 1208 920 1284 950; x_wconf 88' lang='lat' dir='ltr'>tiam</span> <span class='ocrx_word' id='word_1_522' title='bbox 1319 930 1486 957; x_wconf 77' lang='lat' dir='ltr'>accusare,</span> <span class='ocrx_word' id='word_1_523' title='bbox 1529 921 1583 951; x_wconf 91' lang='lat' dir='ltr'>sed</span> <span class='ocrx_word' id='word_1_524' title='bbox 1618 922 1671 951; x_wconf 87' lang='lat' dir='ltr'>alii</span> <span class='ocrx_word' id='word_1_525' title='bbox 1706 923 1783 952; x_wconf 87' lang='lat' dir='ltr'>alios</span> <span class='ocrx_word' id='word_1_526' title='bbox 1816 923 1990 971; x_wconf 82' lang='lat' dir='ltr'>increpant,</span> <span class='ocrx_word' id='word_1_527' title='bbox 2036 925 2170 964; x_wconf 88' lang='lat' dir='ltr'>quisque</span> 
     </span>
     <span class='ocr_line' id='line_1_78' title="bbox 1208 962 2170 1006; baseline 0.007 -14"><span class='ocrx_word' id='word_1_528' title='bbox 1208 964 1344 993; x_wconf 87' lang='lat' dir='ltr'>miratur</span> <span class='ocrx_word' id='word_1_529' title='bbox 1367 962 1491 993; x_wconf 87' lang='lat' dir='ltr'>nullum</span> <span class='ocrx_word' id='word_1_530' title='bbox 1516 964 1638 994; x_wconf 76' lang='lat' dir='ltr'>moveri</span> <span class='ocrx_word' id='word_1_531' title='bbox 1662 966 1827 1003; x_wconf 86' lang='lat' dir='ltr'>promissis</span> <span class='ocrx_word' id='word_1_532' title='bbox 1850 966 1962 1006; x_wconf 77' lang='lat' dir='ltr'>regiis,</span> <span class='ocrx_word' id='word_1_533' title='bbox 1997 967 2050 997; x_wconf 82' lang='lat' dir='ltr'>sed</span> <span class='ocrx_word' id='word_1_534' title='bbox 2076 978 2170 999; x_wconf 90' lang='lat' dir='ltr'>nemo</span> 
     </span>
     <span class='ocr_line' id='line_1_79' title="bbox 1208 1005 2170 1046; baseline 0.007 -12"><span class='ocrx_word' id='word_1_535' title='bbox 1208 1010 1314 1036; x_wconf 88' lang='lat' dir='ltr'>tamen</span> <span class='ocrx_word' id='word_1_536' title='bbox 1338 1015 1404 1035; x_wconf 88' lang='lat' dir='ltr'>rem</span> <span class='ocrx_word' id='word_1_537' title='bbox 1429 1005 1623 1046; x_wconf 86' lang='lat' dir='ltr'>aggreditur.</span> <span class='ocrx_word' id='word_1_538' title='bbox 1669 1006 1754 1038; x_wconf 83' lang='lat' dir='ltr'>Sanc</span> <span class='ocrx_word' id='word_1_539' title='bbox 1777 1008 1821 1038; x_wconf 89' lang='lat' dir='ltr'>sic</span> <span class='ocrx_word' id='word_1_540' title='bbox 1845 1008 1954 1039; x_wconf 85' lang='lat' dir='ltr'>videas</span> <span class='ocrx_word' id='word_1_541' title='bbox 1977 1008 2070 1040; x_wconf 89' lang='lat' dir='ltr'>hodie</span> <span class='ocrx_word' id='word_1_542' title='bbox 2088 1010 2170 1041; x_wconf 89' lang='lat' dir='ltr'>mul-</span> 
     </span>
     <span class='ocr_line' id='line_1_80' title="bbox 1208 1047 2169 1090; baseline 0.007 -13"><span class='ocrx_word' id='word_1_543' title='bbox 1208 1053 1266 1084; x_wconf 88' lang='lat' dir='ltr'>tos,</span> <span class='ocrx_word' id='word_1_544' title='bbox 1290 1047 1354 1087; x_wconf 91' lang='lat' dir='ltr'>qui,</span> <span class='ocrx_word' id='word_1_545' title='bbox 1380 1053 1426 1078; x_wconf 86' lang='lat' dir='ltr'>tot</span> <span class='ocrx_word' id='word_1_546' title='bbox 1450 1048 1542 1079; x_wconf 88' lang='lat' dir='ltr'>malis</span> <span class='ocrx_word' id='word_1_547' title='bbox 1567 1054 1597 1078; x_wconf 84' lang='lat' dir='ltr'>et</span> <span class='ocrx_word' id='word_1_548' title='bbox 1621 1049 1706 1079; x_wconf 88' lang='lat' dir='ltr'>vitiis</span> <span class='ocrx_word' id='word_1_549' title='bbox 1729 1061 1764 1081; x_wconf 88' lang='lat' dir='ltr'>ac</span> <span class='ocrx_word' id='word_1_550' title='bbox 1791 1051 1982 1090; x_wconf 74' lang='lat' dir='ltr'>corruptelis</span> <span class='ocrx_word' id='word_1_551' title='bbox 2005 1052 2089 1082; x_wconf 88' lang='lat' dir='ltr'>inter</span> <span class='ocrx_word' id='word_1_552' title='bbox 2111 1063 2169 1084; x_wconf 85' lang='grc'><strong>1105</strong></span> 
     </span>
     <span class='ocr_line' id='line_1_81' title="bbox 1206 1090 2169 1138; baseline 0.006 -18"><span class='ocrx_word' id='word_1_553' title='bbox 1206 1090 1427 1138; x_wconf 72' lang='lat' dir='ltr'>regnantibus,</span> <span class='ocrx_word' id='word_1_554' title='bbox 1450 1098 1693 1122; x_wconf 77' lang='lat' dir='ltr'>commoventur</span> <span class='ocrx_word' id='word_1_555' title='bbox 1715 1103 1917 1132; x_wconf 83' lang='lat' dir='ltr'>magnopere,</span> <span class='ocrx_word' id='word_1_556' title='bbox 1945 1101 1975 1123; x_wconf 88' lang='lat' dir='ltr'>et</span> <span class='ocrx_word' id='word_1_557' title='bbox 1999 1094 2169 1134; x_wconf 86' lang='lat' dir='ltr'>diligenter</span> 
     </span>
     <span class='ocr_line' id='line_1_82' title="bbox 1206 1133 2169 1172; baseline 0.006 -10"><span class='ocrx_word' id='word_1_558' title='bbox 1206 1133 1241 1162; x_wconf 89' lang='lat' dir='ltr'>in</span> <span class='ocrx_word' id='word_1_559' title='bbox 1270 1133 1405 1163; x_wconf 90' lang='lat' dir='ltr'>aliorum</span> <span class='ocrx_word' id='word_1_560' title='bbox 1437 1134 1515 1164; x_wconf 89' lang='lat' dir='ltr'>vitia</span> <span class='ocrx_word' id='word_1_561' title='bbox 1538 1134 1714 1172; x_wconf 86' lang='lat' dir='ltr'>inquirunt,</span> <span class='ocrx_word' id='word_1_562' title='bbox 1747 1142 1777 1165; x_wconf 90' lang='lat' dir='ltr'>et</span> <span class='ocrx_word' id='word_1_563' title='bbox 1801 1141 1935 1166; x_wconf 90' lang='lat' dir='ltr'>cernunt</span> <span class='ocrx_word' id='word_1_564' title='bbox 1959 1143 2104 1168; x_wconf 83' lang='lat' dir='ltr'>acutum:</span> <span class='ocrx_word' id='word_1_565' title='bbox 2135 1144 2169 1169; x_wconf 86' lang='lat' dir='ltr'>et</span> 
     </span>
     <span class='ocr_line' id='line_1_83' title="bbox 1206 1175 2169 1218; baseline 0.006 -13"><span class='ocrx_word' id='word_1_566' title='bbox 1206 1175 1298 1206; x_wconf 89' lang='lat' dir='ltr'>modo</span> <span class='ocrx_word' id='word_1_567' title='bbox 1322 1175 1417 1211; x_wconf 90' lang='lat' dir='ltr'>hunc,</span> <span class='ocrx_word' id='word_1_568' title='bbox 1442 1175 1638 1206; x_wconf 90' lang='lat' dir='ltr'>modoillum</span> <span class='ocrx_word' id='word_1_569' title='bbox 1663 1182 1809 1217; x_wconf 89' lang='lat' dir='ltr'>carpunt,</span> <span class='ocrx_word' id='word_1_570' title='bbox 1833 1178 1987 1218; x_wconf 88' lang='lat' dir='ltr'>gravique</span> <span class='ocrx_word' id='word_1_571' title='bbox 2008 1181 2169 1212; x_wconf 86' lang='lat' dir='ltr'>sententia</span> 
     </span>
     <span class='ocr_line' id='line_1_84' title="bbox 1204 1217 2168 1257; baseline 0.006 -10"><span class='ocrx_word' id='word_1_572' title='bbox 1204 1218 1337 1254; x_wconf 84' lang='lat' dir='ltr'>feriunt,</span> <span class='ocrx_word' id='word_1_573' title='bbox 1379 1217 1514 1257; x_wconf 88' lang='lat' dir='ltr'>denique</span> <span class='ocrx_word' id='word_1_574' title='bbox 1548 1230 1565 1249; x_wconf 91' lang='lat' dir='ltr'>a</span> <span class='ocrx_word' id='word_1_575' title='bbox 1599 1220 1739 1250; x_wconf 77' lang='lat' dir='ltr'>maximo</span> <span class='ocrx_word' id='word_1_576' title='bbox 1773 1220 1812 1250; x_wconf 90' lang='lat' dir='ltr'>ad</span> <span class='ocrx_word' id='word_1_577' title='bbox 1853 1221 2019 1251; x_wconf 88' lang='lat' dir='ltr'>minimum</span> <span class='ocrx_word' id='word_1_578' title='bbox 2057 1232 2168 1254; x_wconf 89' lang='grc'><strong>0111005</strong></span> 
     </span>
     <span class='ocr_line' id='line_1_85' title="bbox 1205 1261 2166 1302; baseline 0.005 -12"><span class='ocrx_word' id='word_1_579' title='bbox 1205 1261 1366 1291; x_wconf 84' lang='lat' dir='ltr'>communi</span> <span class='ocrx_word' id='word_1_580' title='bbox 1391 1271 1546 1292; x_wconf 88' lang='lat' dir='ltr'>consensu</span> <span class='ocrx_word' id='word_1_581' title='bbox 1575 1261 1608 1291; x_wconf 90' lang='lat' dir='ltr'>in</span> <span class='ocrx_word' id='word_1_582' title='bbox 1633 1262 1708 1292; x_wconf 87' lang='lat' dir='ltr'>vitia</span> <span class='ocrx_word' id='word_1_583' title='bbox 1731 1268 1762 1292; x_wconf 87' lang='lat' dir='ltr'>et</span> <span class='ocrx_word' id='word_1_584' title='bbox 1785 1263 1981 1302; x_wconf 84' lang='lat' dir='ltr'>corruptelas</span> <span class='ocrx_word' id='word_1_585' title='bbox 2005 1264 2166 1296; x_wconf 87' lang='lat' dir='ltr'>invehun-</span> 
     </span>
     <span class='ocr_line' id='line_1_86' title="bbox 1206 1302 2165 1342; baseline 0.005 -9"><span class='ocrx_word' id='word_1_586' title='bbox 1206 1309 1274 1334; x_wconf 87' lang='lat' dir='ltr'>tur:</span> <span class='ocrx_word' id='word_1_587' title='bbox 1308 1309 1339 1333; x_wconf 87' lang='lat' dir='ltr'>et</span> <span class='ocrx_word' id='word_1_588' title='bbox 1372 1302 1447 1333; x_wconf 91' lang='lat' dir='ltr'>dum</span> <span class='ocrx_word' id='word_1_589' title='bbox 1482 1304 1515 1334; x_wconf 93' lang='lat' dir='ltr'>in</span> <span class='ocrx_word' id='word_1_590' title='bbox 1549 1304 1628 1334; x_wconf 85' lang='lat' dir='ltr'>alios</span> <span class='ocrx_word' id='word_1_591' title='bbox 1661 1306 1851 1335; x_wconf 86' lang='lat' dir='ltr'>sententiam</span> <span class='ocrx_word' id='word_1_592' title='bbox 1885 1306 2005 1342; x_wconf 87' lang='lat' dir='ltr'>ferunt,</span> <span class='ocrx_word' id='word_1_593' title='bbox 2041 1317 2075 1337; x_wconf 89' lang='lat' dir='ltr'>se</span> <span class='ocrx_word' id='word_1_594' title='bbox 2107 1317 2165 1338; x_wconf 90' lang='lat' dir='ltr'>suo</span> 
     </span>
     <span class='ocr_line' id='line_1_87' title="bbox 1203 1345 2164 1388; baseline 0.005 -13"><span class='ocrx_word' id='word_1_595' title='bbox 1203 1345 1376 1386; x_wconf 83' lang='lat' dir='ltr'>suffragi0‚</span> <span class='ocrx_word' id='word_1_596' title='bbox 1402 1345 1476 1377; x_wconf 86' lang='lat' dir='ltr'>licet</span> <span class='ocrx_word' id='word_1_597' title='bbox 1498 1346 1626 1383; x_wconf 88' lang='lat' dir='ltr'>incauti,</span> <span class='ocrx_word' id='word_1_598' title='bbox 1651 1347 1874 1378; x_wconf 88' lang='lat' dir='ltr'>condemnant.</span> <span class='ocrx_word' id='word_1_599' title='bbox 1899 1348 1985 1388; x_wconf 90' lang='lat' dir='ltr'>Ergo</span> <span class='ocrx_word' id='word_1_600' title='bbox 2005 1348 2164 1388; x_wconf 88' lang='lat' dir='ltr'>inquiunt,</span> 
     </span>
     <span class='ocr_line' id='line_1_88' title="bbox 1204 1388 2167 1440; baseline 0.005 -22"><span class='ocrx_word' id='word_1_601' title='bbox 1204 1394 1323 1428; x_wconf 87' lang='lat' dir='ltr'>quanta</span> <span class='ocrx_word' id='word_1_602' title='bbox 1357 1388 1473 1427; x_wconf 87' lang='lat' dir='ltr'>passim</span> <span class='ocrx_word' id='word_1_603' title='bbox 1510 1399 1635 1419; x_wconf 88' lang='lat' dir='ltr'>morum</span> <span class='ocrx_word' id='word_1_604' title='bbox 1669 1390 1846 1429; x_wconf 75' lang='lat' dir='ltr'>corruptio,</span> <span class='ocrx_word' id='word_1_605' title='bbox 1888 1396 2008 1429; x_wconf 88' lang='lat' dir='ltr'>quanta</span> <span class='ocrx_word' id='word_1_606' title='bbox 2048 1391 2167 1440; x_wconf 82' lang='lat' dir='ltr'>ubique</span> 
     </span>
     <span class='ocr_line' id='line_1_89' title="bbox 1203 1431 2164 1472; baseline 0.005 -11"><span class='ocrx_word' id='word_1_607' title='bbox 1203 1431 1345 1461; x_wconf 87' lang='lat' dir='ltr'>confusio</span> <span class='ocrx_word' id='word_1_608' title='bbox 1370 1431 1506 1471; x_wconf 80' lang='lat' dir='ltr'>regnat?</span> <span class='ocrx_word' id='word_1_609' title='bbox 1551 1431 1637 1462; x_wconf 89' lang='lat' dir='ltr'>Hinc</span> <span class='ocrx_word' id='word_1_610' title='bbox 1660 1432 1859 1463; x_wconf 80' lang='lat' dir='ltr'>invehuntur</span> <span class='ocrx_word' id='word_1_611' title='bbox 1881 1433 1912 1463; x_wconf 91' lang='grc'>10</span> <span class='ocrx_word' id='word_1_612' title='bbox 1937 1434 2096 1472; x_wconf 83' lang='lat' dir='ltr'>ebriosos,</span> <span class='ocrx_word' id='word_1_613' title='bbox 2130 1435 2164 1466; x_wconf 90' lang='lat' dir='ltr'>in</span> 
     </span>
     <span class='ocr_line' id='line_1_90' title="bbox 1202 1473 2163 1514; baseline 0.004 -10"><span class='ocrx_word' id='word_1_614' title='bbox 1202 1473 1378 1509; x_wconf 81' lang='lat' dir='ltr'>helluones,</span> <span class='ocrx_word' id='word_1_615' title='bbox 1405 1475 1437 1504; x_wconf 96' lang='lat' dir='ltr'>in</span> <span class='ocrx_word' id='word_1_616' title='bbox 1461 1474 1614 1514; x_wconf 90' lang='lat' dir='ltr'>gurgites,</span> <span class='ocrx_word' id='word_1_617' title='bbox 1639 1475 1804 1514; x_wconf 86' lang='lat' dir='ltr'>parasitas,</span> <span class='ocrx_word' id='word_1_618' title='bbox 1828 1475 2020 1514; x_wconf 84' lang='lat' dir='ltr'>blaterones‚</span> <span class='ocrx_word' id='word_1_619' title='bbox 2043 1482 2163 1508; x_wconf 87' lang='lat' dir='ltr'>scorta-</span> 
     </span>
     <span class='ocr_line' id='line_1_91' title="bbox 1202 1516 2161 1557; baseline 0.004 -11"><span class='ocrx_word' id='word_1_620' title='bbox 1202 1521 1304 1553; x_wconf 86' lang='lat' dir='ltr'>tores,</span> <span class='ocrx_word' id='word_1_621' title='bbox 1338 1516 1518 1555; x_wconf 74' lang='lat' dir='ltr'>aduheros,</span> <span class='ocrx_word' id='word_1_622' title='bbox 1552 1516 1766 1556; x_wconf 82' lang='lat' dir='ltr'>blasphemos,</span> <span class='ocrx_word' id='word_1_623' title='bbox 1801 1518 1902 1555; x_wconf 85' lang='lat' dir='ltr'>fures,</span> <span class='ocrx_word' id='word_1_624' title='bbox 1935 1518 2161 1557; x_wconf 82' lang='lat' dir='ltr'>foeneratores,</span> 
     </span>
     <span class='ocr_line' id='line_1_92' title="bbox 1200 1558 2162 1599; baseline 0.004 -10"><span class='ocrx_word' id='word_1_625' title='bbox 1200 1558 1353 1595; x_wconf 86' lang='lat' dir='ltr'>latrones,</span> <span class='ocrx_word' id='word_1_626' title='bbox 1377 1559 1560 1595; x_wconf 84' lang='lat' dir='ltr'>homicidas,</span> <span class='ocrx_word' id='word_1_627' title='bbox 1583 1560 1735 1599; x_wconf 83' lang='lat' dir='ltr'>periuros,</span> <span class='ocrx_word' id='word_1_628' title='bbox 1758 1559 1994 1597; x_wconf 87' lang='lat' dir='ltr'>obtrectatores,</span> <span class='ocrx_word' id='word_1_629' title='bbox 2025 1561 2162 1593; x_wconf 88' lang='lat' dir='ltr'>haereti-</span> 
     </span>
     <span class='ocr_line' id='line_1_93' title="bbox 1201 1601 2162 1642; baseline 0.003 -10"><span class='ocrx_word' id='word_1_630' title='bbox 1201 1612 1263 1638; x_wconf 87' lang='lat' dir='ltr'>cos,</span> <span class='ocrx_word' id='word_1_631' title='bbox 1303 1602 1438 1642; x_wconf 86' lang='lat' dir='ltr'>ignavos</span> <span class='ocrx_word' id='word_1_632' title='bbox 1473 1608 1504 1632; x_wconf 85' lang='lat' dir='ltr'>et</span> <span class='ocrx_word' id='word_1_633' title='bbox 1537 1602 1665 1640; x_wconf 79' lang='lat' dir='ltr'>inertes,</span> <span class='ocrx_word' id='word_1_634' title='bbox 1706 1601 1840 1642; x_wconf 89' lang='lat' dir='ltr'>denique</span> <span class='ocrx_word' id='word_1_635' title='bbox 1874 1603 1907 1633; x_wconf 93' lang='lat' dir='ltr'>in</span> <span class='ocrx_word' id='word_1_636' title='bbox 1942 1604 2049 1634; x_wconf 86' lang='lat' dir='ltr'>omnia</span> <span class='ocrx_word' id='word_1_637' title='bbox 2083 1605 2162 1636; x_wconf 87' lang='lat' dir='ltr'>vitia</span> 
     </span>
     <span class='ocr_line' id='line_1_94' title="bbox 1201 1643 2162 1678; baseline 0.004 -4"><span class='ocrx_word' id='word_1_638' title='bbox 1201 1645 1344 1675; x_wconf 88' lang='lat' dir='ltr'>severius</span> <span class='ocrx_word' id='word_1_639' title='bbox 1366 1643 1569 1675; x_wconf 85' lang='lat' dir='ltr'>invehuntur</span> <span class='ocrx_word' id='word_1_640' title='bbox 1591 1650 1622 1675; x_wconf 86' lang='lat' dir='ltr'>et</span> <span class='ocrx_word' id='word_1_641' title='bbox 1645 1645 1867 1676; x_wconf 86' lang='lat' dir='ltr'>declamitant:</span> <span class='ocrx_word' id='word_1_642' title='bbox 1891 1655 1985 1676; x_wconf 91' lang='lat' dir='ltr'>nemo</span> <span class='ocrx_word' id='word_1_643' title='bbox 2008 1657 2070 1677; x_wconf 89' lang='lat' dir='ltr'>non</span> <span class='ocrx_word' id='word_1_644' title='bbox 2091 1647 2162 1678; x_wconf 82' lang='lat' dir='ltr'>vult</span> 
     </span>
     <span class='ocr_line' id='line_1_95' title="bbox 1200 1687 2160 1727; baseline 0.003 -10"><span class='ocrx_word' id='word_1_645' title='bbox 1200 1687 1356 1717; x_wconf 88' lang='lat' dir='ltr'>adversus</span> <span class='ocrx_word' id='word_1_646' title='bbox 1379 1687 1561 1718; x_wconf 88' lang='lat' dir='ltr'>istiusmodi</span> <span class='ocrx_word' id='word_1_647' title='bbox 1592 1687 1737 1718; x_wconf 87' lang='lat' dir='ltr'>homines</span> <span class='ocrx_word' id='word_1_648' title='bbox 1759 1688 1931 1727; x_wconf 84' lang='lat' dir='ltr'>flagitiosos</span> <span class='ocrx_word' id='word_1_649' title='bbox 1965 1690 2160 1720; x_wconf 83' lang='lat' dir='ltr'>sententiam</span> 
     </span>
     <span class='ocr_line' id='line_1_96' title="bbox 1199 1729 2160 1763; baseline 0.002 -3"><span class='ocrx_word' id='word_1_650' title='bbox 1199 1729 1292 1761; x_wconf 89' lang='lat' dir='ltr'>ferre.</span> <span class='ocrx_word' id='word_1_651' title='bbox 1336 1729 1460 1760; x_wconf 76' lang='lat' dir='ltr'>&#39;Verum</span> <span class='ocrx_word' id='word_1_652' title='bbox 1484 1730 1568 1760; x_wconf 90' lang='lat' dir='ltr'>enim</span> <span class='ocrx_word' id='word_1_653' title='bbox 1594 1740 1668 1760; x_wconf 88' lang='lat' dir='ltr'>vero</span> <span class='ocrx_word' id='word_1_654' title='bbox 1691 1740 1752 1760; x_wconf 91' lang='lat' dir='ltr'>non</span> <span class='ocrx_word' id='word_1_655' title='bbox 1777 1730 1852 1761; x_wconf 87' lang='lat' dir='ltr'>satis</span> <span class='ocrx_word' id='word_1_656' title='bbox 1880 1736 1929 1761; x_wconf 85' lang='lat' dir='ltr'>est</span> <span class='ocrx_word' id='word_1_657' title='bbox 1951 1730 1984 1761; x_wconf 93' lang='lat' dir='ltr'>in</span> <span class='ocrx_word' id='word_1_658' title='bbox 2008 1731 2086 1763; x_wconf 87' lang='lat' dir='ltr'>alios</span> <span class='ocrx_word' id='word_1_659' title='bbox 2109 1733 2160 1762; x_wconf 91' lang='lat' dir='ltr'>in-</span> 
     </span>
     <span class='ocr_line' id='line_1_97' title="bbox 1199 1772 2160 1812; baseline 0.003 -10"><span class='ocrx_word' id='word_1_660' title='bbox 1199 1772 1284 1809; x_wconf 84' lang='lat' dir='ltr'>vehi,</span> <span class='ocrx_word' id='word_1_661' title='bbox 1308 1772 1370 1803; x_wconf 91' lang='lat' dir='ltr'>nisi</span> <span class='ocrx_word' id='word_1_662' title='bbox 1394 1783 1412 1802; x_wconf 89' lang='lat' dir='ltr'>a</span> <span class='ocrx_word' id='word_1_663' title='bbox 1435 1778 1465 1803; x_wconf 92' lang='lat' dir='ltr'>te</span> <span class='ocrx_word' id='word_1_664' title='bbox 1487 1772 1556 1812; x_wconf 83' lang='lat' dir='ltr'>ipso</span> <span class='ocrx_word' id='word_1_665' title='bbox 1574 1772 1671 1803; x_wconf 87' lang='lat' dir='ltr'>facias</span> <span class='ocrx_word' id='word_1_666' title='bbox 1693 1773 1829 1810; x_wconf 88' lang='lat' dir='ltr'>initium,</span> <span class='ocrx_word' id='word_1_667' title='bbox 1854 1778 1887 1803; x_wconf 90' lang='lat' dir='ltr'>ut</span> <span class='ocrx_word' id='word_1_668' title='bbox 1900 1772 2160 1806; x_wconf 88' lang='lat' dir='ltr'>deindeliberius</span> 
     </span>
     <span class='ocr_line' id='line_1_98' title="bbox 1199 1815 2159 1855; baseline 0.002 -10"><span class='ocrx_word' id='word_1_669' title='bbox 1199 1815 1278 1846; x_wconf 86' lang='lat' dir='ltr'>alios</span> <span class='ocrx_word' id='word_1_670' title='bbox 1301 1815 1529 1854; x_wconf 87' lang='lat' dir='ltr'>reprehendas.</span> <span class='ocrx_word' id='word_1_671' title='bbox 1573 1815 1655 1846; x_wconf 88' lang='lat' dir='ltr'>Nam</span> <span class='ocrx_word' id='word_1_672' title='bbox 1687 1815 1818 1854; x_wconf 90' lang='lat' dir='ltr'>quinam</span> <span class='ocrx_word' id='word_1_673' title='bbox 1849 1815 2036 1855; x_wconf 89' lang='lat' dir='ltr'>plerumque</span> <span class='ocrx_word' id='word_1_674' title='bbox 2069 1817 2159 1848; x_wconf 88' lang='lat' dir='ltr'>vitiis</span> 
     </span>
     <span class='ocr_line' id='line_1_99' title="bbox 1198 1857 2159 1897; baseline 0.002 -9"><span class='ocrx_word' id='word_1_675' title='bbox 1198 1857 1262 1888; x_wconf 89' lang='lat' dir='ltr'>illis</span> <span class='ocrx_word' id='word_1_676' title='bbox 1284 1857 1428 1888; x_wconf 87' lang='lat' dir='ltr'>laborare</span> <span class='ocrx_word' id='word_1_677' title='bbox 1452 1857 1745 1897; x_wconf 87' lang='lat' dir='ltr'>deprehenduntur,</span> <span class='ocrx_word' id='word_1_678' title='bbox 1775 1858 1834 1888; x_wconf 86' lang='lat' dir='ltr'>nisi</span> <span class='ocrx_word' id='word_1_679' title='bbox 1858 1859 1910 1897; x_wconf 89' lang='lat' dir='ltr'>qui</span> <span class='ocrx_word' id='word_1_680' title='bbox 1933 1863 2009 1889; x_wconf 89' lang='lat' dir='ltr'>sunt</span> <span class='ocrx_word' id='word_1_681' title='bbox 2031 1859 2063 1889; x_wconf 92' lang='lat' dir='ltr'>in</span> <span class='ocrx_word' id='word_1_682' title='bbox 2088 1859 2159 1891; x_wconf 90' lang='lat' dir='ltr'>aliis</span> 
     </span>
     <span class='ocr_line' id='line_1_100' title="bbox 1198 1899 2158 1940; baseline 0.001 -9"><span class='ocrx_word' id='word_1_683' title='bbox 1198 1900 1368 1940; x_wconf 87' lang='lat' dir='ltr'>carpendis</span> <span class='ocrx_word' id='word_1_684' title='bbox 1391 1900 1615 1931; x_wconf 83' lang='lat' dir='ltr'>audacissimi?</span> <span class='ocrx_word' id='word_1_685' title='bbox 1646 1906 1676 1930; x_wconf 87' lang='lat' dir='ltr'>et</span> <span class='ocrx_word' id='word_1_686' title='bbox 1707 1900 1759 1939; x_wconf 90' lang='lat' dir='ltr'>qui</span> <span class='ocrx_word' id='word_1_687' title='bbox 1790 1899 1948 1940; x_wconf 86' lang='lat' dir='ltr'>quaelibet</span> <span class='ocrx_word' id='word_1_688' title='bbox 1970 1901 2092 1940; x_wconf 88' lang='lat' dir='ltr'>flagitia</span> <span class='ocrx_word' id='word_1_689' title='bbox 2115 1902 2158 1932; x_wconf 88' lang='lat' dir='ltr'>si-</span> 
     </span>
     <span class='ocr_line' id='line_1_101' title="bbox 1198 1942 2159 1983; baseline 0.002 -10"><span class='ocrx_word' id='word_1_690' title='bbox 1198 1944 1383 1974; x_wconf 90' lang='lat' dir='ltr'>mulationis</span> <span class='ocrx_word' id='word_1_691' title='bbox 1406 1949 1438 1973; x_wconf 87' lang='lat' dir='ltr'>et</span> <span class='ocrx_word' id='word_1_692' title='bbox 1469 1943 1672 1983; x_wconf 79' lang='lat' dir='ltr'>hypocriseos</span> <span class='ocrx_word' id='word_1_693' title='bbox 1694 1943 1789 1982; x_wconf 91' lang='lat' dir='ltr'>pallio</span> <span class='ocrx_word' id='word_1_694' title='bbox 1812 1942 1946 1983; x_wconf 84' lang='lat' dir='ltr'>tegunt?</span> <span class='ocrx_word' id='word_1_695' title='bbox 1993 1943 2101 1982; x_wconf 80' lang='lat' dir='ltr'>Quare</span> <span class='ocrx_word' id='word_1_696' title='bbox 2131 1945 2159 1975; x_wconf 85' lang='lat' dir='ltr'>si</span> 
     </span>
     <span class='ocr_line' id='line_1_102' title="bbox 1197 1985 2159 2025; baseline 0.002 -9"><span class='ocrx_word' id='word_1_697' title='bbox 1197 1986 1312 2016; x_wconf 87' lang='lat' dir='ltr'>fratres</span> <span class='ocrx_word' id='word_1_698' title='bbox 1335 1990 1391 2016; x_wconf 85' lang='lat' dir='ltr'>aut</span> <span class='ocrx_word' id='word_1_699' title='bbox 1413 1986 1578 2025; x_wconf 83' lang='lat' dir='ltr'>proximos</span> <span class='ocrx_word' id='word_1_700' title='bbox 1601 1986 1678 2016; x_wconf 83' lang='lat' dir='ltr'>vitio</span> <span class='ocrx_word' id='word_1_701' title='bbox 1700 1985 1844 2015; x_wconf 86' lang='lat' dir='ltr'>laborare</span> <span class='ocrx_word' id='word_1_702' title='bbox 1866 1985 1970 2025; x_wconf 90' lang='lat' dir='ltr'>aliquo</span> <span class='ocrx_word' id='word_1_703' title='bbox 1983 1986 2159 2025; x_wconf 82' lang='lat' dir='ltr'>videamus,</span> 
     </span>
     <span class='ocr_line' id='line_1_103' title="bbox 1198 2028 2160 2069; baseline 0.001 -10"><span class='ocrx_word' id='word_1_704' title='bbox 1198 2029 1370 2069; x_wconf 88' lang='lat' dir='ltr'>diligenter</span> <span class='ocrx_word' id='word_1_705' title='bbox 1392 2029 1464 2059; x_wconf 92' lang='lat' dir='ltr'>illos</span> <span class='ocrx_word' id='word_1_706' title='bbox 1486 2028 1700 2068; x_wconf 89' lang='lat' dir='ltr'>corripiendos</span> <span class='ocrx_word' id='word_1_707' title='bbox 1722 2028 1831 2063; x_wconf 86' lang='lat' dir='ltr'>fateor,</span> <span class='ocrx_word' id='word_1_708' title='bbox 1856 2028 1909 2058; x_wconf 90' lang='lat' dir='ltr'>sed</span> <span class='ocrx_word' id='word_1_709' title='bbox 1929 2029 1974 2058; x_wconf 87' lang='lat' dir='ltr'>ita</span> <span class='ocrx_word' id='word_1_710' title='bbox 1993 2034 2100 2059; x_wconf 91' lang='lat' dir='ltr'>tamen</span> <span class='ocrx_word' id='word_1_711' title='bbox 2123 2036 2160 2060; x_wconf 85' lang='lat' dir='ltr'>ut</span> 
     </span>
     <span class='ocr_line' id='line_1_104' title="bbox 1198 2070 2158 2108; baseline 0 -6"><span class='ocrx_word' id='word_1_712' title='bbox 1198 2082 1217 2102; x_wconf 87' lang='lat' dir='ltr'>a</span> <span class='ocrx_word' id='word_1_713' title='bbox 1239 2071 1331 2102; x_wconf 89' lang='grc'><strong>00015</strong></span> <span class='ocrx_word' id='word_1_714' title='bbox 1354 2071 1482 2101; x_wconf 92' lang='lat' dir='ltr'>initium</span> <span class='ocrx_word' id='word_1_715' title='bbox 1506 2071 1668 2108; x_wconf 81' lang='lat' dir='ltr'>faciamus,</span> <span class='ocrx_word' id='word_1_716' title='bbox 1692 2077 1722 2100; x_wconf 86' lang='lat' dir='ltr'>et</span> <span class='ocrx_word' id='word_1_717' title='bbox 1745 2071 1778 2100; x_wconf 92' lang='lat' dir='ltr'>in</span> <span class='ocrx_word' id='word_1_718' title='bbox 1802 2070 1864 2101; x_wconf 90' lang='lat' dir='ltr'>Dei</span> <span class='ocrx_word' id='word_1_719' title='bbox 1885 2071 1999 2101; x_wconf 87' lang='lat' dir='ltr'>timore</span> <span class='ocrx_word' id='word_1_720' title='bbox 2022 2071 2067 2102; x_wconf 88' lang='lat' dir='ltr'>sie</span> <span class='ocrx_word' id='word_1_721' title='bbox 2090 2082 2158 2102; x_wconf 90' lang='lat' dir='ltr'>am-</span> 
     </span>
     <span class='ocr_line' id='line_1_105' title="bbox 1197 2113 2159 2151; baseline 0 -6"><span class='ocrx_word' id='word_1_722' title='bbox 1197 2115 1308 2146; x_wconf 88' lang='lat' dir='ltr'>bulare</span> <span class='ocrx_word' id='word_1_723' title='bbox 1339 2113 1506 2149; x_wconf 84' lang='lat' dir='ltr'>discamus,</span> <span class='ocrx_word' id='word_1_724' title='bbox 1539 2124 1578 2144; x_wconf 89' lang='lat' dir='ltr'>ne</span> <span class='ocrx_word' id='word_1_725' title='bbox 1609 2114 1641 2144; x_wconf 93' lang='lat' dir='ltr'>in</span> <span class='ocrx_word' id='word_1_726' title='bbox 1666 2113 1782 2144; x_wconf 87' lang='lat' dir='ltr'>similia</span> <span class='ocrx_word' id='word_1_727' title='bbox 1805 2113 1883 2143; x_wconf 76' lang='lat' dir='ltr'>vitia</span> <span class='ocrx_word' id='word_1_728' title='bbox 1906 2113 2093 2151; x_wconf 82' lang='lat' dir='ltr'>incidamus,</span> <span class='ocrx_word' id='word_1_729' title='bbox 2127 2120 2159 2145; x_wconf 89' lang='lat' dir='ltr'>et</span> 
     </span>
     <span class='ocr_line' id='line_1_106' title="bbox 1197 2155 2158 2196; baseline 0.001 -9"><span class='ocrx_word' id='word_1_730' title='bbox 1197 2168 1238 2188; x_wconf 90' lang='lat' dir='ltr'>ne</span> <span class='ocrx_word' id='word_1_731' title='bbox 1261 2156 1369 2187; x_wconf 79' lang='lat' dir='ltr'>verbis</span> <span class='ocrx_word' id='word_1_732' title='bbox 1392 2156 1519 2196; x_wconf 88' lang='lat' dir='ltr'>quidem</span> <span class='ocrx_word' id='word_1_733' title='bbox 1544 2162 1574 2186; x_wconf 91' lang='lat' dir='ltr'>et</span> <span class='ocrx_word' id='word_1_734' title='bbox 1598 2166 1651 2186; x_wconf 90' lang='lat' dir='ltr'>ore</span> <span class='ocrx_word' id='word_1_735' title='bbox 1674 2156 1753 2186; x_wconf 87' lang='lat' dir='ltr'>vitia</span> <span class='ocrx_word' id='word_1_736' title='bbox 1776 2155 2040 2191; x_wconf 88' lang='lat' dir='ltr'>condemnemus,</span> <span class='ocrx_word' id='word_1_737' title='bbox 2076 2167 2158 2196; x_wconf 85' lang='lat' dir='ltr'>quae</span> 
     </span>
     <span class='ocr_line' id='line_1_107' title="bbox 1197 2197 2158 2238; baseline 0 -8"><span class='ocrx_word' id='word_1_738' title='bbox 1197 2204 1304 2230; x_wconf 89' lang='lat' dir='ltr'>tamen</span> <span class='ocrx_word' id='word_1_739' title='bbox 1329 2200 1360 2229; x_wconf 92' lang='lat' dir='ltr'>in</span> <span class='ocrx_word' id='word_1_740' title='bbox 1384 2205 1512 2238; x_wconf 82' lang='lat' dir='ltr'>pectore</span> <span class='ocrx_word' id='word_1_741' title='bbox 1531 2199 1704 2237; x_wconf 77' lang='lat' dir='ltr'>foveamus,</span> <span class='ocrx_word' id='word_1_742' title='bbox 1723 2203 1753 2228; x_wconf 90' lang='lat' dir='ltr'>et</span> <span class='ocrx_word' id='word_1_743' title='bbox 1777 2197 1815 2228; x_wconf 90' lang='lat' dir='ltr'>de</span> <span class='ocrx_word' id='word_1_744' title='bbox 1837 2198 1951 2237; x_wconf 90' lang='lat' dir='ltr'>quibus</span> <span class='ocrx_word' id='word_1_745' title='bbox 1970 2199 2066 2229; x_wconf 89' lang='lat' dir='ltr'>etiam</span> <span class='ocrx_word' id='word_1_746' title='bbox 2082 2210 2158 2230; x_wconf 90' lang='lat' dir='ltr'>con·</span> 
     </span>
     <span class='ocr_line' id='line_1_108' title="bbox 1195 2243 1472 2281; baseline -0.007 -8"><span class='ocrx_word' id='word_1_747' title='bbox 1195 2243 1281 2274; x_wconf 86' lang='lat' dir='ltr'>vinei</span> <span class='ocrx_word' id='word_1_748' title='bbox 1305 2243 1472 2281; x_wconf 82' lang='lat' dir='ltr'>possimus.</span> 
     </span>
    </p>

    <p class='ocr_par' dir='ltr' id='par_1_8' title="bbox 1194 2282 2157 2538">
     <span class='ocr_line' id='line_1_109' title="bbox 1281 2282 2157 2323; baseline 0.001 -8"><span class='ocrx_word' id='word_1_749' title='bbox 1281 2285 1382 2315; x_wconf 89' lang='lat' dir='ltr'>Porro</span> <span class='ocrx_word' id='word_1_750' title='bbox 1405 2284 1437 2314; x_wconf 91' lang='lat' dir='ltr'>in</span> <span class='ocrx_word' id='word_1_751' title='bbox 1460 2283 1665 2323; x_wconf 86' lang='lat' dir='ltr'>sequentibus</span> <span class='ocrx_word' id='word_1_752' title='bbox 1688 2282 1823 2313; x_wconf 81' lang='lat' dir='ltr'>Davidis</span> <span class='ocrx_word' id='word_1_753' title='bbox 1854 2283 1973 2314; x_wconf 90' lang='lat' dir='ltr'>verbis:</span> <span class='ocrx_word' id='word_1_754' title='bbox 2008 2284 2085 2322; x_wconf 78' lang='lat' dir='ltr'>Quis</span> <span class='ocrx_word' id='word_1_755' title='bbox 2114 2287 2157 2316; x_wconf 74' lang='lat' dir='ltr'>est</span> 
     </span>
     <span class='ocr_line' id='line_1_110' title="bbox 1195 2325 2156 2364; baseline 0 -6"><span class='ocrx_word' id='word_1_756' title='bbox 1195 2327 1245 2358; x_wconf 70' lang='lat' dir='ltr'>lm&#39;o</span> <span class='ocrx_word' id='word_1_757' title='bbox 1270 2327 1460 2358; x_wconf 73' lang='lat' dir='ltr'>Plzilistaeus</span> <span class='ocrx_word' id='word_1_758' title='bbox 1488 2326 1727 2363; x_wconf 69' lang='lat' dir='ltr'>incircumcisus,</span> <span class='ocrx_word' id='word_1_759' title='bbox 1757 2325 1809 2363; x_wconf 74' lang='lat' dir='ltr'>qui</span> <span class='ocrx_word' id='word_1_760' title='bbox 1838 2325 2033 2364; x_wconf 66' lang='lat' dir='ltr'>exprobravit</span> <span class='ocrx_word' id='word_1_761' title='bbox 2062 2327 2156 2358; x_wconf 79' lang='lat' dir='ltr'>aciem</span> 
     </span>
     <span class='ocr_line' id='line_1_111' title="bbox 1194 2368 2156 2408; baseline 0 -7"><span class='ocrx_word' id='word_1_762' title='bbox 1194 2370 1257 2401; x_wconf 71' lang='lat' dir='ltr'>Dei</span> <span class='ocrx_word' id='word_1_763' title='bbox 1278 2369 1432 2400; x_wconf 74' lang='lat' dir='ltr'>viventis?</span> <span class='ocrx_word' id='word_1_764' title='bbox 1456 2379 1580 2399; x_wconf 90' lang='lat' dir='ltr'>summa</span> <span class='ocrx_word' id='word_1_765' title='bbox 1602 2369 1702 2408; x_wconf 88' lang='lat' dir='ltr'>ipsius</span> <span class='ocrx_word' id='word_1_766' title='bbox 1724 2374 1855 2407; x_wconf 87' lang='lat' dir='ltr'>apparet</span> <span class='ocrx_word' id='word_1_767' title='bbox 1879 2368 1990 2408; x_wconf 81' lang='lat' dir='ltr'>pietas,</span> <span class='ocrx_word' id='word_1_768' title='bbox 2014 2379 2077 2408; x_wconf 92' lang='lat' dir='ltr'>qua</span> <span class='ocrx_word' id='word_1_769' title='bbox 2089 2370 2156 2401; x_wconf 91' lang='lat' dir='ltr'>sola</span> 
     </span>
     <span class='ocr_line' id='line_1_112' title="bbox 1195 2410 2155 2451; baseline -0.001 -7"><span class='ocrx_word' id='word_1_770' title='bbox 1195 2413 1361 2447; x_wconf 83' lang='lat' dir='ltr'>excitatur,</span> <span class='ocrx_word' id='word_1_771' title='bbox 1392 2422 1454 2442; x_wconf 90' lang='lat' dir='ltr'>non</span> <span class='ocrx_word' id='word_1_772' title='bbox 1486 2418 1590 2441; x_wconf 87' lang='lat' dir='ltr'>autem</span> <span class='ocrx_word' id='word_1_773' title='bbox 1622 2410 1796 2441; x_wconf 86' lang='lat' dir='ltr'>ambitione</span> <span class='ocrx_word' id='word_1_774' title='bbox 1826 2417 1861 2440; x_wconf 89' lang='lat' dir='ltr'>ut</span> <span class='ocrx_word' id='word_1_775' title='bbox 1884 2411 1950 2440; x_wconf 86' lang='lat' dir='ltr'>fere</span> <span class='ocrx_word' id='word_1_776' title='bbox 1973 2411 2077 2442; x_wconf 90' lang='lat' dir='ltr'>solent</span> <span class='ocrx_word' id='word_1_777' title='bbox 2100 2413 2155 2451; x_wconf 89' lang='lat' dir='ltr'>qui</span> 
     </span>
     <span class='ocr_line' id='line_1_113' title="bbox 1194 2453 2155 2494; baseline 0 -8"><span class='ocrx_word' id='word_1_778' title='bbox 1194 2456 1256 2486; x_wconf 88' lang='lat' dir='ltr'>viri</span> <span class='ocrx_word' id='word_1_779' title='bbox 1290 2456 1386 2485; x_wconf 85' lang='lat' dir='ltr'>fortes</span> <span class='ocrx_word' id='word_1_780' title='bbox 1420 2459 1451 2484; x_wconf 89' lang='lat' dir='ltr'>et</span> <span class='ocrx_word' id='word_1_781' title='bbox 1486 2454 1683 2493; x_wconf 85' lang='lat' dir='ltr'>magnanimi</span> <span class='ocrx_word' id='word_1_782' title='bbox 1718 2453 1829 2483; x_wconf 80' lang='lat' dir='ltr'>volunt</span> <span class='ocrx_word' id='word_1_783' title='bbox 1864 2453 1984 2488; x_wconf 84' lang='lat' dir='ltr'>haberi,</span> <span class='ocrx_word' id='word_1_784' title='bbox 2019 2454 2155 2494; x_wconf 87' lang='lat' dir='ltr'>gloriam</span> 
     </span>
     <span class='ocr_line' id='line_1_114' title="bbox 1194 2494 2155 2547; baseline 0 -19"><span class='ocrx_word' id='word_1_785' title='bbox 1194 2497 1276 2547; x_wconf 75' lang='lat' dir='ltr'>apud</span> <span class='ocrx_word' id='word_1_786' title='bbox 1301 2497 1446 2527; x_wconf 91' lang='lat' dir='ltr'>homines</span> <span class='ocrx_word' id='word_1_787' title='bbox 1468 2506 1630 2535; x_wconf 89' lang='lat' dir='ltr'>quaerere,</span> <span class='ocrx_word' id='word_1_788' title='bbox 1654 2494 1706 2526; x_wconf 83' lang='lat' dir='ltr'>vel</span> <span class='ocrx_word' id='word_1_789' title='bbox 1729 2496 1870 2534; x_wconf 87' lang='lat' dir='ltr'>privatas</span> <span class='ocrx_word' id='word_1_790' title='bbox 1893 2495 2113 2527; x_wconf 83' lang='lat' dir='ltr'>familiarum&#39;</span> <span class='ocrx_word' id='word_1_791' title='bbox 2105 2508 2155 2528; x_wconf 88' lang='grc'>10·</span> 
     </span>
    </p>
   </div>
   <div class='ocr_carea' id='block_1_8' title="bbox 1167 2537 2153 2578">
    <p class='ocr_par' dir='ltr' id='par_1_9' title="bbox 1167 2537 2153 2578">
     <span class='ocr_line' id='line_1_115' title="bbox 1167 2537 2153 2578; baseline 0 -7"><span class='ocrx_word' id='word_1_792' title='bbox 1167 2540 1292 2572; x_wconf 66' lang='lat' dir='ltr'>›iurias</span> <span class='ocrx_word' id='word_1_793' title='bbox 1323 2539 1441 2578; x_wconf 85' lang='grc'><strong>0101501,</strong></span> <span class='ocrx_word' id='word_1_794' title='bbox 1476 2538 1525 2568; x_wconf 87' lang='lat' dir='ltr'>vel</span> <span class='ocrx_word' id='word_1_795' title='bbox 1554 2538 1667 2568; x_wconf 86' lang='lat' dir='ltr'>saltem</span> <span class='ocrx_word' id='word_1_796' title='bbox 1699 2537 1850 2568; x_wconf 89' lang='lat' dir='ltr'>victoriae</span> <span class='ocrx_word' id='word_1_797' title='bbox 1881 2538 1973 2568; x_wconf 89' lang='lat' dir='ltr'>titulo</span> <span class='ocrx_word' id='word_1_798' title='bbox 2003 2538 2153 2578; x_wconf 85' lang='lat' dir='ltr'>gloriari:</span> 
     </span>
    </p>
   </div>
   <div class='ocr_carea' id='block_1_9' title="bbox 1194 2580 2154 2665">
    <p class='ocr_par' dir='ltr' id='par_1_10' title="bbox 1194 2580 2154 2665">
     <span class='ocr_line' id='line_1_116' title="bbox 1194 2580 2154 2622; baseline 0 -9"><span class='ocrx_word' id='word_1_799' title='bbox 1194 2583 1330 2622; x_wconf 89' lang='lat' dir='ltr'>denique</span> <span class='ocrx_word' id='word_1_800' title='bbox 1353 2581 1379 2612; x_wconf 88' lang='lat' dir='ltr'>si</span> <span class='ocrx_word' id='word_1_801' title='bbox 1409 2581 1493 2620; x_wconf 91' lang='lat' dir='ltr'>quod</span> <span class='ocrx_word' id='word_1_802' title='bbox 1517 2581 1670 2610; x_wconf 81' lang='lat' dir='ltr'>eximium</span> <span class='ocrx_word' id='word_1_803' title='bbox 1695 2587 1726 2611; x_wconf 86' lang='lat' dir='ltr'>et</span> <span class='ocrx_word' id='word_1_804' title='bbox 1757 2580 1837 2611; x_wconf 86' lang='lat' dir='ltr'>forte</span> <span class='ocrx_word' id='word_1_805' title='bbox 1861 2581 1987 2612; x_wconf 89' lang='lat' dir='ltr'>facinus</span> <span class='ocrx_word' id='word_1_806' title='bbox 2009 2581 2154 2613; x_wconf 89' lang='lat' dir='ltr'>homines</span> 
     </span>
     <span class='ocr_line' id='line_1_117' title="bbox 1195 2623 2154 2665; baseline -0.001 -8"><span class='ocrx_word' id='word_1_807' title='bbox 1195 2625 1378 2662; x_wconf 86' lang='lat' dir='ltr'>admittunt,</span> <span class='ocrx_word' id='word_1_808' title='bbox 1404 2624 1545 2654; x_wconf 86' lang='lat' dir='ltr'>vanitate</span> <span class='ocrx_word' id='word_1_809' title='bbox 1568 2623 1672 2663; x_wconf 87' lang='lat' dir='ltr'>potius</span> <span class='ocrx_word' id='word_1_810' title='bbox 1695 2629 1726 2652; x_wconf 88' lang='lat' dir='ltr'>et</span> <span class='ocrx_word' id='word_1_811' title='bbox 1748 2623 1896 2662; x_wconf 85' lang='lat' dir='ltr'>superbia</span> <span class='ocrx_word' id='word_1_812' title='bbox 1919 2629 1950 2654; x_wconf 86' lang='lat' dir='ltr'>et</span> <span class='ocrx_word' id='word_1_813' title='bbox 1972 2626 2154 2665; x_wconf 88' lang='lat' dir='ltr'>arrogantia</span> 
     </span>
    </p>
   </div>
  </div>
 </body>
</html>
