2551 3044
194 206 255 240 637

194 301 357 334 discamus
380 301 486 333 Deum
517 298 696 333 consulturi
723 307 794 329 cum
817 298 904 329 omni
929 297 1083 328 modestia
1106 308 1155 328 ac-

194 344 322 382 cedere,
353 344 393 375 ab
423 343 508 375 omui
539 342 673 374 saevitia
701 344 733 372 et
763 341 953 372 erudelitite
984 339 1154 376 abstinere,

811 205 859 236 IN
883 205 908 236 Ι.
932 204 1021 236 LIB.
1044 203 1242 236 SAMUEL.
1267 203 1362 236 CAP.
1383 205 1547 236 XXVIII.

1180 358 1181 361 =
1180 331 1284 370 »tihi
1312 342 1432 373 suscita.

195 392 282 419 certo
313 387 455 427 persuasi
484 394 646 424 nunquam
677 383 859 414 defuturum
892 382 984 414 nobis
1008 382 1154 412 divinum
1180 379 1182 388 ’

195 428 363 460 auxilium.
389 427 516 460 Scimus
538 427 624 458 enim
649 436 760 457 verum
784 425 863 456 illud
888 436 957 457 esse
980 425 1155 466 prophetae

196 472 332 508 dictum,
361 481 472 501 aurem
497 469 627 500 Domini
658 479 720 499 non
750 469 852 509 magis
883 479 977 508 quam
1001 468 1075 498 olim
1100 466 1155 498 ob-

195 513 373 546 surduisse.
407 522 481 543 nam
515 512 541 542 si
575 511 649 541 olim
679 510 769 541 Deus
800 511 839 541 ad
870 522 903 542 se
933 511 1154 550 confugientes
1179 533 1182 541 .

194 555 347 593 exaudiit,
377 565 416 585 ne
446 554 629 585 dubitemus
657 554 732 593 quin
763 553 887 585 facilem
924 558 954 584 et
977 552 1154 593 benignum

194 609 228 630 se
241 598 392 638 praebeat
411 597 473 628 rite
488 596 731 627 invocantibus:
756 606 859 635 neque
879 596 962 626 enim
987 595 1153 626 brachium

193 641 270 678 eius,
298 638 330 670 id
353 642 402 671 est
425 639 474 670 vis
504 638 573 670 eius
604 648 639 670 ac
670 639 813 686 potentia
836 638 1009 669 imminuta
1032 644 1087 674 est,
1119 642 1154 667 ut

191 693 253 714 nou
267 681 369 722 possit
390 681 429 712 ad
453 691 488 713 se
510 680 740 722 confugientes,
764 681 846 712 sicut
869 680 943 712 olim
960 680 1043 717 fecit,
1064 680 1154 710 adiu-

191 734 278 757 vare.
309 723 404 755 Unde
426 724 526 765 igitur
550 708 663 755 accidit
688 729 723 754 ut
746 734 839 763 saepe
864 734 965 754 vanae
988 728 1020 753 et
1042 722 1153 753 irritae

191 777 301 808 preces
342 767 408 798 sint
447 770 479 798 et
516 777 572 806 spe
612 771 724 797 nostra
764 766 921 797 excidisse
962 764 1151 797 videamur?

191 819 308 849 nempe
337 813 467 849 peecata
497 815 605 840 nostra
637 809 737 840 veluti
768 809 928 848 repagulis
962 807 1153 856 quibusdam

190 852 253 883 Dei
285 852 422 893 gratiam
453 862 471 882 a
501 852 592 883 nobis
625 850 862 888 intercludunt,
901 857 932 882 et
966 851 1154 899 iniquitates

136 902 139 905 '
189 899 318 926 nostrae
331 894 506 925 divortium
526 905 544 925 a
559 894 627 925 Deo
647 894 767 925 faciunt
787 899 818 924 et
841 899 994 934 tanquam
1019 894 1152 924 immen-

189 947 258 969 sam
289 937 440 977 abyssum
472 937 558 968 inter
580 936 686 967 Deum
717 942 747 968 et
775 947 833 967 nos
864 936 1023 967 iniiciunt.
1066 936 1153 966 Hinc

190 989 287 1019 saepe
306 980 343 1010 fit
366 984 402 1010 ut
414 978 476 1010 Dei
499 978 719 1010 misericordia
742 990 807 1010 nou
831 979 998 1019 perveniat
1022 979 1061 1009 ad
1084 989 1152 1014 1105,

189 1026 221 1053 et
250 1022 350 1061 ipsius
381 1022 500 1054 virtute
523 1033 588 1052 non
611 1021 826 1052 sublevemur.
871 1021 1089 1060 Quamobrem
1113 1020 1153 1051 ad

189 1065 300 1096 Deum
330 1074 408 1095 vera
436 1064 500 1096 fide
531 1070 562 1095 et
591 1064 799 1104 poenitentia,
827 1075 909 1104 qnae
932 1065 1036 1104 ipsum
1062 1063 1153 1094 nobis

188 1107 347 1145 conciliet,
377 1112 621 1138 convertamur:
651 1112 775 1137 certum
807 1107 894 1138 enim
917 1113 964 1138 est
988 1117 1047 1138 nos
1070 1106 1154 1137 seria

191 1155 393 1190 peccatorum
422 1149 620 1190 poenitentia
644 1154 744 1180 tactos
766 1149 1018 1181 misericordiam
1041 1159 1059 1179 a
1082 1148 1152 1180 Deo

189 1197 464 1232 consequuturos,
494 1192 587 1223 modo
615 1192 841 1232 promissiones
870 1192 973 1232 ipsius
1000 1202 1064 1223 non
1095 1191 1152 1222 du-

190 1235 333 1266 bitanter
355 1234 595 1275 amplectamur.
636 1235 710 1266 Non
733 1235 779 1266 ita
801 1235 863 1266 fuit
886 1234 967 1266 Saul
990 1245 1153 1274 compara-

188 1282 242 1308 tus
266 1286 369 1317 neque
392 1277 452 1308 hac
475 1277 639 1315 modestia,
670 1277 862 1315 humilitate,
887 1277 1093 1317 poenitentia,
1117 1287 1153 1308 ac

189 1319 253 1351 fide
283 1319 390 1351 Deum
420 1320 642 1360 compellavit,
673 1325 717 1359 ⁴ut
745 1320 861 1351 merito
890 1321 1028 1352 reiectus
1064 1320 1105 1351 sit
1135 1330 1154 1350 a

188 1362 332 1393 Domino
363 1367 394 1394 et
422 1363 456 1394 in
485 1373 523 1393 eo
552 1363 687 1403 impleta
716 1362 756 1393 sit
785 1363 991 1394 comminatio
1015 1363 1071 1393 illa
1091 1361 1153 1393 Dei

189 1415 246 1446 per
270 1404 462 1445 prophetam
491 1406 582 1437 facta.
629 1405 829 1443 Chamabitis,
860 1405 983 1445 inquid,
1010 1405 1064 1437 sed
1089 1416 1152 1436 non

188 1448 406 1478 exaudiemini
430 1458 466 1479 eo
489 1448 550 1479 die.
585 1447 749 1487 Quamdiu
774 1431 852 1479 Saul
876 1449 909 1479 in
932 1448 1054 1479 honore
1078 1458 1152 1496 pro·

187 1489 304 1530 phetas
336 1490 460 1521 habens
493 1491 599 1522 Deum
631 1491 810 1529 invocavit,
851 1491 1010 1522 auxilium
1049 1490 1152 1531 ipsius

189 1532 299 1571 sensit,
322 1533 387 1563 iam
410 1543 486 1564 vero
509 1533 610 1565 caesis
632 1533 764 1564 Domini
789 1533 1008 1565 sacerdotibus
1030 1543 1151 1564 merce-

191 1574 262 1605 dem
276 1584 368 1605 suam
380 1575 505 1615 recipit.
528 1576 573 1607 Et
590 1575 646 1606 ille
665 1575 792 1616 quidem
812 1576 922 1616 eiulat‚
945 1581 976 1607 et
998 1580 1154 1616 tanquam

195 1621 309 1649 taurus
327 1618 441 1658 mugit,
463 1618 519 1649 sed
537 1619 606 1650 sine
630 1618 752 1649 auxilio
773 1623 892 1660 tamen,
915 1629 979 1659 quo
1000 1619 1154 1660 indignus

195 1664 278 1691 erat:
298 1660 554 1700 quandoquidem
570 1671 637 1691 non
650 1661 843 1701 tangebatur
854 1661 938 1693 seria
950 1666 1153 1702 peecatorum

193 1706 342 1746 μετανοίας
367 1707 404 1733 ut
427 1713 558 1734 necesse
580 1704 621 1734 sit
639 1703 744 1743 ipsum
767 1714 862 1744 quam
884 1705 917 1735 in
941 1715 1034 1735 suum
1058 1708 1154 1745 caput

195 1734 408 1776 accersiverat
430 1745 494 1776 Dei
518 1745 777 1777 maledictionem
799 1747 951 1795 experiri,
974 1747 1057 1779 sicut
1081 1753 1156 1778 ante

195 1786 337 1819 vidimus
359 1791 391 1819 et
414 1787 564 1836 deinceps
586 1788 732 1828 pluribus
756 1788 857 1820 visuri
880 1800 1002 1821 sumus.

280 1829 348 1861 Iam
370 1840 448 1862 vero
471 1830 566 1871 agite,
589 1833 640 1862 etc.

457 2040 702 2083 HOMILIA
728 2044 876 2084 XCIX.

281 2127 310 2158 7.
344 2126 496 2167 Dixitque
530 2126 608 2159 Saul
646 2127 744 2159 servis
782 2129 868 2160 suis:
903 2129 1046 2168 Quaerite
1078 2130 1157 2162 mihi

195 2168 353 2200 mulierem
379 2169 533 2201 habentem
557 2169 731 2210 pythonem,
762 2173 789 2202 et
814 2171 927 2202 vadam
955 2172 996 2203 ad
1024 2182 1101 2212 eam,
1130 2175 1158 2204 et

195 2212 374 2243 seis-citabor
389 2222 450 2251 per
467 2212 564 2243 iilam.
590 2212 633 2243 Et
649 2213 794 2244 diaeerunt
816 2214 898 2244 servi
918 2215 985 2245 eius
1007 2215 1049 2245 ad
1071 2225 1155 2247 eum:

197 2253 257 2285 Est
285 2254 399 2286 mulier
418 2255 586 2295 pythonem
613 2255 727 2286 liabens
750 2256 783 2286 in
805 2254 922 2288 Endor.
965 2257 994 2288 8.
1018 2257 1156 2289 Mutavit

196 2305 269 2337 erqo
287 2296 424 2328 habitum
446 2308 546 2336 sumn,
575 2298 759 2337 vestitusque
787 2301 831 2329 est
859 2299 934 2330 aliis
962 2300 1155 2340 vestimentis,

197 2341 225 2370 et
246 2339 323 2370 abiit
344 2340 419 2379 ipse,
442 2342 469 2371 et
486 2340 548 2371 duo
566 2340 629 2371 viri
650 2350 719 2372 cwm
740 2350 782 2378 eo,
804 2344 1005 2382 venenmtque
1027 2343 1070 2374 ad
1090 2353 1155 2374 mu-

196 2381 302 2414 limm
323 2384 413 2420 nocte,
443 2384 470 2413 et
492 2383 537 2414 ait
566 2382 636 2414 ini:
662 2382 784 2414 Divina
806 2383 883 2414 mihi
911 2384 946 2415 in
961 2384 1106 2425 pythone,
1129 2388 1159 2417 et

197 2424 312 2455 weita
339 2407 420 2455 mih'i
446 2435 533 2464 quem
555 2425 665 2457 dixero
685 2425 749 2456 tibi.
794 2425 822 2456 9.
847 2425 890 2456 Et
911 2427 957 2458 ait
976 2428 1092 2459 mulier
1114 2428 1157 2460 ad

197 2475 284 2498 amn:
312 2466 390 2499 Ecce
417 2470 450 2498 tu
479 2468 559 2499 nosti
581 2469 696 2507 quanta
715 2468 820 2506 fecerit
844 2467 931 2506 Saul,
959 2472 986 2500 et
1009 2471 1157 2519 quomode

197 2510 326 2540 eraserit
351 2519 458 2550 magos
486 2513 514 2541 et
535 2509 671 2542 hariolos
692 2510 730 2541 de
751 2512 845 2550 terra,
868 2521 966 2550 quare
986 2522 1057 2553 erqo
1078 2513 1156 2544 imi-

196 2552 300 2583 dioeris
328 2553 452 2583 wnimae
481 2562 574 2592 meae,
603 2555 637 2584 ut
665 2552 806 2584 occidat?
852 2553 900 2584 10.
924 2553 968 2585 Et
988 2555 1107 2586 iuravit
1127 2555 1159 2586 ei

1180 448 1184 494 ‘i

2106 205 2167 237 63³3

1180 307 1264 343 que
1275 298 1440 329 eimulier:
1462 298 1555 337 Quam
1572 298 1722 329 suscitabo
1740 298 1820 329 tibi?
1847 298 1971 338 Quiait,
1992 298 2164 330 Sameaelem

1479 341 1526 371 12.
1554 341 1652 380 Quum
1680 343 1782 372 aulem
1814 341 1939 372 vidis-set
1968 341 2079 372 mulier
2102 340 2163 372 Sa-

1206 382 1348 421 azaelem,
1385 383 1566 415 exclamat-it
1600 394 1664 415 ioce
1693 394 1806 423 magma
1834 386 1859 414 et
1886 383 1967 415 dixit
1994 383 2035 415 acl
2067 382 2164 415 Saul.-

1211 424 1313 463 chare
1338 426 1510 466 imposuisti
1533 426 1636 457 mihi?
1658 429 1690 457 tic
1713 436 1744 457 es
1765 427 1845 457 enim
1871 426 1956 457 Saul.
1983 426 2030 457 13.
2055 426 2166 458 Dixit-

1180 464 1262 505 lque
1285 469 1312 499 ei
1335 479 1405 499 rese.-
1431 468 1503 500 Noli
1527 470 1648 500 timere:
1672 470 1746 508 quid
1768 469 1900 500 vidisti?
1925 468 1966 499 Et
1989 469 2033 499 ait
2050 469 2163 500 mulier

1207 510 1247 539 ad
1272 510 1357 549 Saul,
1379 512 1450 542 deos
1474 511 1535 541 cidi
1559 512 1768 543 adscendentes
1791 512 1827 543 (Ie
1848 514 1940 543 ewra.
1982 512 2031 542 14.
2054 511 2163 542 Dixit-

1206 562 1263 590 que
1285 554 1330 584 ei.-
1357 554 1466 592 Qualis
1488 556 1530 584 est
1551 555 1652 594 forma
1676 554 1766 585 etus?
1799 555 1882 593 (guae
1904 555 1964 584 m't:
2000 554 2054 585 Vir
2074 564 2165 585 seiaez

1206 595 1378 632 adscendit,
1408 599 1434 627 et
1465 597 1528 635 ipse
1559 597 1689 628 anticius
1720 600 1761 628 est
1786 597 1894 636 pallio.
1947 596 1990 627 Ec
2020 596 2168 628 intellexit

1210 637 1287 668 Saul
1309 639 1387 678 quod
1404 638 1530 670 Samuel
1552 641 1634 675 esset,
1658 642 1683 669 et
1709 639 1863 670 inclinavit
1885 650 1917 670 se
1938 649 2032 679 super
2051 640 2164 679 taciem

1205 690 1294 711 suam
1318 681 1348 711 in
1372 684 1453 713 terra
1477 684 1503 712 et
1525 682 1675 713 adoravit.

1289 765 1453 797 Hesterna
1476 767 1627 797 concione
1651 766 1764 798 docere
1787 767 1949 806 coepimus
1969 766 2101 798 Saulem
2124 766 2163 798 de

1206 807 1268 838 Dei
1291 809 1395 848 gratia
1417 808 1639 849 desperantem
1670 809 1708 839 ad
1740 810 1908 840 mulierem
1939 809 2162 850 pythonissam

1206 857 1237 880 et
1257 851 1433 882 veneficam
1454 863 1534 891 quae
1554 852 1661 882 futuri
1681 853 1727 891 ips
1716 851 1949 891 ipraediceret
1973 853 2163 893 coniugisse.

1207 892 1293 924 Sane
1329 893 1416 924 Deus
1456 894 1503 924 illi
1545 905 1577 925 se
1616 905 1690 925 eon.
1679 895 1794 925 ulenti
1833 906 1896 926 non
1939 895 2167 935 responderat:

1206 935 1339 967 minime
1369 943 1473 967 tamen
1505 943 1673 976 propterea
1704 937 1820 968 surdus
1861 945 1916 968 aut
1949 944 2075 969 mutus:
2109 937 2165 968 sed

1206 979 1367 1018 quoniam,
1398 984 1430 1009 ut
1455 987 1529 1010 ante
1553 979 1704 1015 diximus,
1736 980 1906 1021 indignum
1940 991 1973 1011 sc
1997 979 2078 1012 Saul
2101 980 2164 1011 Dei

1205 1022 1308 1061 gratia
1332 1021 1523 1062 reddiderat,
1556 1021 1645 1053 Deus
1677 1022 1762 1052 enim
1794 1029 1942 1053 naturam
1966 1033 2055 1053 suam
2081 1033 2164 1054 nun·

1206 1074 1301 1103 quam
1326 1070 1427 1094 mutat
1450 1071 1481 1095 et
1511 1065 1642 1095 firmum
1666 1064 1745 1095 illud
1769 1071 1815 1095 est
1839 1065 1922 1105 quod
1954 1064 2069 1096 deinde
2092 1076 2163 1105 pro·

1204 1106 1303 1146 pheta
1331 1107 1463 1144 cecinit,
1494 1107 1600 1138 Deum
1630 1117 1707 1137 vera
1738 1107 1798 1138 fide
1827 1115 1857 1138 et
1887 1108 2022 1139 veritate
2058 1108 2165 1148 ipsum

1205 1149 1430 1180 invocantibus
1459 1160 1584 1189 semper
1615 1150 1723 1180 adesse
1758 1157 1787 1181 ct
1824 1158 2005 1190 opportuno
2043 1151 2162 1182 auxilio

1201 1192 1324 1223 invare.
1359 1192 1467 1230 Quare
1491 1193 1588 1233 igitur
1601 1192 1689 1223 Sauli
1715 1203 1777 1223 non
1800 1191 2034 1232 respondebat?
2060 1193 2161 1233 Prop-

1207 1239 1257 1265 ter
1280 1234 1467 1274 iniquitates
1490 1234 1604 1275 quibus
1627 1235 1671 1266 sie
1697 1245 1714 1265 a
1736 1235 1806 1266 Deo
1831 1234 2038 1275 separabatur
2057 1241 2093 1266 ut
2115 1237 2163 1266 in-

1205 1276 1321 1318 dignus
1359 1284 1440 1308 esset
1477 1278 1531 1317 qui
1570 1278 1706 1318 gratiam
1745 1278 1829 1317 apud
1860 1279 1966 1308 Deum
1997 1279 2163 1318 reperiret.

1206 1321 1253 1350 Ac
1284 1329 1360 1350 sane
1388 1320 1512 1360 quoties
1539 1320 1655 1360 impuri
1687 1320 1833 1351 homines
1856 1321 1930 1351 ficto
1956 1326 1988 1351 et
2016 1321 2164 1353 simulato

1206 1362 1299 1394 corde
1323 1362 1362 1393 ad
1386 1363 1492 1393 Deum
1516 1363 1679 1399 accedunt,
1709 1362 1855 1402 precibus
1884 1363 1990 1402 ipsum
2014 1363 2164 1395 sollicita-

1206 1405 1278 1443 turi,
1308 1405 1443 1446 perinde
1466 1410 1514 1436 est
1537 1416 1572 1436 ac
1594 1405 1621 1436 si
1644 1406 1713 1445 quis
1737 1405 1874 1445 aliquem
1904 1405 2163 1446 compellaturus,

1207 1447 1247 1479 ad
1276 1458 1378 1478 unum
1408 1452 1504 1488 atque
1531 1447 1667 1478 alterum
1698 1448 1822 1479 miliare
1849 1447 2022 1486 recederet,
2050 1448 2166 1480 deinde

1207 1501 1247 1521 ex
1270 1501 1306 1521 eo
1335 1491 1402 1522 loco
1432 1491 1538 1531 ipsum
1568 1490 1794 1530 alloqueretur.
1841 1490 1934 1529 Quod
1965 1502 2041 1522 sane
2070 1492 2167 1523 valde

1206 1532 1378 1564 ridiculum
1400 1534 1467 1564 fore
1490 1538 1631 1573 apparet.
1676 1533 1799 1564 Eadem
1820 1539 1867 1564 est
1890 1533 2035 1564 omnium
2058 1534 2162 1566 incre—

1206 1575 1355 1607 dulorum
1378 1576 1459 1607 ratio
1482 1576 1535 1615 qui
1559 1576 1747 1607 necessitate
1770 1575 1907 1615 quadam
1931 1576 2062 1616 impulsi
2085 1576 2162 1608 deii·

1206 1619 1335 1649 ciuntur
1357 1628 1464 1649 coram
1476 1618 1546 1649 Deo
1570 1625 1601 1649 et
1623 1629 1747 1649 summa
1759 1618 1941 1649 humilitate
1953 1618 2017 1650 Dei
2038 1619 2164 1651 miseri-

1207 1660 1348 1692 cordiam
1378 1661 1554 1701 implorant
1583 1666 1615 1692 et
1645 1661 1799 1691 auxilium
1830 1661 1864 1691 in
1893 1661 1987 1692 rebus
2018 1663 2165 1702 angustis

1207 1703 1246 1734 ab
1268 1704 1337 1744 ipso
1360 1708 1526 1743 expetunt,
1551 1713 1650 1744 quum
1680 1708 1787 1734 tamen
1811 1703 1880 1735 Deo
1911 1710 2000 1743 terga
2035 1710 2166 1736 vertant

1208 1746 1330 1778 eteius
1359 1751 1567 1786 conspectum
1598 1752 1755 1785 quantum
1785 1747 1818 1776 in
1847 1746 1924 1786 ipsis
1953 1751 2001 1777 est
2028 1747 2164 1787 fugiant,

1208 1787 1481 1829 quemadmodum
1511 1789 1622 1820 fecisse
1651 1787 1782 1819 Saulem
1811 1795 1953 1829 apparet.
2003 1789 2164 1829 Equidem

1208 1832 1309 1862 fateor
1332 1831 1499 1862 hominum
1522 1830 1715 1862 iustissimos
1744 1841 1806 1862 nou
1838 1841 1873 1862 eo
1903 1831 2008 1863 studio
2037 1837 2069 1862 et
2097 1833 2167 1864 zelo

1209 1885 1272 1914 quo
1295 1884 1354 1914 par
1376 1880 1423 1905 est
1443 1873 1482 1904 ad
1498 1873 1605 1905 Deum
1630 1883 1807 1914 assurgere,
1832 1873 1893 1904 nisi
1916 1874 2017 1913 ipsius
2039 1875 2166 1906 miseri-

1209 1916 1317 1948 cordia
1352 1917 1615 1956 praeveniantur.
1660 1916 1783 1956 Ecquid
1813 1917 1899 1947 enim
1933 1915 2019 1947 aliud
2054 1927 2167 1949 sumus

1210 1959 1273 1991 nisi
1302 1959 1407 1990 lutum
1438 1959 1592 1990 foetidum
1631 1966 1661 1989 et
1690 1959 1837 1989 lumbrici
1867 1959 1957 1989 humi
1987 1965 2162 1999 reptantes,

1210 2002 1345 2042 denique
1369 2012 1458 2033 mera
1479 2001 1663 2041 corruptio?
1688 2001 1771 2032 Nam
1800 2007 1831 2032 et
1862 2001 1915 2041 qui
1937 2002 2162 2042 perfectissimi

1208 2045 1294 2076 inter
1315 2044 1462 2075 homines
1485 2044 1644 2081 videntur,
1675 2043 1784 2074 multis
1807 2043 1911 2075 adhuc
1937 2044 2022 2075 vitiis
2053 2051 2162 2076 tenen-

1209 2093 1271 2125 tur,
1296 2087 1372 2118 adeo
1403 2093 1438 2117 ut
1468 2087 1495 2118 si
1524 2087 1592 2117 iure
1623 2097 1748 2117 summo
1770 2085 1861 2117 Deus
1891 2093 1967 2127 agat
1996 2096 2069 2118 cum
2100 2088 2166 2120 illis

1207 2129 1322 2160 merito
1351 2129 1450 2178 possit
1476 2135 1638 2177 tanquam
1668 2129 1816 2168 indignos
1837 2129 1980 2160 reiicere.
2025 2130 2162 2162 Verum-

1207 2178 1316 2203 tamen
1339 2173 1365 2203 si
1394 2183 1452 2203 nos
1474 2171 1535 2212 ipsi
1566 2171 1770 2212 explorantes
1800 2180 1829 2202 et
1858 2172 1927 2202 sine
1956 2171 2028 2203 fuco
2054 2172 2163 2205 Deum

1207 2214 1379 2246 offendisse
1403 2215 1590 2246 confitentes
1610 2214 1729 2245 malum
1743 2213 1906 2244 oderimus
1918 2214 2027 2254 quod
2018 2225 2053 2245 in
2072 2215 2164 2248 nobis

1207 2261 1264 2294 est,
1297 2262 1329 2287 et
1359 2256 1398 2287 ad
1428 2256 1527 2297 ipsius
1558 2256 1808 2287 misericordiam
1839 2256 1907 2287 sine
1918 2226 2102 2297 qhypocrisi
2132 2264 2164 2289 et

1207 2299 1411 2331 simulatione
1440 2299 1694 2347 confugerimus,
1729 2304 1852 2330 certum
1889 2306 1938 2330 est
1967 2310 2027 2330 nos
2055 2299 2162 2332 Deum

1207 2352 1332 2382 semper
1355 2341 1447 2372 nobis
1471 2341 1645 2381 propitium
1668 2346 1700 2372 et
1723 2341 1755 2371 in
1779 2351 1889 2389 preces
1907 2347 2035 2373 nostras
2058 2343 2165 2374 inten-

1206 2389 1274 2415 tum
1298 2390 1493 2424 reperturos,
1525 2389 1555 2414 et
1586 2388 1732 2423 apertum
1763 2384 1885 2424 gratiae
1914 2384 2014 2424 ipsius
2044 2385 2164 2417 ostium

1205 2427 1352 2458 futurum
1376 2427 1477 2467 nobis,
1501 2431 1531 2457 et
1555 2426 1703 2457 omnibus
1726 2425 1812 2457 curis
1828 2426 1948 2458 nostris
1969 2437 2006 2458 ac
2024 2426 2163 2459 difficul-

1207 2469 1327 2500 tatibus
1349 2467 1594 2500 subventurum.

1291 2511 1404 2551 Longe
1428 2521 1505 2542 vero
1527 2510 1620 2542 aliter
1641 2510 1775 2542 affectus
1798 2511 1857 2542 fuit
1879 2510 1969 2550 Saul,
2001 2512 2056 2553 qui
2083 2523 2165 2544 sem-

1207 2565 1264 2594 per
1286 2554 1320 2584 in
1341 2553 1465 2584 malitia
1487 2563 1547 2585 sua
1569 2553 1788 2593 perseveravit
1818 2561 1849 2585 et
1877 2553 2034 2586 occalluit.
2077 2555 2163 2587 Nam

198 2593 278 2626 Saul
305 2595 341 2626 in
367 2594 521 2635 Domino,
548 2577 668 2626 dicem:
701 2594 785 2626 Vivit
813 2594 974 2627 Dominus
995 2598 1072 2637 quia
1096 2608 1158 2629 non
1207 2597 1235 2628 si
1257 2596 1313 2627 ille
1335 2595 1458 2627 sincero
1481 2596 1588 2626 animo
1611 2595 1746 2627 erimina
1768 2605 1850 2635 quae
1873 2596 2031 2628 Davidem
2056 2608 2165 2637 perse-

197 2637 309 2670 eveniet
318 2637 554 2678 tibiqwidquam
564 2638 640 2669 mali
652 2640 778 2678 propter
795 2637 873 2670 lianc
889 2648 964 2670 rem.
988 2640 1036 2671 11.
1050 2639 1159 2671 Dixit·
1208 2639 1336 2679 quondo
1366 2637 1538 2670 admiserat
1569 2638 1670 2670 fassus
1702 2638 1828 2679 fuisset,
1868 2645 1899 2670 et
1930 2641 2164 2680 poenitentiam
