2551 3044
423 233 484 266 603

1244 229 1447 262 HOMILIA
1471 229 1577 261 XCV.

424 333 650 370 persequutus,
669 336 705 357 co
726 325 877 356 docemur
896 335 960 355 non
980 325 1136 362 sufficere,
1156 330 1192 355 ut
1211 329 1286 356 ante
1305 324 1388 355 dixi·
1416 328 1417 332 ’

425 383 506 406 mus,
533 381 559 401 si
579 379 634 400 ore
651 368 778 408 culpam
798 368 1021 404 confiteamur,
1042 372 1073 398 et
1094 378 1152 398 nos
1177 367 1390 399 conscientiae

425 423 551 446 morsus
580 412 775 452 redarguat,
817 409 872 442 sed
916 409 1037 450 aliquid
1077 409 1215 450 amplius
1260 410 1389 450 requiri.

425 457 546 488 Fateor
576 454 704 495 quidem
729 454 856 484 initium
881 452 919 484 ad
945 453 1175 493 poenitentiam
1199 463 1268 484 esse
1291 453 1388 484 tristi-

422 500 500 531 tiam
535 505 565 529 et
602 497 752 534 dolorem¹
788 497 857 527 sine
891 506 963 536 quo,
998 496 1087 527 nulla
1117 506 1259 536 unquam
1284 501 1390 537 potest

423 553 492 574 esse
527 542 560 572 in
591 539 683 571 nobis
715 539 754 570 ad
786 539 892 569 Deum
923 539 1100 576 conversio,
1134 539 1188 570 sed
1221 539 1326 579 potius
1358 539 1390 568 in

423 585 518 617 malis
548 583 728 614 obduratio.
775 581 888 622 Itaque
919 582 1049 612 initium
1073 591 1136 622 qno
1159 582 1198 613 ad
1223 581 1391 612 meliorem

424 629 547 667 frugem
573 632 787 663 revertamur,
819 630 848 654 et
872 624 905 655 in
930 625 1016 656 viam
1040 636 1058 656 a
1081 635 1145 664 qua
1168 625 1391 656 aberravimus

424 670 628 704 reducamur,
659 669 690 699 in
721 668 781 698 lioc
812 675 862 698 est
893 667 1046 708 positum,
1072 676 1107 698 ut
1130 668 1229 699 animi
1253 666 1390 707 quadam

423 712 629 754 aegritudine
648 711 828 742 afficiamur
847 715 978 751 propter
1001 715 1167 750 peceatum
1192 710 1276 751 quod
1301 709 1391 740 nobis

425 756 584 796 displicet,
615 753 670 785 scd
702 753 838 784 ulterius
865 752 1155 794 progrediendum:
1188 764 1229 784 ne
1260 753 1389 783 Saulem

425 800 591 831 imitemur
621 797 674 837 qui
706 797 766 827 etsi
797 806 893 827 sensu
925 797 1047 837 peccati
1078 797 1126 827 sui
1159 797 1303 834 affectus,
1342 805 1390 825 rc-

424 842 545 883 probus
587 846 693 871 tamen
737 849 844 870 corani
880 839 949 870 Deo
984 839 1196 870 nihilominus
1232 839 1312 874 fuit,
1355 848 1391 868 eo

423 886 524 926 igitur
544 882 814 924 progrediendum
832 889 890 922 est,
914 887 951 913 ut
969 881 1008 912 ad
1032 883 1130 913 animi
1156 880 1390 922 aegritudinem

423 929 510 960 illam
548 927 645 958 etiam
681 924 810 957 accedat
845 925 988 956 studium
1024 935 1080 956 nos
1111 924 1150 956 ad
1182 925 1298 956 bonam
1330 923 1390 954 Dei

424 971 626 1002 voluntatem
651 967 884 1008 conformandi,
908 973 940 999 et
962 968 1008 998 ita
1030 967 1152 998 malum
1177 966 1248 998 odio
1274 967 1389 997 haben-

425 1013 519 1050 dum,
550 1017 586 1043 ut
617 1012 736 1043 bonum
768 1021 972 1051 quaeramus.
1026 1011 1174 1050 Denique
1204 1010 1231 1041 si
1261 1015 1393 1050 peccata

425 1057 573 1091 fatemur,
597 1062 630 1086 et
652 1055 684 1085 in
709 1053 821 1085 eadem
845 1064 956 1085 sumus
980 1053 1147 1093 proclives,
1172 1053 1311 1084 sciamus
1335 1062 1393 1083 nos

425 1111 462 1132 eo
486 1099 590 1140 magis
613 1107 719 1129 coram
746 1096 815 1128 Deo
839 1096 928 1128 reddi
953 1096 1197 1132 inexcusabiles,
1229 1096 1281 1135 qui
1306 1095 1392 1126 enim

425 1153 460 1174 se
491 1143 596 1182 ipsum
627 1139 863 1176 condemnavit,
895 1140 922 1170 si
953 1139 1103 1180 deinceps
1134 1140 1165 1169 in
1197 1138 1290 1169 malis
1323 1148 1392 1178 per-

425 1186 556 1221 rexerit,
588 1183 769 1224 graviorem
801 1183 835 1213 in
866 1193 900 1214 se
929 1192 1062 1222 poenam
1097 1181 1212 1212 trahit:
1244 1180 1329 1221 quod
1359 1191 1393 1211 re

428 1229 498 1269 ipsa
541 1232 679 1258 testetur
720 1236 754 1257 se
789 1225 919 1256 divinae
954 1225 1106 1256 bonitatis
1140 1230 1392 1264 contemptorem

428 1282 511 1310 esse,
540 1276 572 1301 et
601 1279 660 1300 sua
683 1267 858 1299 rebellione
882 1269 1015 1308 gravius
1039 1269 1070 1297 in
1096 1278 1128 1298 se
1153 1267 1214 1298 Dei
1240 1267 1393 1298 indicium

427 1323 599 1346 accersere.
645 1311 700 1343 Sic
728 1312 836 1351 itaque
859 1311 986 1351 culpam
1011 1311 1155 1341 confiteri
1179 1310 1339 1341 discamus
1363 1316 1394 1341 et

428 1356 631 1397 aegritudine
666 1354 766 1391 affici,
801 1360 836 1384 ut
870 1353 909 1385 ad
944 1353 1050 1384 Deum
1085 1359 1329 1390 convertamur,
1363 1358 1394 1383 et

428 1399 520 1431 nobis
554 1398 632 1439 ipsis
663 1397 888 1428 renuntiemus
920 1397 979 1427 Dei
1015 1396 1116 1427 cultui
1145 1406 1203 1427 nos
1234 1401 1317 1427 totos
1347 1395 1393 1426 di·

429 1448 550 1474 cantes.
603 1441 703 1472 Porro
737 1439 869 1471 Saulem
905 1439 1046 1470 noluisse
1078 1438 1237 1470 Davidem
1273 1438 1394 1474 fallere,

431 1495 535 1526 neque
565 1483 626 1524 ipsi
651 1483 781 1513 mentiri
803 1493 843 1513 ex
868 1483 972 1513 verbis
996 1482 1096 1522 ipsius
1120 1488 1263 1522 apparet,
1293 1491 1394 1521 quum

431 1529 494 1559 ait:
528 1526 599 1558 Non
628 1525 823 1565 malefaciant
852 1525 909 1556 tibi
938 1525 1088 1564 amplius,
1125 1531 1155 1555 et
1184 1524 1395 1555 nihilominus

432 1576 537 1602 tamen
570 1570 596 1600 si
628 1568 734 1600 David
765 1568 797 1598 in
829 1568 930 1607 ipsius
960 1578 1074 1599 manus
1105 1567 1270 1599 incidisset
1292 1568 1394 1598 vitam

433 1614 616 1645 ablaturum
651 1611 769 1648 fuisse,
806 1621 870 1641 non
905 1615 954 1642 est
988 1610 1140 1647 dubium,
1175 1610 1260 1650 quod
1294 1621 1395 1641 novas

432 1656 526 1687 illum
564 1655 732 1685 videamus
777 1654 960 1684 occasiones
1004 1653 1154 1694 deinceps
1198 1654 1396 1693 quaesivisse

429 1698 592 1730 Davidem
615 1695 828 1737 opprimendi,
859 1702 891 1727 et
913 1707 954 1727 ex
977 1696 1184 1736 sequentibus
1206 1696 1297 1727 facile
1320 1707 1394 1728 con—

432 1743 576 1773 iiciamus
599 1739 754 1780 quamdiu
779 1739 811 1770 in
835 1738 957 1770 Iudaea
981 1738 1087 1770 David
1113 1738 1276 1777 habitavit,
1308 1745 1339 1770 et
1362 1739 1395 1770 in

431 1784 579 1816 cavernis
604 1789 635 1814 et
659 1781 818 1823 specubus
842 1781 993 1818 latitavit,
1018 1792 1151 1813 exosum
1177 1782 1272 1813 fuisse
1286 1781 1394 1813 Sauli:

431 1834 463 1858 et
494 1837 595 1858 novas
619 1825 664 1856 illi
689 1835 817 1865 semper
839 1825 974 1856 insidias
996 1824 1094 1856 fuisse
1118 1830 1264 1856 structas.
1311 1825 1397 1864 Quo-

432 1870 527 1902 modo
556 1869 658 1910 igitur
688 1869 757 1899 sine
785 1867 990 1899 simulatione
1019 1868 1187 1907 pollicetur
1215 1867 1330 1898 Davidi
1363 1878 1396 1899 se

432 1924 495 1944 non
516 1911 656 1952 amplius
679 1910 741 1950 ipsi
766 1910 1033 1941 malefacturum?
1069 1911 1218 1942 Profecto
1235 1911 1278 1940 ita
1294 1911 1397 1941 solent

431 1957 486 1997 qui
518 1955 584 1986 veri
610 1953 734 1985 timoris
758 1952 820 1984 Dci
844 1964 906 1984 non
931 1953 1052 1984 habent
1074 1953 1198 1984 radices
1222 1954 1253 1983 in
1279 1964 1311 1984 se
1335 1953 1398 1984 alte

431 2004 634 2039 propagatas,
656 2007 792 2036 quorum
812 1995 977 2028 mutabilis
996 2002 1043 2027 est
1062 2006 1190 2036 semper
1209 1995 1295 2026 fides.
1320 2007 1398 2036 quos

434 2043 494 2073 etsi
525 2040 697 2080 aliquando
729 2038 876 2070 videmus
901 2038 983 2070 bono
1013 2039 1129 2070 affectu
1161 2038 1243 2074 duci,
1275 2044 1397 2069 eertum

436 2091 483 2115 est
514 2090 622 2114 tamen
653 2093 670 2113 a
694 2081 818 2114 Satana
848 2083 893 2113 sic
922 2081 1078 2122 possideri
1109 2088 1139 2112 et
1171 2083 1334 2119 coarctari,
1367 2089 1399 2112 ut

435 2127 474 2158 ad
493 2127 631 2167 priorem
652 2131 770 2156 statum
791 2130 823 2155 et
847 2125 1000 2155 malitiam
1025 2124 1160 2155 subinde
1183 2131 1398 2161 revertantur,

435 2169 554 2200 imitati
573 2179 667 2199 canes
687 2167 814 2198 rabidos
837 2168 892 2208 qui
915 2168 941 2198 si
965 2168 1105 2199 iacentes
1129 2177 1192 2198 non
1217 2167 1400 2198 excitentur

437 2213 621 2252 quiescunt:
654 2211 708 2243 sed
739 2211 928 2242 accedentes
957 2210 1106 2241 dentibus
1136 2209 1289 2242 lacerant.
1345 2210 1400 2241 Sic

437 2256 578 2286 hominis
608 2265 699 2285 mens
730 2254 762 2284 in
794 2263 857 2293 qua
880 2253 942 2284 Dei
972 2253 1069 2284 timor
1093 2262 1154 2283 non
1179 2253 1244 2292 egit
1267 2251 1398 2289 radices,

437 2303 608 2339 postquam
647 2297 787 2327 malitiae
824 2307 947 2327 veneno
978 2295 1096 2327 infecta
1125 2301 1173 2327 est
1201 2294 1240 2326 ad
1272 2303 1399 2335 tempus

439 2341 537 2372 veluti
569 2340 687 2380 sopitas
717 2339 901 2370 affectiones
932 2338 1036 2370 habet.
1078 2337 1143 2370 Sed
1161 2348 1241 2378 quae
1265 2339 1399 2368 minima
1425 2359 1426 2362 η

438 2394 564 2423 quaque
595 2383 760 2413 occasione
783 2382 890 2412 oblata
911 2382 1095 2413 excitantur
1118 2387 1149 2412 et
1171 2381 1398 2412 effervescunt.

440 2425 656 2465 Quamobrem
677 2426 884 2456 observemus
910 2435 966 2456 nos
990 2430 1026 2456 ut
1050 2425 1133 2455 inter
1162 2424 1310 2455 homines
1333 2424 1398 2454 sin-

439 2480 510 2501 cere
540 2475 572 2499 et
594 2467 732 2499 fideliter
755 2478 994 2505 conversemur,
1018 2473 1049 2498 et
1071 2467 1169 2498 fidem
1193 2469 1399 2502 retineamus,

438 2518 585 2552 oportere
605 2520 720 2542 vacuos
744 2520 813 2541 esse
836 2511 922 2541 omni
946 2511 1151 2541 simulatione
1174 2515 1206 2540 et
1229 2509 1399 2549 hypocrisi,

441 2561 471 2585 et
496 2554 602 2585 Deum
627 2554 659 2584 in
693 2553 784 2584 nobis
807 2559 1030 2593 operaturum,
1070 2564 1110 2584 ne
1133 2552 1208 2593 quid
1242 2553 1331 2583 nobis
1362 2550 1400 2582 de

440 2598 531 2628 nobis
562 2597 639 2637 ipsis
668 2596 884 2636 polliceamur,
914 2595 969 2627 sed
999 2595 1038 2626 ad
1064 2596 1169 2627 Deum
1198 2606 1307 2627 rerum
1333 2604 1399 2624 om-

440 2641 528 2671 nium
571 2644 738 2680 parentem
778 2648 1004 2679 assurgamus,
1046 2639 1099 2678 qui
1143 2639 1277 2678 ipsemet
1310 2636 1401 2668 nobis

442 2683 629 2714 facultatem
649 2693 686 2714 ea
705 2682 1013 2722 quaepromisimus
1032 2681 1187 2722 implendi
1210 2680 1400 2722 suppeditet.

2345 231 2408 264 604

1528 323 1573 355 Et
1603 323 1642 355 de
1665 323 1776 355 Saulis
1806 323 1887 355 falsa
1917 323 2132 364 promissione
2162 323 2328 364 hactenus,
2359 327 2413 359 cui

1444 373 1552 397 tamen
1575 366 1738 398 Davidem
1769 377 1832 398 non
1864 366 2035 397 admodum
2069 366 2177 398 fidisse
2208 373 2341 408 apparet
2370 380 2411 401 ex

1416 437 1417 444 ,
1443 410 1546 449 ipsius
1576 419 1742 450 responso,
1773 416 1805 440 et
1836 409 1873 440 iis
1905 419 1987 449 quae
2018 409 2169 450 deinceps
2199 416 2275 442 sunt
2298 420 2410 443 conse—

1443 458 1553 492 quuta,
1583 453 1627 483 ait
1658 453 1761 483 enim:
1793 451 1905 484 Ielzova
1936 452 2039 483 reddet
2069 453 2236 493 unicuique
2257 453 2410 486 iustitiam

1443 505 1535 526 suam
1568 497 1595 526 et
1620 495 1712 535 fidem
1743 505 1844 527 suam.
1897 494 2032 534 Ideoque
2062 505 2125 526 ecce
2153 496 2412 536 quemadmodum

1444 538 1507 568 vita
1535 540 1587 568 tua
1617 538 1724 578 maqni
1753 538 1815 578 fuit
1844 538 1876 568 in
1907 536 2003 568 oculis
2033 538 2118 576 meis,
2149 539 2194 569 ita
2223 540 2331 580 mayni
2353 540 2413 572 erit

1444 581 1507 611 vita
1524 591 1593 612 mea
1612 581 1643 612 in
1663 581 1760 613 oculis
1774 580 1913 612 Iehovae.
1936 579 1973 611 Si
1987 580 2094 611 David
2114 582 2411 614 remunerationem

1444 624 1605 663 exegisset
1634 634 1653 654 a
1681 623 1789 661 Saule,
1820 623 2014 663 postulasset
2044 623 2105 654 sibi
2136 635 2245 664 parem
2270 625 2410 665 gratiam

1444 666 1567 705 referri,
1591 676 1686 707 seque
1707 667 1863 707 pristinae
1883 666 2034 707 dignitati
2054 666 2153 705 reddi,
2177 667 2231 698 sed
2256 669 2411 708 quoniam

1444 708 1536 740 Sauli
1572 719 1638 740 non
1672 709 1800 748 fidebat,
1834 715 1865 740 et
1899 709 2151 749 incorrigibilem
2185 710 2344 742 malitiam
2377 711 2411 742 in

1444 752 1512 791 ipso
1541 751 1831 790 animadvertebat,
1857 751 1975 783 idcirco
2005 751 2045 783 ad
2075 752 2180 792 ipsum
2205 752 2312 785 Deum
2336 764 2412 785 con-

1444 795 1537 835 fugit.
1586 794 1700 835 Neque
1728 795 1814 826 enim
1845 805 1879 826 se
1910 795 1941 825 in
1972 794 2151 835 periculum
2181 797 2296 828 mortis
2326 797 2412 828 ultro

1444 838 1518 868 vult
1546 837 1704 869 coniicere
1734 838 1861 879 placato
1885 837 1994 876 Saule,
2025 837 2080 869 sed
2104 838 2283 878 periculum
2307 839 2412 870 anim-

1445 880 1618 911 advertens
1649 880 1681 911 id
1716 881 1828 922 effugit
1864 891 1902 911 ne
1936 880 2044 911 Deum
2077 886 2203 912 tentare
2238 881 2413 914 videretur.

1445 923 1546 963 Atqui
1577 922 1710 955 difficile
1741 929 1790 955 est
1819 923 1950 955 modum
1982 923 2016 954 in
2046 923 2118 955 istis
2140 933 2282 956 servare.
2326 924 2413 956 Nam

1446 966 1614 997 hominum
1647 967 1838 1007 plerumque
1869 966 2034 1006 passiones
2069 972 2136 997 tam
2165 972 2242 998 sunt
2270 967 2414 999 fervidae

1446 1014 1478 1040 et
1507 1014 1703 1047 aestuant-es,
1733 1015 1769 1040 ut
1800 1011 1880 1040 iram
1910 1019 2057 1041 coercere
2087 1019 2151 1040 non
2181 1011 2316 1050 possint.
2369 1010 2415 1042 Et

1447 1051 1562 1083 deinde
1605 1053 1633 1083 si
1672 1052 1755 1083 forte
1789 1051 1954 1083 blanditiis
1989 1052 2176 1084 alliciantur
2209 1053 2302 1084 facile
2335 1053 2415 1094 ipsis

1447 1096 1642 1135 imponatur.
1679 1094 1743 1126 Sed
1759 1095 1846 1126 Deus
1865 1105 1939 1127 suos
1958 1094 1998 1126 ab
2017 1095 2158 1126 hostium
2183 1095 2264 1127 dolis
2288 1106 2417 1136 semper

1447 1143 1584 1175 tutatur,
1608 1138 1700 1170 cuius
1724 1138 1769 1169 rei
1794 1138 1979 1178 exemplum
2003 1138 2036 1168 in
2050 1137 2179 1170 Davide
2203 1137 2417 1179 spectandum

1447 1180 1499 1212 hic
1519 1181 1610 1212 nobis
1633 1181 1834 1222 proponitur,
1858 1181 1913 1220 qui
1938 1190 2041 1220 neque
2064 1180 2190 1212 hostem
2214 1181 2282 1221 ipse
2305 1180 2417 1213 ulcisci

1448 1224 1553 1255 voluit
1583 1234 1687 1264 neque
1710 1230 1821 1254 tamen
1845 1233 1915 1254 sese
1939 1223 1985 1254 illi
2008 1224 2220 1255 committere.
2267 1224 2334 1256 Nos
2357 1225 2417 1255 ita-

1448 1277 1510 1307 que
1540 1267 1681 1298 hostinm
1714 1271 1900 1297 nostrorum
1930 1266 2196 1307 ingratitudinem
2219 1268 2355 1307 experti,
2385 1270 2418 1298 et

1449 1310 1483 1340 in
1507 1310 1632 1341 malitia
1654 1308 1909 1346 obdurationem,
1934 1309 1979 1340 sic
2002 1308 2132 1341 fraudes
2156 1310 2299 1351 ipsorum
2324 1320 2417 1350 prae-

1448 1363 1629 1389 caveamus,
1650 1359 1685 1383 ut
1707 1352 1788 1384 bene
1808 1352 1886 1392 ipsis
1906 1352 2009 1383 facere
2030 1358 2062 1383 et
2081 1352 2163 1383 velle
2180 1354 2284 1392 parati
2305 1353 2416 1392 simus,

1448 1402 1479 1427 et
1516 1396 1667 1426 omnibus
1697 1395 1912 1426 humanitatis
1943 1395 2057 1426 officiis
2088 1395 2230 1435 ipsorum
2262 1395 2419 1436 improbi-

1449 1443 1548 1470 tatem
1583 1439 1731 1475 vincere,
1765 1437 2038 1478 quemadmodum
2072 1437 2233 1469 Davidem
2269 1439 2417 1470 videmus

1449 1482 1561 1513 fecisse
1581 1492 1658 1521 erga
1670 1480 1807 1512 Saulem
1827 1480 1934 1512 verbis
1954 1480 2181 1520 sequentibus:
2205 1480 2284 1512 Eece
2296 1481 2417 1513 hastam

1448 1525 1540 1565 reyis,
1570 1526 1707 1555 transeat
1735 1524 1799 1555 iam
1826 1533 1909 1554 unus
1930 1534 1967 1554 ex
1989 1524 2059 1555 istis
2075 1524 2188 1563 pueris
2210 1524 2265 1564 qui
2286 1524 2419 1565 accipiat

1449 1578 1524 1599 eam.
1569 1568 1709 1598 Tantum
1739 1566 1829 1598 abest
1858 1571 1893 1597 ut
1923 1565 2033 1597 David
2067 1565 2242 1598 vindictam
2275 1566 2418 1607 aliquam

1449 1621 1468 1642 a
1493 1610 1591 1643 Saule
1621 1615 1763 1650 expetat,
1794 1620 1887 1650 quem
1920 1619 2030 1650 regem
2061 1620 2155 1640 suum
2187 1610 2351 1650 agnoscit,
2381 1612 2419 1640 ut

1451 1658 1563 1685 contra
1583 1654 1643 1693 ipsi
1664 1653 1790 1684 hastam
1811 1652 1849 1683 de
1873 1662 1935 1692 qua
1957 1658 2083 1693 poterat
2105 1652 2308 1693 triumphare
2331 1652 2418 1684 ultro

1449 1697 1509 1736 ipsi
1541 1696 1653 1727 reddat
1683 1706 1749 1727 una
1779 1706 1851 1727 cum
1883 1695 2015 1735 scypho,
2045 1696 2076 1726 in
2107 1705 2170 1735 quo
2193 1694 2274 1727 Saul
2301 1705 2418 1735 aquam

1449 1738 1489 1770 ad
1514 1739 1687 1770 bibendum
1720 1738 1867 1770 habebat.
1910 1737 1975 1769 Sed
2004 1738 2136 1768 interim
2160 1743 2271 1769 tamen
2294 1738 2355 1769 sibi
2378 1737 2419 1770 ab

1449 1782 1504 1813 illo
1539 1783 1657 1813 metuit
1691 1787 1723 1812 et
1753 1787 1846 1813 cavet
1875 1782 1965 1812 cuius
1996 1781 2136 1812 habebat
2166 1786 2307 1812 mentem
2338 1781 2419 1813 satis

1449 1825 1624 1866 cognitam,
1657 1829 1690 1855 et
1723 1834 1857 1864 pravam
1891 1834 1967 1862 erga
2001 1834 2035 1855 se
2070 1823 2280 1855 voluntatem.
2333 1823 2418 1855 Nam

1450 1868 1572 1908 alioqui
1606 1867 1703 1899 fidem
1738 1867 1839 1907 ipsius
1874 1866 1981 1898 verbis
2015 1866 2188 1904 habuisset,
2223 1873 2255 1897 et
2287 1877 2322 1898 se
2355 1866 2419 1907 ipsi

1449 1910 1672 1948 commisisset,
1703 1911 1820 1941 caritas
1850 1910 1935 1940 enim
1966 1914 2000 1940 ut
2031 1914 2142 1941 monet
2164 1909 2330 1950 apostolus
2352 1919 2419 1941 non

1450 1960 1498 1985 est
1538 1953 1725 1994 suspiciosa.
1789 1952 1854 1984 Sed
1896 1962 1997 1993 quum
2038 1957 2133 1983 notae
2167 1956 2244 1983 sunt
2277 1952 2420 1983 hostium

1450 1997 1588 2035 fraudes,
1618 2001 1650 2027 et
1681 1995 1785 2026 multa
1816 1995 2018 2026 infidelitatis
2042 1997 2185 2035 ipsorum
2209 2000 2241 2026 et
2264 1994 2420 2036 perfidiae

1450 2045 1526 2070 sunt
1557 2038 1714 2079 exempla,
1746 2049 1812 2070 non
1843 2043 1891 2070 est
1918 2038 1995 2078 ipsis
2026 2038 2165 2078 amplius
2187 2037 2363 2078 fidendum,
2386 2040 2420 2069 et

1452 2093 1550 2122 quum
1582 2092 1619 2113 ea
1650 2087 1699 2112 cst
1729 2082 1872 2121 ipsorum
1897 2091 1998 2120 mens⁷
2022 2087 2057 2111 nt
2081 2091 2208 2121 semper
2231 2080 2271 2112 ad
2294 2080 2419 2112 malum

1452 2126 1584 2162 feratur,
1609 2135 1672 2155 non
1695 2131 1742 2155 est
1765 2124 1906 2164 suspicio
1930 2123 2065 2154 dicenda
2089 2124 2115 2154 si
2139 2123 2230 2154 nobis
2253 2133 2418 2154 cavemus.

1452 2168 1536 2198 Nam
1574 2178 1671 2208 quum
1703 2167 1827 2198 Paulus
1861 2166 1939 2198 dicit
1969 2166 2136 2197 caritatem
2167 2176 2231 2197 non
2260 2165 2418 2206 suspicari

1453 2211 1584 2249 malum,
1615 2210 1653 2241 de
1678 2210 1840 2250 incognito
1864 2217 1896 2240 et
1919 2209 2043 2240 occulto
2066 2209 2151 2240 malo
2175 2208 2336 2248 loquitur:
2361 2207 2419 2240 sed

1451 2254 1503 2284 ubi
1524 2253 1649 2284 detecta
1667 2260 1715 2284 est
1738 2253 1901 2293 iniquitas,
1926 2256 2012 2283 esset
2036 2251 2246 2283 temerarium
2270 2250 2336 2283 illis
2358 2261 2418 2283 nos

1451 2296 1668 2333 committere,
1701 2305 1780 2335 quos
1809 2300 1974 2335 suspectos
2004 2294 2123 2325 habere
2151 2294 2314 2325 debemus.
2364 2293 2419 2324 In-

1452 2339 1547 2369 terim
1572 2345 1679 2370 tamen
1703 2339 1748 2369 ita
1771 2348 1886 2369 cavere
1911 2337 2004 2369 nobis
2028 2336 2199 2375 discamus,
2230 2347 2271 2368 ne
2293 2335 2418 2368 malum

1452 2382 1595 2412 animum
1625 2381 1780 2412 adversus
1811 2380 1919 2412 hostes
1949 2380 2124 2417 foveamus,
2155 2379 2211 2411 sed
2234 2379 2314 2420 ipsis
2337 2379 2418 2411 bene

1453 2435 1578 2463 semper
1602 2424 1747 2462 velimus,
1771 2423 1898 2454 etiamsi
1922 2422 2133 2463 ingratissimi
2156 2423 2231 2454 sint.
2276 2421 2418 2454 Difficile

1454 2466 1533 2497 illud
1565 2468 1674 2503 fateor,
1705 2466 1760 2498 sed
1792 2466 1885 2497 facile
1909 2465 1977 2497 fore
2001 2465 2149 2505 exemplo
2173 2464 2310 2496 Davidis
2334 2464 2418 2496 dixi-

1454 2520 1534 2547 mus,
1559 2509 1652 2540 modo
1677 2520 1733 2540 nos
1756 2509 1847 2540 Deus
1871 2519 1928 2539 suo
1951 2508 2068 2549 spiritu
2092 2507 2225 2539 rexerit.
2266 2506 2418 2548 Denique

1455 2552 1506 2581 ubi
1538 2559 1631 2583 notae
1662 2556 1735 2583 sunt
1764 2551 1894 2582 fraudes
1917 2551 2059 2582 hostium
2082 2557 2114 2582 et
2137 2551 2279 2591 ipsorum
2302 2549 2418 2581 infide-

1454 2593 1538 2632 litas,
1563 2601 1598 2625 ut
1618 2595 1707 2626 nulla
1726 2595 1766 2625 sit
1791 2593 1878 2632 fides,
1901 2593 1991 2625 nulla
2015 2593 2244 2634 promissorum
2265 2597 2417 2624 constan-

1455 2636 1518 2673 tia,
1553 2648 1592 2667 ne
1623 2638 1656 2668 in
1687 2637 1818 2677 laqueos
1847 2637 1990 2677 ipsorum
2021 2646 2079 2668 nos
2109 2636 2332 2673 coniiciamus,
2361 2633 2417 2666 sed

1454 2679 1659 2719 prudentiam
1691 2679 1906 2711 adhibendam
1938 2680 2077 2711 sciamus
2107 2689 2204 2719 quam
2234 2678 2304 2718 ipse
2326 2676 2416 2709 Deus
