2551 3044
133 199 193 230 353

133 292 254 324 coelum
279 295 474 323 renovatum.
505 288 627 320 Idcirco
649 287 758 327 itaque
782 286 871 317 Deus
894 286 964 326 lege
987 286 1089 317 veteri

134 345 191 376 per
220 335 327 366 Mosen
357 335 430 364 data
458 332 594 363 iusserat
623 329 789 360 novilunia
819 329 888 359 Deo
917 328 1027 366 dicari,
1058 333 1090 358 et

138 377 204 409 dies
227 377 299 408 illos
322 376 418 407 festos
440 385 517 413 esse,
542 379 577 404 ut
599 372 736 412 populus
760 371 821 402 Dei
845 371 970 402 nomini
994 371 1088 402 bene-

136 419 268 451 dicendo
286 425 316 450 et
334 417 446 459 gratiis
464 417 563 456 ipsius
581 421 613 446 et
632 414 722 445 donis
742 413 933 444 meditandis
953 417 1089 445 vacaret.

136 462 242 493 Hodie
263 471 338 493 vero
362 470 424 490 non
448 463 522 490 sunt
544 457 783 488 noviluniorum
808 455 875 487 dies
898 457 986 487 festi:
1012 466 1088 495 pue—

136 506 210 536 riles
232 505 316 535 enim
339 502 410 533 illos
433 501 513 532 ritus
536 510 601 530 non
623 499 789 537 habemus,
812 504 844 530 et
866 500 990 539 figurae
1013 498 1089 529 illae

136 552 168 579 et
190 547 320 579 umbrae
342 543 460 584 legales
483 542 663 573 desierunt:
687 552 750 573 non
775 541 905 582 quidem
928 541 1010 581 quod
1035 551 1088 572 ve-

137 589 255 621 teribus
274 587 336 618 illis
360 586 503 627 patribus
522 585 668 616 meliores
687 585 797 622 simus,
821 588 878 615 aut
896 584 979 624 quod
999 584 1089 614 Deus

136 632 273 671 aliquam
303 630 334 661 in
366 629 457 659 nobis
485 628 671 668 qualitatem
696 628 849 664 inveniat,
880 631 936 658 aut
958 625 1088 666 aliquod

136 675 267 705 bonum:
297 672 350 703 sed
380 670 463 711 quod
494 670 651 702 Dominus
678 675 787 701 noster
817 669 908 701 Iesus
940 669 1089 701 Christus

135 715 281 756 apparuit
311 715 453 745 omnium
482 713 609 744 illarum
639 713 826 744 umbrarum
857 718 889 743 et
911 713 1089 752 figurarum

135 769 247 799 corpus
278 764 309 788 et
339 755 525 788 substantia.
576 756 641 787 Nos
676 755 777 796 igitur
811 755 886 786 licet
923 754 1090 785 novilunia

136 811 199 832 non
229 800 405 831 habeamus
435 799 525 837 festa,
560 798 679 829 veritas
709 803 818 829 tamen
852 797 980 829 illorum
1013 797 1089 828 reti-

134 843 240 875 nenda
261 848 293 874 et
315 840 514 873 observanda
543 846 601 878 est,
633 851 669 872 ac
693 840 826 881 proinde
849 839 1089 881 agnoscendum

135 897 192 917 nos
217 895 282 916 non
315 884 414 916 fuisse
443 884 541 914 semel
572 893 591 914 a
614 883 684 914 Deo
707 890 832 914 creatos
856 888 888 914 et
910 883 944 914 in
967 882 1091 913 mundo

135 929 331 963 constitutos,
351 926 404 958 sed
418 926 457 957 ab
476 927 543 965 ipso
563 937 621 957 nos
640 927 672 957 in
688 926 754 957 dies
772 926 890 957 foveri:
910 936 946 956 ac
959 925 1091 966 proinde

135 971 269 1012 singulis
292 969 462 1000 momentis
485 979 560 1000 esse
576 979 594 999 a
617 969 708 999 nobis
730 968 957 1006 invocandum,
981 973 1013 999 et
1038 968 1090 999 bo-

137 1015 269 1045 nitatem
299 1013 399 1052 ipsius
429 1022 506 1052 erga
536 1022 594 1042 nos
624 1010 852 1049 meditandam,
886 1015 923 1042 ut
954 1010 1091 1042 subinde

134 1067 206 1089 cum
223 1055 376 1096 propheta
387 1054 622 1086 exclamemus:
647 1054 734 1093 Quid
754 1060 802 1085 est
814 1053 919 1091 homo,
938 1053 1090 1094 Domine,

133 1107 167 1130 ut
191 1100 257 1130 eius
287 1108 409 1128 memor
439 1098 491 1128 sis.
539 1097 581 1127 Et
605 1097 808 1128 recordemur
831 1097 900 1127 eius
923 1096 1005 1136 quod
1029 1096 1090 1127 alio

132 1142 199 1173 loco
228 1140 383 1181 propheta
408 1140 493 1179 dicit⁷
525 1139 593 1171 Deo
624 1140 771 1180 spiritum
801 1149 894 1170 suum
915 1139 1090 1178 auferente,

136 1185 277 1215 homines
307 1183 441 1214 deficere
472 1189 502 1213 et
532 1182 564 1212 in
595 1182 734 1213 nihilum
758 1182 886 1213 reduci:
919 1189 950 1212 et
977 1186 1090 1212 contra

133 1228 298 1259 emittente
320 1236 371 1256 res
411 1235 523 1257 omnes
555 1230 679 1256 creatas
702 1225 855 1256 recreari:
899 1234 935 1255 ac
958 1224 1090 1265 proinde

135 1279 298 1310 speremus
326 1269 432 1308 ipsum
463 1269 548 1300 vires
571 1269 669 1299 etiam
692 1268 784 1299 nobis
808 1267 1088 1307 suppeditaturum

133 1323 229 1353 quum
258 1317 370 1343 nostra
401 1321 498 1351 opera
527 1311 614 1342 volet
644 1310 702 1341 uti.
752 1310 927 1341 Caeterum
957 1309 1089 1342 Saulem

133 1355 278 1385 videmus
308 1354 426 1385 festum
455 1354 540 1385 istud
570 1353 793 1390 celebravisse,
831 1352 886 1385 sed
921 1358 956 1384 ut
986 1353 1090 1384 solent

134 1397 319 1439 hypocritae
341 1396 437 1428 rebus
460 1397 559 1428 sacris
582 1406 705 1427 vacare.
729 1396 813 1427 Nam
837 1396 895 1427 etsi
920 1396 1090 1436 religiosus

133 1441 164 1471 in
195 1440 298 1480 specie
329 1439 404 1471 velit
428 1440 548 1478 haberi,
579 1445 611 1470 et
634 1439 714 1480 legis
735 1439 1009 1470 caeremoniarum
1033 1439 1088 1470 ob-

132 1482 405 1515 servantissimus:
434 1483 556 1514 iuterea
585 1488 695 1513 tamen
723 1481 886 1512 internum
917 1486 948 1512 et
970 1481 1089 1513 lethale

133 1526 238 1557 odium
277 1525 431 1557 adversus
468 1525 625 1557 Davidem
663 1529 791 1564 pectore
825 1524 964 1555 fovebat.
1022 1524 1088 1556 Sed

134 1568 289 1609 quomodo
320 1568 421 1600 vitam
444 1578 534 1599 suam
559 1568 628 1599 Deo
657 1572 821 1607 acceptam
844 1567 932 1605 feret,
964 1568 1019 1607 qui
1041 1568 1090 1598 in-

134 1616 297 1642 nocentem
329 1610 368 1642 ad
399 1616 537 1641 mortem
568 1609 794 1651 persequitur?
841 1609 908 1641 Sed
938 1610 984 1641 ita
1013 1621 1090 1642 con-

135 1658 310 1685 sueverunt
347 1653 544 1693 hypocritae.
596 1652 652 1684 Sic
690 1652 837 1683 videmus
871 1652 986 1692 impios
1020 1653 1091 1684 illos

134 1696 268 1728 Iudaeos
299 1707 361 1727 non
392 1706 485 1727 ausos
508 1696 606 1727 Pilati
635 1696 830 1735 praetorium
856 1695 906 1726 die
927 1696 1091 1735 paschatis

134 1742 212 1770 festo
241 1738 375 1779 ingredi,
415 1749 453 1769 ne
481 1739 713 1778 polluerentur.
773 1737 847 1776 Sed,
879 1748 1006 1777 quaeso,
1037 1739 1091 1770 ubi

134 1788 202 1813 erat
231 1781 383 1822 pollutio?
431 1781 515 1813 Sane
548 1792 612 1812 non
642 1782 675 1811 in
707 1782 775 1820 ipso
806 1782 976 1820 praetorio,
1008 1781 1092 1821 quod

134 1831 298 1865 tantopere
329 1824 595 1864 dedignabantur,
626 1823 680 1855 sed
712 1823 746 1854 in
770 1823 857 1863 ipsis.
902 1824 954 1854 Ex
977 1825 1092 1864 quibus

134 1871 268 1908 apparet
290 1872 411 1907 quanta
434 1867 552 1906 passim
578 1866 757 1907 hypocrisis
779 1866 946 1897 hominum
967 1872 1091 1898 mentes

133 1918 273 1950 occupet,
315 1915 346 1940 et
385 1909 542 1950 quomodo
585 1909 729 1940 externis
762 1908 943 1940 istiusmodi
978 1910 1092 1941 ritibus

135 1952 204 1983 Deo
232 1952 377 1988 illudant,
412 1963 510 1992 quum
547 1957 656 1983 tamen
695 1962 734 1982 ne
767 1951 927 1991 principia
960 1952 1090 1992 quidem

135 2005 228 2026 verae
251 1999 282 2025 et
304 1995 446 2026 sincerae
469 1995 634 2036 religionis
656 1994 806 2025 habeant.
838 1994 932 2025 Hanc
954 1995 993 2025 ob
1017 2006 1090 2026 cau-

136 2047 202 2068 sam
226 2038 384 2069 Dominus
414 2047 473 2078 per
503 2038 621 2068 Isaiam
656 2037 844 2077 prophetam
876 2037 1091 2077 exprobrabat

135 2080 209 2111 olim
231 2081 354 2120 populo,
378 2081 465 2120 ipsos
484 2091 599 2111 manus
622 2080 739 2111 habere
762 2080 919 2120 sanguine
942 2080 1089 2120 pollutas,

134 2128 166 2153 et
194 2133 262 2154 esse
292 2123 516 2154 intolerabiles.
573 2123 686 2162 Neque
723 2132 799 2153 vero
836 2123 1090 2154 existimandum

136 2164 204 2195 Deo
226 2165 426 2205 displicuisse
447 2166 530 2197 ritus
554 2165 624 2196 illos
646 2172 678 2196 et
700 2165 929 2205 caeremonias,
952 2176 1090 2206 quarum

137 2212 228 2238 autor
249 2208 383 2248 ipsemet
409 2208 523 2247 fuerat,
549 2218 623 2239 nam
654 2218 863 2248 quaecunque
884 2208 973 2239 Deus
993 2209 1091 2240 verbo

137 2259 194 2279 suo
215 2250 355 2281 instituit
373 2251 546 2291 approbat:
570 2251 624 2282 sed
645 2251 747 2291 legem
770 2250 922 2281 violatam
942 2250 1091 2289 ostendit,

138 2301 236 2331 quum
259 2292 368 2324 Iudaei
390 2294 520 2333 quidem
543 2294 640 2325 festos
664 2294 731 2324 dies
754 2293 963 2330 celebrarent,
988 2300 1018 2324 et
1041 2295 1090 2324 in-

138 2334 231 2364 terim
253 2336 373 2366 mutuis
395 2336 476 2367 odiis
499 2343 529 2367 et
549 2336 724 2367 inimicitiis
743 2335 935 2373 laborarent,
958 2337 1090 2376 rapinis,

139 2377 370 2408 extorsionibus
399 2383 432 2409 et
459 2379 723 2410 concussionibus
753 2384 785 2409 et
812 2378 969 2410 similibus
1003 2379 1090 2419 pleni

140 2424 254 2449 essent.
278 2419 345 2450 Nos
367 2420 472 2460 itaque
494 2422 568 2452 licet
590 2421 770 2452 istiusmodi
793 2420 859 2452 dies
882 2422 979 2453 festos
1003 2427 1090 2453 vete-

142 2472 212 2492 rum
243 2472 328 2492 more
356 2473 418 2493 non
448 2463 630 2502 habeamus,
659 2464 915 2504 quandoquidem
939 2475 1002 2495 non
1027 2475 1091 2496 am—

140 2504 225 2543 plius
256 2504 334 2544 legis
361 2505 482 2537 umbris
504 2511 536 2537 et
558 2507 670 2546 figuris
693 2506 813 2538 subditi
837 2517 957 2544 sumus,
989 2507 1090 2538 disca·

141 2557 212 2577 mus
239 2547 488 2587 quotiescunque
517 2549 550 2579 in
579 2550 765 2581 concionem
796 2550 953 2588 venimus,
984 2555 1015 2580 et
1037 2561 1089 2581 no-

142 2589 286 2619 minatim
310 2588 361 2619 die
391 2589 555 2626 dominico,
584 2592 637 2632 qui
661 2591 785 2623 dicatus
809 2598 856 2623 est
879 2597 915 2622 ut
938 2603 1090 2624 vacemus

143 2631 231 2662 bonis
254 2631 413 2670 operibus,
447 2638 478 2663 et
506 2635 630 2665 caritati
654 2644 731 2676 erga
752 2635 925 2675 proximos,
949 2646 985 2667 ac
1004 2636 1090 2667 vitae

243 2682 349 2708 Calvini
364 2689 455 2715 opera.
494 2684 549 2710 Vol.
567 2685 661 2711 XXX.

781 193 827 224 IN
852 193 877 224 I.
903 192 990 223 LIB.
1014 191 1212 224 SAMUEL.
1237 190 1334 222 CAP.
1359 191 1436 222 XX.
2037 192 2097 222 354

1141 283 1319 324 integritati
1347 290 1377 314 et
1407 284 1569 315 sanctitati
1599 284 1793 322 studeamus,
1826 285 1883 316 Dei
1908 285 1939 315 in
1969 296 2026 316 nos
2049 286 2097 316 in-

1142 336 1276 357 numera
1299 325 1461 358 benefacta
1485 333 1704 367 agnoscentes,
1728 338 1784 368 pro
1808 328 1924 367 quibus
1942 328 2005 369 ipsi
2024 338 2095 368 gra-

1114 380 1115 385 *
1141 369 1202 399 tias
1225 378 1357 408 agamus
1381 380 1420 399 ex
1443 369 1563 400 animo:
1596 380 1632 401 ac
1655 370 1786 410 proinde
1810 370 2003 410 pollutiones
2026 380 2095 401 nos-

1142 417 1208 442 tras
1231 421 1293 441 non
1319 411 1508 442 misceamus
1527 413 1565 443 iis
1584 423 1665 452 quae
1684 413 1773 444 Deus
1791 412 1829 443 ad
1852 424 1942 444 suam
1962 413 2098 453 gloriam

1141 458 1172 485 et
1195 458 1336 484 nostram
1360 454 1494 485 salutem
1518 455 1738 487 sanctificavit.
1763 455 1872 494 Quare
1891 456 2011 496 singuli
2030 466 2099 486 sese

1141 497 1306 536 vitamque
1334 506 1423 527 suam
1462 497 1630 537 explorent
1667 505 1799 538 oportet,
1835 504 1865 528 et
1895 499 2098 529 infirmitates

1141 549 1215 570 suas
1238 549 1279 569 ex
1302 539 1407 569 animo
1430 539 1643 571 condemnent
1667 546 1699 571 et
1722 540 1930 577 detestentur,
1956 541 2098 581 quando-

1141 581 1268 622 quidem
1288 582 1406 612 scimus
1424 582 1544 621 optima
1565 583 1659 613 etiam
1680 589 1788 614 nostra
1807 594 1903 623 opera
1921 594 1985 614 non
2007 594 2099 624 posse

1141 634 1246 655 coram
1271 624 1341 654 Deo
1364 624 1425 655 nisi
1449 629 1482 654 ut
1506 625 1626 664 polluta
1651 625 1794 665 iudicari,
1825 636 1905 665 quae
1929 632 2037 657 tamen
2060 637 2098 656 ex

1140 667 1298 697 immensa
1318 666 1461 697 bonitate
1485 673 1516 697 ct
1540 667 1758 699 misericordia
1776 675 1929 708 tanquam
1949 669 2030 700 bona
2050 678 2098 699 ae-

1141 714 1249 749 ceptat
1271 713 1303 740 et
1325 709 1475 747 admittit,
1506 720 1604 749 quum
1630 711 1728 741 vitam
1752 717 1893 742 nostram
1917 711 1964 742 illi
1989 721 2101 750 accep-

1142 757 1208 783 tam
1231 752 1381 782 ferimus:
1404 757 1436 782 et
1460 751 1532 783 licet
1551 752 1725 784 multorum
1752 753 1931 784 defectuum
1955 764 2012 785 nos
2031 764 2101 785 reos

1142 795 1288 832 sciamus,
1320 800 1428 825 tamen
1452 795 1490 825 ad
1514 795 1618 835 ipsum
1648 796 1843 827 recurrimus
1866 802 1899 827 et
1922 797 1960 827 ab
1983 807 2019 827 eo
2043 797 2102 827 toti

1142 837 1329 877 pendemus,
1360 843 1388 868 et
1414 847 1486 868 cum
1510 837 1667 877 proximis
1690 839 1808 869 nostris
1831 839 1863 869 in
1888 840 1974 870 omni
1998 839 2100 870 since-

1142 880 1238 910 ritate
1260 884 1292 911 et
1314 879 1468 911 fidelitate
1490 880 1642 911 vivimus.
1666 880 1756 912 Haec
1779 881 1924 913 doctrina
1949 881 2100 913 discenda

1142 928 1191 954 est
1213 933 1252 954 ex
1278 921 1387 953 Saulis
1410 923 1567 962 exemplo,
1598 933 1690 963 quern
1721 923 1849 963 quidem
1873 931 2009 955 externa
2031 935 2101 964 spc-

1142 967 1189 996 cie
1212 965 1397 1006 religiosum
1427 965 1525 996 fuisse
1556 965 1719 997 videmus:
1751 966 1805 997 sed
1834 967 1963 997 interim
1996 968 2102 998 animo

1143 1008 1259 1039 fovisse
1297 1007 1454 1039 adversus
1488 1008 1642 1039 Davidem
1678 1009 1785 1039 odium
1820 1009 2030 1049 implacabile,
2072 1017 2102 1040 et

1142 1051 1248 1091 ipsum
1271 1050 1512 1090 quibuscunque
1535 1051 1637 1082 modis
1660 1052 1766 1091 potuit
1789 1052 1827 1082 ad
1848 1058 1985 1083 mortem
2004 1053 2100 1083 fuisse

1142 1098 1382 1134 persequutum.
1439 1092 1525 1124 Sane
1567 1094 1628 1124 fuit
1661 1104 1698 1124 ea
1732 1094 1854 1125 ratione
1887 1104 1994 1125 coram
2032 1096 2100 1126 Deo

1141 1136 1244 1177 magis
1276 1146 1361 1167 reuS.
1413 1136 1577 1176 Numquid
1612 1137 1696 1167 enim
1723 1137 1841 1168 nostris
1870 1138 2101 1177 pollutionibus

1141 1179 1247 1210 Deum
1278 1179 1457 1209 immiscere
1481 1184 1538 1217 est,
1568 1189 1666 1219 quum
1696 1180 1837 1211 exterius
1867 1180 1967 1220 ipsius
1996 1181 2100 1212 cultus

1142 1222 1277 1253 studiosi
1300 1221 1459 1260 videmur,
1483 1227 1513 1252 et
1536 1226 1644 1253 tamen
1668 1222 1847 1261 pectoribus
1870 1232 1988 1262 pravas
2012 1224 2099 1263 cupi-

1143 1265 1259 1296 ditates
1282 1264 1451 1294 fovemus?

1228 1308 1329 1338 Porro
1353 1306 1490 1338 Davidis
1513 1306 1568 1337 illa
1591 1307 1788 1337 coniectura:
1813 1306 1849 1338 Si
1869 1307 1948 1339 Saul
1970 1309 2100 1340 audiens

1143 1350 1297 1381 Davidem
1326 1349 1439 1381 abiisse
1460 1350 1681 1380 excusationem
1714 1349 1866 1388 admittat,
1899 1351 1968 1382 bene
2000 1361 2100 1383 secum

1143 1395 1243 1425 actum
1264 1393 1318 1431 iri,
1349 1392 1463 1423 nititur
1494 1403 1530 1423 eo
1553 1392 1638 1432 quod
1667 1397 1740 1423 ante
1764 1393 1855 1432 attigi
1880 1393 2097 1429 fundamento,

1143 1446 1257 1475 nempe
1281 1434 1421 1473 Saulem,
1446 1435 1471 1466 si
1495 1435 1625 1466 omnino
1647 1435 1813 1466 constituit
1838 1435 1997 1467 Davidem
2018 1437 2098 1467 occi-

1144 1479 1219 1510 dere
1242 1479 1301 1510 hoc
1325 1477 1433 1508 audito
1458 1478 1581 1517 nuntio,
1611 1478 1714 1518 magis
1737 1478 1965 1509 exacerbatum
1988 1479 2037 1516 iri,
2068 1485 2099 1510 et

1143 1522 1231 1552 virus
1255 1531 1349 1552 suum
1372 1521 1586 1551 evomiturum
1605 1530 1703 1560 quum
1726 1530 1742 1550 e
1761 1520 1827 1551 suis
1846 1520 1995 1552 manibus
2013 1521 2099 1562 elap-

1143 1575 1214 1595 sum
1237 1563 1456 1595 arbitrabitur.
1479 1562 1566 1595 Sane
1588 1562 1726 1602 improbi
1746 1562 1891 1594 homines
1914 1574 2009 1603 saepe
2033 1570 2097 1596 tam

1143 1607 1266 1638 occulte
1295 1606 1491 1646 proditiones
1521 1615 1595 1637 suas
1624 1605 1811 1643 moliuntur,
1840 1612 1875 1636 ut
1904 1606 1963 1636 vix
1986 1606 2098 1647 depre-

1144 1649 1275 1686 hendas,
1308 1654 1340 1680 et
1370 1653 1503 1680 externa
1533 1648 1636 1688 specie
1667 1647 1816 1678 facillime
1846 1648 2029 1680 hominibus
2052 1650 2098 1681 in-

1143 1693 1245 1724 cautis
1268 1692 1449 1732 imponant:
1474 1690 1529 1722 sed
1553 1690 1680 1721 tandem
1704 1691 1846 1730 ipsorum
1865 1691 2097 1731 turpitudinem

1143 1735 1233 1766 Deus
1257 1734 1391 1775 detegit:
1417 1745 1452 1766 ac
1475 1733 1608 1774 proinde
1632 1733 1836 1773 quantumvis
1859 1734 1956 1764 astuti
1979 1734 2043 1765 sint
2067 1742 2098 1766 et

1144 1777 1337 1817 versipelles,
1363 1776 1451 1808 Deus
1475 1782 1580 1807 tamen
1601 1776 1696 1807 certis
1715 1776 1814 1816 signis
1836 1780 1867 1806 et
1886 1776 1968 1807 notis
1988 1787 2099 1809 eorum

1143 1820 1249 1861 prodit
1273 1819 1449 1861 perfidiam,
1480 1825 1512 1850 et
1535 1820 1567 1849 in
1589 1818 1752 1858 publicum
1777 1818 1933 1857 producit,
1957 1824 1992 1850 ut
2015 1820 2100 1861 apud

1143 1874 1255 1895 omnes
1285 1864 1487 1893 innotescant
1517 1868 1547 1892 et
1577 1862 1711 1892 infames
1735 1871 1770 1891 ac
1793 1861 2006 1893 exsecrabiles
2029 1863 2100 1894 red-

1144 1907 1272 1937 dantur.
1319 1905 1423 1936 David
1448 1905 1547 1945 igitur
1571 1904 1629 1935 hac
1652 1913 1708 1944 spe
1731 1903 1832 1934 fretus
1854 1903 1921 1934 fore
1945 1904 2004 1936 sibi
2029 1916 2100 1945 per-

1143 1949 1258 1987 suasit,
1284 1952 1320 1979 ut
1342 1947 1417 1979 licet
1440 1947 1517 1979 Saul
1543 1947 1621 1978 dolis
1645 1952 1675 1977 et
1698 1945 1863 1977 fraudibus
1886 1946 1944 1977 sibi
1968 1947 2099 1979 insidia-

1143 1997 1241 2030 retur,
1273 1991 1363 2021 Deus
1393 1997 1501 2021 tamen
1533 1990 1635 2029 ipsum
1660 1989 1859 2029 permitteret
1883 1990 1927 2020 sic
1952 1996 2043 2021 extra
2067 2002 2100 2022 se

1142 2045 1218 2074 prae
1249 2033 1414 2064 iracundia
1443 2032 1558 2070 efferri,
1588 2037 1622 2063 ut
1653 2031 1755 2071 palam
1787 2030 1862 2070 quid
1891 2036 2018 2071 pectore
2042 2033 2099 2065 ha-

1142 2077 1231 2108 beret
1262 2076 1421 2107 occultum
1452 2075 1623 2115 detegeret.
1669 2074 1731 2104 Hic
1761 2073 1971 2105 admonemur
2000 2085 2099 2115 quum

1144 2120 1251 2151 hostes
1280 2118 1447 2150 fraudibus
1477 2123 1506 2148 et
1536 2117 1767 2157 proditionibus
1791 2116 1876 2147 vitae
1899 2122 2027 2149 nostrae
2051 2120 2099 2149 in-

1142 2162 1309 2199 sidientur,
1338 2167 1369 2192 et
1400 2160 1437 2191 ad
1471 2168 1606 2190 mortem
1638 2164 1802 2199 quaerant,
1837 2158 1944 2189 Deum
1975 2162 2099 2200 precari

1142 2210 1178 2236 ut
1209 2206 1351 2244 ipsorum
1382 2204 1512 2234 consilia
1542 2209 1572 2232 et
1595 2202 1734 2233 occultas
1757 2201 1938 2233 molitiones
1961 2203 2098 2244 detegat,

1142 2254 1173 2279 et
1203 2248 1235 2278 in
1267 2252 1410 2287 apertum
1436 2245 1598 2286 producat,
1629 2250 1663 2275 ut
1687 2254 1796 2275 eorum
1820 2254 1935 2275 manus
1958 2246 2099 2287 effugere

1142 2291 1309 2331 possimus.

1226 2332 1296 2363 Iam
1320 2331 1359 2362 ad
1383 2331 1435 2362 illa
1459 2330 1594 2361 Davidis
1620 2329 1716 2360 verba
1740 2335 1949 2367 transeamus
1984 2331 2099 2370 quibus

1142 2375 1358 2407 Ionathanum
1382 2384 1439 2414 per
1463 2373 1552 2403 datas
1576 2371 1704 2402 dextras
1727 2371 1911 2409 obtestatur,
1943 2378 2098 2413 rogatque

1142 2424 1178 2449 ut
1208 2416 1464 2458 quandoquidem
1496 2415 1607 2445 foedus
1636 2414 1772 2444 Domini
1802 2425 1873 2445 cun]
1898 2415 2015 2447 famulo
2039 2427 2097 2448 suo

1142 2460 1309 2501 percussit,
1332 2460 1399 2500 ipse
1422 2469 1477 2489 sua
1502 2468 1598 2488 manu
1623 2458 1725 2496 ipsum
1746 2457 1773 2486 si
1796 2467 1857 2496 qua
1877 2463 1925 2488 est
1944 2458 2097 2498 iniquitas

1141 2503 1323 2535 interficiat.
1368 2501 1476 2540 Quum
1500 2499 1611 2531 foedus
1631 2499 1761 2529 Domini
1780 2509 1886 2530 secum
1907 2499 1984 2531 dicit-
2002 2501 2097 2533 Iona-

1142 2547 1278 2578 thanum
1304 2546 1420 2580 fecisse,
1446 2544 1489 2574 sic
1514 2543 1662 2573 hortatur
1685 2542 1902 2573 Ionathanum
1925 2543 1965 2574 ad
1988 2554 2097 2584 perse-

1141 2588 1319 2620 verandum
1351 2588 1383 2617 in
1412 2585 1550 2616 amicitia
1574 2591 1604 2615 et
1628 2584 1689 2615 fide
1712 2595 1806 2624 quam
1830 2586 1896 2624 ipse
1918 2586 2002 2617 ultro
2025 2596 2098 2619 cum

1143 2630 1270 2663 Davide
1298 2634 1510 2661 contraxerat.
1555 2627 1597 2658 Et
1629 2637 1665 2657 eo
1689 2626 1814 2666 quidem
1839 2628 1968 2660 nomine
1992 2629 2099 2661 David

1857 2678 1891 2704 23
