2551 3044
213 196 273 228 237

224 294 316 325 docet
339 292 436 324 verbo
460 302 526 327 suo,
558 296 590 322 et
612 291 739 331 quidem
763 295 848 322 recto
871 295 903 322 et
926 300 1006 330 puro
1029 289 1123 320 eorde
1147 292 1179 319 ct

225 337 344 368 animo.
390 335 573 366 Caveamus
598 340 703 365 autem
728 344 767 365 ne
791 334 846 365 illa
866 332 1005 373 cognitio
1028 331 1179 363 simulata

221 380 272 410 vel
298 383 408 410 coacta,
431 378 480 413 sit,
506 388 600 416 quam
622 377 770 416 deinceps
790 376 912 407 malitia
931 380 962 405 et
981 373 1179 414 ingratitudo

221 433 261 453 ex
285 421 402 452 animis
429 420 533 450 deleat
559 425 590 450 et
614 419 816 459 exstinguat:
840 419 894 449 scd
919 418 1030 449 demus
1053 426 1181 446 omnem

222 465 329 505 potius
359 473 498 503 operam,
529 468 565 493 ut
594 472 670 493 vcro
695 462 755 493 Dei
780 462 933 492 virtutem
958 458 1180 500 apprehenda-

222 518 294 538 mus
319 516 414 545 quani
443 505 529 535 Deus
553 505 618 535 suis
643 504 802 544 patefacit,
833 511 866 535 ut
896 504 929 534 in
960 514 997 533 ea
1020 501 1183 540 conquies-

222 560 342 588 camus,
367 554 399 579 et
423 547 461 577 do
485 548 584 586 ipsius
608 548 726 578 auxilio
751 547 893 587 persuasi
912 547 1021 578 simus.
1056 544 1181 575 Nihilo-

222 592 331 622 minus
356 590 534 626 Israelitac,
564 590 636 620 licet
661 590 736 620 satis
761 589 950 621 docerentur
973 588 1042 628 lege
1067 586 1127 617 Dei
1151 591 1183 616 et

223 633 377 674 peculiari
402 633 585 662 testimonio
610 636 731 663 tantam
757 643 825 663 esso
844 631 904 662 Dei
929 631 1080 662 virtutem
1100 639 1182 669 quae

224 676 290 708 suis
314 675 490 706 liberandis
522 683 551 705 et
583 686 621 705 ex
653 675 802 714 perieulis
833 673 980 706 eruendis
1011 673 1182 708 sufficeret,

223 729 289 750 non
325 724 431 749 tamen
466 717 499 747 in
535 717 590 747 illa
626 729 701 748 vera
735 717 795 749 fide
828 716 1091 757 conquieverunt,
1127 714 1183 744 sed

223 761 313 792 dubii
348 766 379 791 et
414 759 600 790 vacillantes
634 761 773 791 fuerunt.
826 759 1042 798 Quamobrem
1074 756 1183 787 David

222 803 332 835 verbis
363 804 432 833 istis
464 802 590 842 oblique
621 802 831 833 diffidentiam
864 807 894 833 et
926 800 1182 833 incredulitatem

222 847 368 887 ipsorum
392 846 507 885 arguit,
544 845 627 884 quod
652 846 805 876 nimirum
830 856 893 876 non
917 843 1120 876 attenderent
1143 841 1183 872 ad

224 889 352 920 divinas
375 887 604 927 promissiones
628 898 708 927 quac
740 888 809 928 lege
834 888 895 918 Dei
926 885 1183 920 continebantur,

225 938 256 963 et
280 941 343 962 non
368 931 431 961 illis
455 934 489 960 ut
513 940 570 970 par
590 938 660 960 erat
682 930 828 961 fiderent.
863 931 944 961 Nam
969 930 993 960 si
1018 927 1184 959 Israelitae

225 975 307 1006 bene
337 973 579 1013 cognovissent-
600 973 670 1003 Deo
699 974 835 1004 salutem
867 973 915 1004 sui
945 972 1054 1012 populi
1089 980 1184 1002 curae

225 1028 294 1048 esse
313 1021 345 1047 et
364 1015 563 1046 liberationis
577 1015 730 1045 honorem
752 1021 782 1046 et
795 1016 928 1055 gloriam
948 1015 1004 1046 soli
1024 1013 1083 1045 sibi
1102 1012 1185 1043 velle

224 1059 403 1091 reservari:
439 1068 502 1088 non
538 1068 615 1088 usus
651 1058 701 1088 his
736 1059 867 1089 vocibus
896 1063 978 1089 esset
1000 1055 1117 1092 David,
1153 1057 1186 1085 ut

223 1102 324 1134 omnis
357 1101 430 1131 haec
462 1100 624 1131 multitudo
659 1104 685 1131 et
726 1101 848 1132 ecclesia
888 1102 1040 1141 coquoscat
1071 1099 1184 1130 Deum.

225 1145 339 1184 Itaque
370 1143 440 1174 istis
471 1142 576 1173 verbis
606 1143 746 1173 ostendit
779 1144 933 1183 populum
966 1143 1064 1174 fuisse
1097 1146 1185 1172 metu

225 1187 399 1218 attonitum
425 1189 457 1216 et
485 1186 677 1225 perculsum,
709 1191 739 1216 et
766 1187 850 1217 intra
882 1196 969 1226 spem
1000 1190 1185 1223 metumque

224 1229 426 1261 collocatum.
462 1227 549 1266 Quid
571 1238 645 1258 vero
665 1229 809 1267 ipsorum
830 1230 952 1259 animos
972 1225 1183 1268 percellebat?

222 1272 348 1311 Nempe
371 1270 462 1310 gigas
482 1271 535 1301 ille
554 1271 645 1301 miles
665 1272 891 1311 cataphractus
911 1270 1116 1311 perterrebat,
1134 1269 1184 1299 cui

224 1314 404 1346 resistendo
428 1323 461 1343 se
485 1313 623 1353 impares
649 1314 898 1352 arbitrabantur,
923 1314 1050 1344 nemine
1073 1313 1184 1351 singu-

223 1357 283 1388 lari
312 1356 488 1387 certamine
518 1357 671 1395 congredi
706 1367 778 1387 cum
814 1357 883 1396 ipso
917 1356 1063 1387 audente.
1115 1355 1185 1385 Deo

222 1400 324 1440 igitur
358 1398 500 1429 debitum
535 1398 688 1429 honorem
722 1399 795 1430 illos
829 1410 893 1429 non
926 1399 1076 1430 tribuisse
1108 1397 1185 1428 hinc

223 1446 366 1482 apparet,
398 1440 452 1472 sed
484 1441 517 1471 in
549 1442 692 1473 externis
724 1442 890 1480 praesidiis
914 1441 1062 1473 fiduciam
1085 1440 1183 1472 collo-

223 1495 329 1516 casse:
362 1495 397 1515 ac
421 1484 556 1523 proinde
579 1485 693 1515 merito
718 1484 824 1515 David
849 1485 925 1516 dicit
947 1489 1091 1525 oportere
1113 1483 1185 1513 illos

224 1527 355 1563 discere,
386 1526 494 1556 Deum
523 1538 597 1558 suos
627 1537 756 1558 servare
790 1538 853 1558 non
886 1527 1054 1558 ordinariis
1083 1525 1185 1557 modis

225 1570 279 1601 sed
310 1579 444 1609 prorsus
474 1570 754 1600 extraordinariis:
790 1575 821 1601 et
852 1570 932 1601 hanc
956 1569 1122 1601 scientiam
1145 1579 1186 1599 ex

225 1623 303 1644 vera
325 1612 388 1642 Dei
419 1612 602 1651 cognitione
632 1613 728 1643 nasci.
774 1613 870 1644 Certa
901 1623 975 1644 vero
998 1612 1130 1644 scientia
1154 1615 1186 1641 et

224 1655 367 1695 cognitio
392 1654 522 1685 virtutis
548 1662 579 1685 et
609 1655 761 1686 bonitatis
787 1655 915 1686 divinae
943 1659 1054 1686 manat
1075 1655 1114 1686 ab
1137 1654 1185 1694 ip-

225 1698 291 1729 sius
316 1698 423 1728 verbo.
468 1697 581 1737 Neque
605 1699 688 1728 enim
714 1698 792 1730 haec
822 1698 973 1729 inferiora
995 1708 1106 1729 veram
1130 1707 1187 1727 no-

226 1740 274 1772 bis
298 1739 336 1771 de
360 1739 430 1770 Deo
453 1741 670 1780 cognitionem
702 1740 869 1772 adferunt:
900 1741 955 1772 sed
986 1741 1025 1772 ad
1054 1741 1185 1771 illorum

226 1783 381 1813 intuitum
412 1783 517 1822 potius
547 1783 628 1814 oculi
654 1784 755 1814 nostri
779 1784 919 1824 caligant
941 1788 972 1814 et
994 1794 1107 1815 sensus
1130 1782 1185 1813 he-

227 1825 371 1856 bescunt.
428 1825 471 1856 Et
510 1826 666 1857 miracula
708 1827 815 1865 potius
849 1826 888 1857 ad
929 1826 1185 1867 indignationem

224 1873 368 1905 movent,
393 1878 487 1907 quam
512 1869 551 1899 ad
571 1879 681 1899 veram
695 1869 756 1899 Dei
781 1869 995 1909 cognitionem
1015 1869 1184 1905 deducunt,

225 1912 287 1941 nisi
301 1910 364 1941 Dei
384 1910 483 1941 verbo
502 1922 653 1951 regamur
673 1918 705 1942 et
724 1912 932 1943 illustremur.
967 1911 1185 1951 Quamobrem

226 1953 318 1984 Deus
348 1953 446 1985 verbo
474 1964 539 1992 suo,
571 1954 654 1993 quod
689 1955 721 1984 in
745 1955 824 1994 lege,
846 1955 1011 1995 prophetis
1034 1959 1066 1985 et
1088 1964 1185 1985 evan-

226 1996 311 2037 gelio
335 1996 525 2033 continetur,
550 2007 608 2028 nos
633 1997 732 2028 docet.
780 1996 942 2036 Quoniam
973 2001 1079 2028 autem
1104 2007 1185 2027 non-

225 2049 395 2078 nunquam
426 2040 561 2070 scientia.
592 2039 647 2070 illa
678 2041 710 2070 in
735 2039 825 2071 nobis
849 2046 895 2071 est
920 2040 1030 2071 debilis
1054 2046 1085 2070 et
1107 2049 1185 2079 quo-

225 2081 397 2112 dammodo
411 2082 551 2119 vacillat,
576 2092 611 2113 ac
633 2083 723 2121 proni
747 2093 857 2114 sumus
881 2082 920 2113 ad
942 2084 1184 2120 contumaciam,

225 2130 257 2155 et
281 2124 487 2155 rebellionem
512 2135 547 2155 ac
578 2125 802 2155 diffidentiam:
833 2125 951 2157 idcirco
980 2127 1075 2156 etiam
1107 2136 1186 2165 opus

225 2166 383 2198 habemus
407 2167 660 2204 confirmatione,
684 2175 719 2198 ut
743 2167 934 2207 quibusdam
957 2169 1100 2200 externis
1122 2174 1185 2199 tes-

225 2209 369 2241 timoniis
393 2210 481 2240 Deus
505 2220 539 2240 re
562 2210 631 2249 ipsa
654 2216 760 2240 ratum
785 2210 885 2248 faciat,
915 2221 947 2242 so
973 2222 1036 2242 non
1067 2211 1186 2242 frustra

225 2252 395 2292 loquutum
419 2263 487 2283 esse
510 2253 543 2282 in
569 2252 664 2283 verbo
688 2263 756 2291 suo,
779 2253 811 2283 iu
836 2264 898 2292 quo
917 2254 1067 2285 maiestas
1085 2255 1187 2294 ipsius

227 2294 384 2335 splendet.
420 2294 507 2326 Sane
526 2295 613 2325 utilis
632 2295 724 2326 nobis
747 2302 794 2326 est
817 2295 895 2326 haec
918 2296 1070 2334 doctrina,
1090 2308 1186 2337 quam

227 2337 299 2368 istis
319 2336 427 2368 verbis
441 2337 585 2375 Davidis‚
609 2340 641 2369 ut
659 2338 730 2369 haec
752 2339 898 2370 universa
920 2339 1042 2371 ecclesia
1061 2340 1188 2380 noverit,

228 2380 332 2411 Deum
346 2390 404 2411 non
415 2390 539 2411 servare
560 2381 591 2411 in
609 2381 723 2420 yladc‘o,
743 2391 835 2420 neque
853 2382 887 2413 in
909 2381 1006 2421 hasta,
1029 2383 1188 2414 contineri

227 2423 379 2454 diximus.

314 2465 486 2496 Caeterum
510 2465 745 2496 observandum
770 2465 929 2498 Davidem
953 2478 1051 2508 quum
1076 2468 1188 2500 Golia-

229 2509 322 2539 thum
346 2507 562 2547 compellaret,
582 2519 617 2539 ac
638 2508 765 2546 diceret,
785 2511 818 2539 ut
835 2508 908 2540 haec
924 2511 1087 2542 multitudo
1109 2512 1188 2543 sciat

230 2552 309 2591 quod
332 2554 375 2582 est
398 2550 485 2581 Deus
508 2552 541 2581 iu
565 2551 692 2590 Iso-afile,
722 2551 785 2582 illis
814 2552 920 2584 verbis
950 2553 1187 2585 incredulorum

230 2604 331 2626 vanas
355 2594 600 2633 superstitiones
625 2599 656 2624 et
680 2593 876 2625 idololatrias
899 2597 1052 2636 arguisse,
1075 2602 1106 2628 et
1130 2607 1186 2628 no-

229 2637 379 2668 minatim
404 2636 622 2677 blasphemam
647 2636 733 2667 illam
765 2638 907 2678 gigantis
929 2639 1186 2672 maledictionem

871 195 919 226 IN
939 196 963 226 I.
988 195 1076 226 LIB.
1101 195 1299 227 SAMUEL.
1324 195 1417 227 CAP.
1442 198 1553 231 XVII,

2132 198 2193 229 2:38

1232 290 1263 319 in
1289 289 1349 321 diis
1380 291 1447 322 suis
1478 292 1731 331 reprehendisse.
1778 292 1860 323 Nam
1893 292 1945 323 ille
1969 291 2103 323 Goliath
2128 292 2193 323 Da-

1232 333 1298 362 vidi
1323 333 1355 363 in
1379 333 1440 364 diis
1464 335 1530 365 suis
1554 335 1762 372 maledicens,
1795 336 1943 375 sperabat
1973 346 2007 366 so
2038 342 2192 374 tanquam

1233 374 1367 405 fulmine
1391 376 1482 407 illum
1508 378 1720 416 percussisse:
1751 378 1804 409 sed
1838 378 1976 408 hominis
2000 378 2081 408 iram
2106 377 2192 409 blas-

1233 418 1382 456 phemam
1410 419 1514 450 David
1539 420 1649 459 eludit,
1673 431 1771 460 quum
1795 421 1855 451 ait:
1880 420 1982 452 Deam
2005 430 2069 451 esse
2091 421 2123 451 in
2144 420 2192 451 Is-

1232 460 1332 491 ruite.-
1365 467 1401 491 ut
1433 461 1551 492 indicet
1586 464 1765 493 incredulos
1795 463 1938 494 ethnicos
1967 463 2100 493 adorare
2134 473 2194 494 sua

1233 503 1359 533 somnia
1382 508 1413 534 et
1436 506 1547 536 inanes
1572 505 1834 543 imaginationes:
1863 505 1918 536 sed
1950 516 2060 536 verum
2087 505 2193 536 Deum

1234 556 1312 582 esse,
1343 551 1374 576 ct
1404 547 1463 577 coli
1494 554 1525 577 et
1548 548 1672 578 adorari
1695 549 1727 578 in
1752 549 1881 579 Israelc.
1930 549 2090 588 Populum
2116 559 2192 579 vcro

1234 588 1455 625 israeliticum,
1480 591 1649 621 attonitum
1675 599 1706 621 et
1729 597 1816 622 metu
1843 591 2023 630 perculsum
2047 591 2192 621 consola-

1235 634 1296 667 tur,
1326 632 1464 662 confisue
1489 632 1594 663 Deum
1625 644 1657 663 re
1689 634 1757 672 ipsa
1785 634 2022 673 patefacturum
2053 644 2086 663 se
2117 633 2195 664 satis

1235 678 1398 713 potentem
1423 674 1462 704 ad
1482 686 1554 706 suos
1574 686 1589 705 e
1609 676 1758 715 perieulis
1777 676 1937 707 eruendos
1958 682 1989 707 et
2008 676 2197 712 servandos,

1235 720 1266 746 et
1289 715 1364 747 licet
1386 718 1534 748 omnibus
1559 718 1706 749 humanis
1720 719 1888 758 praesidiis
1916 718 2095 755 destitutos,
2118 719 2196 749 satis

1235 759 1269 788 in
1301 759 1369 789 Deo
1399 759 1515 790 habere
1547 761 1705 800 praesidii.
1751 762 1838 792 Sane
1868 767 2046 801 temporum
2071 767 2196 791 nostro-

1235 812 1306 831 rum
1327 803 1526 841 experientia
1547 803 1637 833 n..bis
1656 804 1738 834 idem
1759 810 1957 843 compertum
1975 804 2063 835 facit:
2080 814 2194 843 quam-

1236 844 1346 875 obrem
1379 850 1423 875 tot
1455 846 1644 876 testimoniis
1675 852 1797 886 oportet
1822 858 1878 877 nos
1902 846 2004 886 magis
2030 847 2194 886 magisque

1236 887 1436 918 confirmari:
1461 893 1495 918 ut
1522 889 1547 918 si
1567 888 1627 919 Dei
1649 890 1744 919 verbo
1763 900 1823 919 non
1849 890 2089 928 acquiescimus,
2114 889 2195 920 sicut

1237 929 1405 968 debemus,
1442 931 1553 961 saltem
1589 942 1685 971 quum
1720 933 1918 972 experientia
1950 931 2057 962 Deum
2091 932 2195 963 nostri

1236 973 1404 1003 misertum
1434 984 1503 1004 esse
1534 975 1701 1012 sentimus,
1733 982 1762 1005 et
1786 974 2013 1014 promissiones
2036 985 2111 1005 suas
2134 975 2194 1005 im-

1237 1015 1383 1055 plevisse,
1412 1016 1561 1047 veritatis
1590 1017 1690 1056 ipsius
1722 1018 1873 1047 maiorem
1905 1017 2052 1047 notitiam
2076 1016 2195 1048 habea-

1238 1068 1316 1094 mus,
1342 1063 1374 1089 et
1397 1058 1430 1088 in
1451 1059 1518 1098 ipso
1539 1070 1601 1089 uno
1622 1070 1709 1099 spem
1730 1070 1854 1090 omnem
1877 1064 2018 1090 nostram
2040 1060 2195 1091 collocare

1238 1100 1408 1132 discamus.
1453 1101 1636 1141 Discipulos
1656 1102 1777 1133 Christi
1803 1102 1915 1133 saltem
1941 1103 2115 1141 imitemur,
2138 1103 2194 1142 qui

1237 1142 1276 1172 de
1307 1142 1431 1174 Christi
1460 1145 1693 1175 resurrectione
1725 1145 1907 1176 dubitantes
1942 1145 2094 1176 dicuntur
2128 1146 2195 1176 viso

1237 1186 1383 1225 sepulcro
1414 1196 1512 1218 vacuo
1536 1187 1606 1217 Deo
1636 1187 1818 1218 credidisse.
1864 1187 1974 1227 Neque
1998 1198 2073 1218 vero
2098 1198 2194 1227 quae-

1236 1239 1361 1267 cunque
1386 1234 1478 1259 antea
1502 1229 1652 1260 Christus
1675 1231 1834 1261 Dominus
1856 1236 1964 1261 noster
1990 1229 2195 1269 praedixerat

1237 1281 1320 1301 vana
1338 1276 1370 1302 et
1390 1272 1513 1303 ludicra
1533 1272 1697 1309 ducebant,
1717 1273 1832 1312 quibus
1852 1272 1945 1303 fidem
1960 1272 2192 1303 adhibuerant:

1238 1313 1292 1344 sed
1337 1318 1445 1345 tamen
1488 1315 1592 1346 adhuc
1632 1316 1745 1347 incerti
1785 1321 1815 1345 et
1856 1315 1943 1345 dubii
1983 1315 2193 1347 fluctuabant.

1239 1355 1364 1387 Deinde
1394 1357 1449 1388 ubi
1478 1359 1653 1397 perfectum
1685 1357 1795 1388 vident
1825 1357 1908 1398 quod
1932 1358 1998 1397 ipse
2022 1357 2085 1388 Dei
2108 1358 2194 1390 filius

1238 1410 1291 1429 ore
1314 1410 1372 1430 suo
1395 1401 1673 1440 pronunciaverat,
1697 1401 1832 1432 credunt
1855 1404 1886 1431 et
1909 1402 1977 1440 ipsa
1995 1401 2195 1439 experientia

1237 1442 1341 1473 edocti
1364 1448 1570 1483 cognoscunt.
1616 1444 1681 1474 Nos
1705 1454 1814 1474 eorum
1838 1444 1934 1483 igitur
1965 1443 2111 1482 exemplo
2133 1443 2195 1474 dis-

1238 1494 1356 1522 camus,
1381 1486 1406 1516 si
1431 1487 1548 1517 fuimus
1572 1486 1737 1522 increduli,
1772 1491 1802 1517 et
1826 1496 1889 1516 non
1913 1496 1981 1516 eam
1996 1485 2058 1516 Dei
2082 1486 2194 1517 volun-

1239 1528 1296 1558 tati
1326 1533 1358 1559 et
1389 1528 1485 1560 verbo
1515 1529 1611 1559 fidem
1643 1535 1675 1560 et
1698 1529 1902 1559 autoritatem
1927 1528 2074 1559 dedimus
2097 1539 2194 1568 quam

1239 1570 1417 1609 debuimus,
1448 1575 1557 1602 tamen
1587 1571 1715 1602 credere
1746 1577 1790 1602 tot
1814 1571 2004 1602 testimoniis
2028 1581 2107 1610 quae
2132 1571 2195 1602 Dei

1238 1613 1324 1644 filius
1344 1614 1502 1645 Dominus
1526 1618 1634 1645 noster
1653 1615 1744 1645 Iesus
1763 1614 1912 1645 Christus
1936 1613 2026 1644 nobis
2049 1613 2193 1645 exhibet:

1238 1660 1269 1687 et
1293 1667 1332 1687 ne
1356 1657 1475 1697 ingrati
1499 1658 1598 1688 simus
1621 1658 1653 1687 in
1684 1656 1866 1696 accipienda
1889 1657 1994 1696 gratia
2017 1667 2112 1696 quam
2138 1668 2195 1687 no-

1238 1699 1285 1730 bis
1308 1699 1418 1730 offert:
1449 1710 1683 1739 caveamusque
1714 1711 1753 1730 ne
1783 1700 1884 1739 ipsius
1908 1699 2136 1739 promissiones
2160 1700 2195 1730 in

1238 1742 1369 1773 dubium
1400 1752 1568 1774 vocemus:
1600 1743 1655 1773 sed
1686 1747 1773 1774 certo
1796 1742 1938 1782 persuasi
1963 1741 2063 1772 simus
2089 1742 2195 1773 Deum

1238 1795 1300 1815 non
1324 1785 1444 1816 frustra
1466 1785 1646 1825 loquutum,
1678 1796 1778 1825 neque
1808 1784 1958 1815 inanibus
1982 1794 2041 1815 nos
2064 1795 2195 1824 pascere

1237 1827 1535 1868 pollicitationibus:
1559 1829 1614 1859 sed
1637 1828 1743 1868 potius
1766 1828 1870 1867 ipsum
1891 1837 2018 1857 omnem
2038 1827 2195 1858 malitiam

1237 1875 1382 1901 nostram
1414 1881 1472 1901 sua
1503 1870 1657 1902 fidelitate
1687 1876 1923 1911 superaturum,
1954 1880 2076 1909 nosque
2107 1870 2132 1900 si
2163 1870 2198 1901 in

1236 1913 1305 1953 ipso
1328 1924 1417 1953 spem
1440 1918 1581 1945 nostram
1602 1914 1802 1953 posuerimus
1821 1914 1853 1943 in
1873 1922 2004 1942 suorum
2026 1922 2197 1944 numerum

1238 1962 1452 1996 recepturum,
1483 1956 1744 1997 quandoquidem
1776 1955 1934 1995 pollicitus
1964 1961 2021 1986 est.
2072 1955 2196 1986 Verum

1238 1999 1404 2030 enimvero
1435 1999 1469 2029 in
1498 2000 1635 2039 speciem
1666 1999 1767 2029 videri
1802 2002 1909 2038 posset
1939 1998 2000 2028 ista
2033 1998 2196 2029 sententia

1238 2041 1365 2082 frigida,
1389 2041 1495 2073 Deum
1520 2053 1583 2073 non
1607 2053 1735 2073 servare
1759 2041 1790 2071 iu
1816 2041 1933 2075 lancea,
1964 2050 2066 2079 neque
2089 2046 2195 2071 scuto:

1238 2085 1292 2116 sed
1324 2088 1447 2115 tantam
1479 2090 1585 2116 tamen
1610 2091 1738 2124 tamque
1762 2084 1893 2115 arduam
1917 2083 2084 2113 scientiam
2109 2094 2196 2114 eom-

1238 2128 1399 2167 pleetitur,
1420 2133 1455 2158 ut
1479 2139 1541 2158 non
1565 2128 1633 2158 sine
1657 2137 1783 2158 summa
1802 2125 1989 2157 difficultate
2008 2126 2040 2155 in
2054 2131 2196 2157 mentem

1240 2171 1415 2201 humanam
1439 2170 1541 2202 cadat.
1586 2170 1638 2209 Et,
1663 2175 1698 2200 ut
1722 2169 1790 2200 heri
1814 2169 1963 2205 diximus,
1994 2179 2058 2198 non
2083 2168 2138 2200 abs
2162 2180 2196 2200 re

1239 2224 1330 2244 sacra
1353 2213 1513 2253 scriptura
1537 2213 1623 2250 dicit,
1655 2212 1761 2243 Deum
1787 2222 1850 2242 non
1875 2210 2025 2242 delectari
2049 2211 2082 2241 in
2107 2211 2196 2251 equis

1239 2266 1344 2296 neque
1367 2256 1398 2286 in
1425 2256 1588 2286 curribus:
1613 2255 1667 2286 sed
1692 2256 1724 2285 in
1747 2255 1787 2285 iis
1810 2254 1863 2293 qui
1887 2254 1991 2293 ipsum
2016 2253 2140 2290 timent,
2164 2259 2196 2285 et

1239 2299 1272 2329 in
1301 2298 1401 2338 ipsius
1430 2299 1646 2330 misericordia
1677 2297 1825 2328 fiduciam
1849 2296 2015 2327 collocant.
2061 2297 2196 2328 Minime

1240 2341 1367 2381 quidem
1398 2342 1486 2381 quasi
1518 2352 1623 2380 equos,
1658 2346 1688 2371 et
1719 2340 1876 2379 reliquum
1907 2342 2109 2379 apparatum,
2140 2340 2196 2379 qui

1240 2385 1279 2415 ab
1307 2384 1376 2423 ipso
1405 2388 1462 2421 est,
1491 2384 1614 2415 reiiciat
1644 2389 1674 2413 et
1703 2382 1912 2413 abominetur.
1966 2381 2076 2419 Quare
2110 2383 2195 2413 enim

1240 2427 1321 2467 equi,
1353 2437 1443 2457 arma
1467 2431 1496 2457 et
1520 2426 1582 2457 alia
1605 2425 1784 2457 istiusmodi
1808 2423 1967 2465 praesidia
1991 2423 2061 2454 Deo
2084 2424 2194 2464 displi-

1239 2473 1356 2507 cerent,
1391 2479 1526 2509 quorum
1557 2469 1626 2508 ipse
1659 2479 1699 2499 ex
1728 2478 1817 2498 mera
1845 2468 1949 2507 gratia
1980 2466 2067 2497 dedit
2101 2478 2194 2498 usum

1240 2511 1446 2543 hominibus?
1479 2511 1560 2550 Quis
1583 2511 1653 2542 Deo
1677 2510 1845 2550 displicere
1869 2509 1987 2540 dixerit
2010 2519 2084 2541 suas
2107 2519 2196 2541 crea-

1240 2560 1336 2591 turas,
1362 2565 1496 2594 quarum
1521 2564 1615 2585 usum
1647 2553 1830 2584 hominibus
1860 2551 2041 2584 concessit?
2087 2552 2196 2591 Quare

1239 2607 1337 2637 quum
1356 2596 1470 2629 dicitur
1483 2596 1573 2627 Deus
1592 2596 1655 2627 illis
1675 2606 1739 2627 non
1763 2595 1923 2633 delectari,
1946 2594 2022 2625 inde
2044 2595 2091 2633 fit,
2111 2595 2195 2635 quod

1239 2640 1385 2671 homines
1410 2644 1534 2671 tantum
1558 2639 1621 2671 illis
1646 2639 1790 2670 tribuant
1812 2643 1849 2669 ut
1872 2637 1909 2669 de
1934 2637 1995 2669 Dei
2019 2637 2123 2678 gloria
2145 2638 2196 2670 de-
