2551 3044
372 198 429 228 167
1181 194 1384 227 HOMILIA
1409 193 1534 226 LVIII.

371 291 525 331 aspiciunt
558 291 696 321 ιιι·ίιιίιηι
724 300 802 329 quae
832 293 875 322 est
908 291 938 322 in
973 291 999 321 Ιι
1004 289 1156 321 minibus.

373 334 477 364 verbis
498 332 635 363 ostendit
656 343 673 363 a
687 331 756 363 Deo
776 343 833 364 nos
853 334 964 372 amari,
991 344 1050 364 uon
1078 339 1206 372 propter
1230 331 1327 362 ullam
1355 362 1357 372 ⁴

372 378 524 407 virtutem
544 386 606 415 qua
626 375 817 414 polleamus;
837 387 910 406 nam
931 377 1001 407 licet
1022 383 1154 406 externa
1173 373 1329 414 quaedam

371 419 494 459 speeies
518 418 720 457 perfectiouis
745 427 907 458 appareat,
943 428 1048 450 tamen
1073 416 1149 458 quid
1173 416 1257 447 aliud
1283 423 1330 448 est
1356 441 1357 450 ,

372 463 403 492 in
429 461 490 491 Dei
513 468 686 500 conspectu
710 471 803 500 quam
829 462 968 492 vitium?
1014 461 1096 492 Nam
1125 465 1179 489 aut
1210 459 1331 499 duplici

372 504 464 536 eorde
496 503 688 537 laboramus.
716 511 770 534 aut
800 503 936 544 gloriam
961 504 1000 535 ab
1025 502 1208 534 hominibus
1232 512 1330 532 vena-

373 557 454 582 mur,
479 554 534 576 aut
557 545 720 585 obliquum
746 547 851 578 nescio
875 557 970 586 quem
994 546 1090 577 alium
1112 546 1209 576 finem
1234 545 1331 585 respi-

372 590 481 626 cimus,
513 596 564 618 aut
599 598 662 618 non
694 588 830 629 simplex
861 591 921 620 erit
946 589 1014 620 Deo
1038 588 1182 629 placendi
1208 587 1330 618 deside-

374 633 466 663 rium.
512 630 620 670 Quare
650 631 676 661 si
701 630 771 662 Deo
801 632 885 671 grati
915 639 947 662 et
977 632 1094 672 accepti
1127 640 1204 667 esse,
1239 630 1331 670 cique

373 675 495 707 cultum
531 680 675 704 nostrum
710 674 838 713 probari
873 675 1035 712 volumus,
1070 674 1143 704 hinc
1176 673 1331 704 faciamus

374 718 511 752 initium,
545 722 577 746 ut
609 726 723 756 nempe
752 717 856 748 cordis
888 718 988 748 nostri
1013 716 1189 757 penetralia
1213 722 1332 746 scrute-

373 771 453 796 mur,
477 765 509 790 et
531 758 570 789 ad
591 759 697 798 ipsum
720 760 789 790 sine
812 760 883 791 fuco
902 767 932 790 ct
953 759 1117 791 mendacio
1131 758 1329 789 accedamus.

374 803 468 833 Hauc
492 802 530 832 ob
555 812 683 833 causam
714 802 906 842 scripturam
939 803 1093 835 videmus.
1127 807 1330 832 ostensuram

374 857 434 885 qut·
459 845 488 874 in
517 854 549 874 re
569 844 671 884 posita
690 845 730 874 sit
750 844 878 876 divinae
898 846 977 886 legis
998 845 1157 885 perfectio,
1182 854 1331 875 revocare

373 888 518 919 homines
541 887 580 917 ad
604 887 737 918 affectus
769 893 800 918 et
832 888 1051 929 cogitationes,
1082 887 1331 928 praecipientem

374 931 479 961 Deum
503 930 604 960 amari
629 941 667 960 ex
693 936 759 960 toto
781 931 884 965 corde.
910 937 974 961 tota
993 931 1186 971 cogitatione
1206 935 1237 960 et
1256 930 1332 960 totis

375 972 497 1003 viribus
522 979 551 1001 et
577 972 753 1003 intellectu.
802 973 883 1012 Quid
913 975 1003 1012 euim,
1035 974 1137 1013 inquit.
1162 973 1250 1003 Deus
1276 982 1332 1011 per

374 1016 505 1047 Mosen:
530 1014 685 1046 Dominus
697 1014 784 1046 Deus
801 1018 874 1047 tuus
886 1017 962 1055 petit
984 1027 1003 1047 α
1027 1020 1060 1052 te,
1086 1015 1147 1046 nisi
1170 1017 1202 1045 ut
1224 1015 1332 1046 timeas

372 1058 541 1090 Dominum
570 1056 673 1088 Deum
695 1060 790 1094 tuum,
824 1061 850 1089 et
879 1058 1015 1090 ambules
1044 1059 1072 1089 in
1107 1059 1168 1089 viis
1197 1058 1271 1094 eius,
1305 1059 1333 1088 et

372 1103 492 1132 servias
515 1099 650 1130 Domino
674 1099 739 1131 Deo
760 1103 810 1131 tuo
835 1101 866 1131 in
888 1104 947 1132 toto
969 1101 1056 1133 corde
1078 1104 1136 1136 tuo,
1169 1103 1194 1130 et
1218 1101 1249 1131 in
1272 1102 1333 1131 tota

373 1144 480 1174 anima
501 1142 581 1173 tua?
624 1142 673 1173 Ex
698 1143 814 1182 quibus
837 1150 969 1183 apparet
994 1154 1105 1174 verum
1129 1143 1185 1174 Dei
1209 1142 1332 1174 cult-um

373 1187 404 1217 in
437 1185 553 1216 affectu
584 1185 737 1216 interiore
767 1185 869 1216 cordis
899 1198 967 1217 esse
1002 1187 1147 1225 pesitum.
1201 1186 1242 1216 Et
1273 1185 1332 1216 hoc

374 1229 479 1268 ipsum
503 1227 594 1259 docet
608 1227 780 1259 Psalmista
799 1228 837 1259 de
856 1229 978 1260 sincero
992 1229 1051 1259 Dei
1075 1229 1160 1260 cultu
1186 1229 1328 1268 loquens.

377 1271 462 1310 Quis,
497 1270 621 1310 inquit,
654 1280 778 1302 sacrum
810 1274 937 1302 montem
972 1272 1103 1303 Domini
1135 1270 1330 1302 conscendet?

378 1314 454 1353 (guis
477 1313 509 1343 in
529 1322 562 1344 eo
583 1312 739 1347 habitabit„
775 1314 846 1353 quis
875 1315 1060 1354 inqredietzcr
1083 1314 1212 1345 Domini
1241 1323 1330 1345 sanc-

373 1355 535 1387 tuarium?
581 1354 678 1386 Homo
701 1365 805 1394 purus
832 1359 988 1396 rectusque
1020 1357 1106 1387 corde
1128 1359 1153 1387 et
1176 1356 1328 1388 manibus.

373 1399 492 1430 Manus
521 1397 649 1438 quidem
680 1397 729 1428 hic
760 1408 832 1429 cum
863 1399 957 1430 corde
990 1400 1138 1439 coniungi
1174 1399 1329 1436 videmus,

373 1441 455 1482 quod
480 1441 631 1471 nimirum
656 1441 798 1480 singulas
823 1441 907 1472 vitae
932 1451 1057 1473 nostrae
1076 1443 1216 1473 actiones
1236 1452 1328 1481 opor-

375 1489 440 1515 teat
469 1493 540 1514 cum
573 1483 667 1514 corde
696 1485 883 1515 consentire.
929 1484 994 1515 Sed
1025 1485 1049 1515 si
1073 1485 1204 1524 pedibus
1228 1484 1329 1515 mani-

375 1527 496 1566 busque
518 1531 550 1556 et
573 1526 720 1556 omnibus
742 1527 883 1558 externis
905 1528 1082 1558 actionibus
1115 1528 1159 1558 sie
1188 1529 1330 1557 feramur

374 1571 405 1601 in
432 1569 492 1599 Dei
517 1568 648 1604 cultum
682 1573 715 1598 ut
747 1569 826 1599 nihil
858 1570 974 1610 requiri
1007 1581 1096 1610 posse
1122 1570 1266 1600 videatur
1290 1569 1329 1600 ad

373 1612 611 1652 perfectionem
643 1617 747 1641 tamen
782 1612 841 1643 uisi
871 1623 910 1643 ex
942 1613 1065 1643 sincero
1090 1613 1182 1643 eorde
1206 1623 1329 1652 proma—

373 1661 459 1689 nent,
485 1653 563 1684 nihil
589 1653 650 1684 nisi
676 1664 778 1694 nugae
808 1660 839 1685 et
866 1655 996 1686 inutiles
1029 1655 1245 1686 caeremoniae
1269 1654 1329 1686 diei

377 1696 502 1728 debent.

459 1738 690 1780 Expendamus
715 1739 863 1779 deinceps
887 1739 1018 1780 reliqua,
1043 1741 1159 1780 quibus
1184 1740 1332 1771 dicuntur

373 1782 429 1813 filii
460 1781 523 1812 Isai
554 1792 664 1812 omnes
695 1780 840 1813 Samueli
871 1781 979 1817 oblati,
1009 1783 1064 1814 sed
1097 1784 1330 1823 primogenitus

375 1826 510 1856 reiectus
534 1831 564 1856 et
595 1824 784 1863 reprobatus
808 1834 826 1855 a
852 1825 1000 1864 Domino,
1032 1826 1209 1866 caeterique
1241 1826 1329 1857 ‹lein-

374 1878 447 1907 ceps
482 1878 544 1898 non
575 1867 676 1898 electi.
724 1867 835 1907 Neque
869 1878 944 1898 vero
977 1867 1054 1899 haec
1082 1869 1257 1908 reprobatio
1282 1874 1330 1899 cst

375 1909 584 1950 intelligenda
614 1916 767 1949 tanquam
796 1910 989 1941 universalis
1021 1911 1177 1951 quaedam
1209 1922 1226 1942 a
1261 1911 1328 1942 Deo

373 1953 520 1984 reiectio:
550 1953 605 1983 sed
636 1963 654 1983 a
677 1953 764 1992 regia
787 1953 942 1993 dignitate
971 1953 1102 1985 deiectio
1134 1959 1164 1984 et
1193 1954 1327 1993 repulsa.

375 1995 505 2035 Duplex
530 1996 614 2026 enim
639 2002 687 2026 est
711 1996 771 2026 Dei
795 1995 924 2027 electio:
945 2006 1078 2036 quorum
1103 1996 1203 2027 altera
1227 1996 1327 2027 fideli-

374 2038 433 2069 bus
456 2038 605 2069 omnibus
629 2043 676 2068 est
699 2038 889 2074 communis,
920 2048 982 2078 qua
1012 2039 1043 2069 in
1074 2046 1222 2070 aeternae
1248 2040 1329 2070 vitae

375 2080 603 2111 haereditatem
634 2080 845 2121 adoptantur:
876 2081 986 2112 foedus
1016 2081 1101 2112 enim
1132 2082 1259 2112 Domini
1291 2083 1327 2112 ad

373 2123 501 2163 singula
536 2123 688 2154 ecelesiae
729 2123 888 2162 membra,
928 2124 1146 2164 cuiuscunque
1179 2124 1231 2154 illa
1266 2124 1329 2155 sint

374 2166 496 2202 aetatis,
521 2176 627 2198 sexus,
658 2166 848 2197 conditionis
871 2167 940 2198 sine
970 2168 1157 2207 exceptione
1181 2167 1327 2206 pertinet.

375 2209 485 2240 Altera
511 2219 584 2239 vero
608 2209 783 2249 singularis
808 2214 864 2244 est,
888 2219 990 2248 quum
1014 2209 1102 2241 Deus
1125 2209 1263 2249 aliquem
1290 2209 1328 2240 ad

373 2252 569 2283 functionem
594 2252 731 2290 aliquam
757 2252 916 2292 privatam
949 2258 1049 2292 vocat,
1083 2262 1183 2292 eoque
1207 2251 1246 2282 ad
1272 2252 1329 2282 hoc

374 2294 422 2325 vel
448 2293 524 2324 illud
557 2294 770 2324 ministerium
803 2295 912 2325 utitur.
958 2294 1013 2326 Sic
1042 2295 1146 2335 inquit
1169 2294 1328 2325 Dominus

374 2344 481 2367 noster
504 2336 594 2367 Iesus
619 2335 787 2368 Christus:
820 2337 886 2368 Vos
919 2348 982 2368 non
1012 2348 1062 2368 me
1091 2337 1243 2377 elegistis,
1273 2337 1328 2367 sed

373 2390 432 2419 ego
469 2390 522 2409 vos
550 2379 640 2420 elegi.
676 2390 790 2419 nempe
816 2379 854 2410 ad
884 2380 1078 2419 apostolatus
1104 2379 1327 2411 ministerium.

376 2422 446 2453 Etsi
479 2422 563 2452 enim
596 2432 634 2453 ex
666 2421 834 2461 adoptione
869 2423 970 2453 vocati
1000 2428 1075 2454 sunt
1104 2423 1142 2454 ad
1164 2425 1328 2453 aeternam

377 2465 510 2495 salutem
543 2465 685 2503 apostoli,
715 2464 769 2495 illa
800 2471 906 2496 tamen
937 2465 1049 2496 electio
1078 2464 1255 2506 pertinebat
1289 2465 1329 2495 ad

376 2507 537 2547 singulare
561 2507 638 2538 illud
659 2507 852 2547 apostolatus
867 2518 983 2539 munus
1002 2514 1034 2539 et
1052 2509 1202 2540 officium.
1238 2507 1328 2538 Elec-

377 2550 493 2580 tionem
522 2554 628 2580 autem
659 2550 697 2580 ad
728 2549 862 2581 salutem
897 2556 1019 2590 oportet
1046 2562 1115 2583 esse
1144 2552 1267 2582 firmam
1299 2554 1330 2580 et

377 2591 616 2626 immutabilem.
640 2601 711 2623 cum
735 2603 797 2632 qua
821 2592 902 2624 nihil
921 2593 1015 2625 habet
1033 2604 1200 2626 commune
1219 2593 1329 2624 electio

379 2633 433 2664 illa
456 2633 494 2664 ad
518 2634 694 2674 quamlibet
715 2635 915 2676 dignitatem.
962 2636 1072 2677 Neque
1102 2637 1187 2668 enim
1211 2636 1329 2667 discre-

2283 195 2343 227 168

1202 288 1357 333 Quibus
1354 292 1356 309 ¹
1382 297 1457 329 pant
1483 289 1565 320 inter
1588 299 1622 320 se
1645 288 1683 320 ad
1707 298 1841 330 magnos
1864 289 2004 320 honores
2027 288 2130 323 evehi.
2155 294 2186 319 et
2204 300 2342 330 pravum

1382 342 1459 367 esse,
1491 331 1545 363 sed
1576 331 1614 362 ad
1648 331 1746 362 vitam
1777 338 1941 363 aeternam
1972 331 2110 363 electum
2135 341 2214 370 esse,
2235 338 2267 363 et
2292 344 2340 364 re-

1383 375 1515 414 probum
1539 384 1609 405 esse
1631 381 1717 405 stare
1739 375 1833 405 simul
1858 374 1947 405 nullo
1970 374 2065 405 modo
2089 381 2232 422 possunt.
2279 375 2341 407 Hic

1383 417 1482 457 igitur
1511 427 1609 456 quum
1641 417 1829 458 reprobatus
1865 417 1983 448 «licitur
2017 417 2254 457 primogenitus
2287 417 2341 448 ille

1382 459 1457 500 Isai,
1482 470 1544 490 non
1565 459 1757 500 intelligitur
1775 470 1793 490 a
1812 470 1867 500 spe
1886 460 1999 491 salutis
2019 466 2170 490 aeternae
2189 459 2341 499 deiectus,

1383 509 1413 532 et
1436 512 1454 532 a
1477 501 1548 533 Deo
1571 502 1819 534 condemnatus:
1852 513 1953 543 neque
1983 503 2068 533 enim
2093 502 2189 533 ullius
2211 502 2342 534 sceleris

1383 550 1439 576 aut
1462 544 1645 576 rebellionis
1668 544 1851 584 damnatur,
1874 545 1929 576 sed
1953 545 1992 575 ab
2011 545 2065 576 illa
2084 545 2240 586 singulari
2260 545 2341 577 elec-

1383 588 1471 618 tione
1506 589 1538 618 in
1572 587 1694 627 regiam
1732 587 1921 629 dignitatem
1956 588 2104 627 repulsus
2139 588 2340 628 intelligitur,

1382 640 1464 670 quae
1492 630 1607 661 Davidi
1632 629 1693 660 Dei
1718 630 1884 661 voluntate
1907 630 2105 661 servabatur.
2152 631 2201 661 Ex
2226 631 2341 670 quibus

1382 672 1628 707 observandum,
1659 673 1764 703 Deum
1789 680 2031 713 promoventtm
2057 673 2212 704 Davidem
2237 673 2341 706 adhuc

1383 726 1517 755 puerum
1541 722 1573 746 et
1594 714 1765 755 opilionem
1784 715 1823 746 ad
1843 716 1963 755 regiam
1984 716 2186 756 dignitatem,
2205 717 2340 748 caeteris

1384 758 1538 789 fiatribus
1562 758 1694 795 reiectis,
1719 767 1775 790 nos
1793 758 1906 789 docere
1926 759 1994 788 fieri
2017 769 2055 790 ex
2076 758 2176 798 ipsius
2198 760 2341 798 gratuita

1384 801 1524 832 bonitate
1558 800 1641 840 quod
1678 811 1733 832 nos
1766 808 1875 841 gratos
1909 806 1939 831 et
1969 806 2114 841 acceptos
2146 800 2278 832 habeat:
2309 808 2341 832 et

1384 843 1462 874 nihil
1488 843 1596 874 deberi
1621 844 1733 874 merito
1757 851 1867 875 nostro
1898 843 1979 883 quod
2011 843 2085 874 huic
2109 843 2158 873 vel
2182 843 2227 874 illi
2251 854 2340 883 prae-

1383 886 1542 921 feramur.
1585 885 1842 926 quandoquidem
1877 886 1917 917 ab
1948 887 2050 926 ipsius
2090 886 2157 917 sola
2198 886 2339 918 bonitate

1384 934 1561 968 promanat.
1602 929 1708 969 Regni
1731 929 1858 968 quidem
1885 929 1934 960 hic
1957 930 1994 960 fit
2017 929 2154 960 mentio:
2178 928 2233 959 sed
2257 929 2340 969 quod

1383 971 1445 1002 suit
1475 971 1579 1012 figura
1606 972 1782 1011 spiritualis
1811 972 1896 1002 illius
1927 971 2011 1012 quod
2037 971 2199 1002 Dominus
2230 982 2338 1003 noster

1383 1014 1474 1046 Iesus
1502 1014 1654 1046 Christus
1685 1019 1753 1045 erat
1782 1025 1838 1045 suo
1869 1020 2015 1054 tempore
2045 1021 2244 1054 accepturus.
2297 1015 2340 1046 Et

1382 1068 1462 1097 quae
1491 1057 1529 1088 de
1569 1057 1719 1088 unctione
1753 1056 1920 1093 dicuntur,
1955 1056 1994 1088 ad
2027 1057 2154 1098 singula
2189 1057 2340 1090 ecclesiae

1383 1101 1527 1131 membra
1567 1100 1739 1140 pertinent.
1795 1100 1871 1130 Fuit
1905 1101 2005 1140 igitur
2039 1099 2145 1131 David
2186 1108 2339 1140 tanquam

1384 1143 1459 1173 viva
1489 1144 1594 1183 imago
1626 1142 1758 1173 Domini
1789 1143 1889 1173 nostri
1919 1142 1990 1173 Iesu
2019 1142 2151 1173 Christi.
2203 1141 2266 1174 Sed
2298 1153 2339 1174 an

1383 1186 1518 1226 insignis
1541 1185 1649 1225 aliqua
1668 1184 1808 1226 dignitas
1826 1191 1858 1216 et
1877 1186 1982 1216 virtus
2000 1195 2072 1215 eum
2093 1185 2339 1224 commendavit,

1382 1229 1513 1268 eiusque
1554 1228 1742 1259 electionem
1778 1227 1960 1268 promovit?
2014 1228 2149 1259 Minime
2183 1229 2339 1268 gentium.

1384 1270 1477 1308 Nam,
1502 1276 1536 1301 ut
1561 1270 1710 1309 vidimus,
1735 1271 1878 1302 abiectus
1901 1275 1970 1301 erat
1994 1270 2099 1301 David
2122 1277 2153 1300 et
2176 1279 2340 1312 contemp-

1385 1319 1436 1344 tus
1468 1315 1552 1344 inter
1582 1314 1713 1344 fratres:
1748 1324 1882 1354 quornm
1914 1320 2022 1344 tamen
2051 1315 2086 1344 fit
2110 1320 2205 1353 «aput
2229 1319 2261 1344 et
2284 1314 2338 1345 do-

1384 1357 1500 1387 minus.
1548 1355 1584 1388 Si
1615 1357 1686 1395 quis
1714 1357 1854 1396 excipiat
1876 1355 2035 1387 Davidem
2060 1366 2164 1386 coram
2190 1355 2261 1387 Deo
2284 1367 2338 1388 cor

1384 1400 1545 1440 integrum
1577 1398 1742 1434 habuisse,
1771 1404 1801 1430 et
1832 1399 1961 1439 quidem
1992 1400 2091 1439 ipsius
2115 1398 2247 1429 Domini
2270 1410 2341 1430 sen-

1384 1443 1500 1472 tentia:
1531 1452 1649 1481 quaero
1674 1442 1832 1472 vicissim:
1863 1441 1892 1472 A
1916 1451 1978 1481 quo
2002 1442 2158 1481 acceperit
2183 1452 2236 1472 cor
2260 1441 2337 1473 illud

1383 1484 1524 1524 purum?
1570 1484 1681 1524 Neque
1705 1486 1789 1515 enim
1814 1495 1832 1515 a
1855 1495 1889 1515 se
1911 1485 1981 1524 ipsu
2006 1484 2131 1514 habuit:
2156 1494 2258 1523 neque
2281 1484 2338 1515 ali-

1383 1538 1443 1567 qua
1469 1528 1588 1558 virtute
1619 1527 1679 1557 fuit
1709 1538 1784 1567 prae
1816 1528 1966 1558 fratribus
1997 1527 2142 1567 insignis.
2188 1527 2280 1565 Quod
2311 1529 2336 1558 si

1356 1590 1357 1594 ,
1383 1571 1452 1610 quis
1483 1581 1556 1600 eum
1588 1570 1678 1601 liberi
1708 1570 1833 1600 arbitrii
1866 1570 1988 1600 viribus
2014 1570 2221 1609 acquisivisse
2245 1570 2337 1608 dicat,

1382 1624 1459 1644 sane
1493 1613 1633 1644 fateatur
1667 1619 1791 1652 oportet
1830 1624 1870 1643 ex
1909 1620 2058 1652 corrupto
2099 1619 2130 1643 et
2170 1612 2338 1644 maledicto

1384 1656 1498 1687 Adami
1518 1655 1640 1686 semine
1667 1656 1886 1696 progenitum:
1913 1665 1948 1686 ac
1969 1655 2100 1695 proinde
2121 1666 2182 1686 nou
2197 1657 2337 1695 potuisse

1382 1698 1440 1729 sibi
1466 1704 1587 1729 rectum
1612 1698 1760 1729 affectum
1786 1698 1870 1735 dare,
1893 1708 1954 1738 quo
1977 1698 2015 1728 ad
2036 1698 2140 1728 Deum
2165 1698 2337 1737 accederet,

1381 1741 1435 1772 sed
1461 1752 1478 1772 a
1498 1741 1568 1772 Deo
1592 1741 1651 1781 ipsi
1676 1741 1784 1771 datum
1809 1747 1840 1771 et
1862 1741 1894 1771 in
1918 1741 1987 1780 ipso
2010 1740 2192 1771 formatum.
2226 1740 2337 1780 Quare

1383 1795 1457 1815 vero
1487 1783 1578 1814 Deus
1609 1794 1670 1814 non
1703 1783 1776 1814 feeit
1809 1794 1882 1814 eum
1913 1784 2052 1823 primum
2085 1782 2193 1814 nasci?
2239 1795 2337 1823 quare

1383 1828 1630 1867 primogenitum
1650 1826 1823 1857 liberorum
1837 1826 1901 1857 Isat
1920 1836 1982 1856 nou
2002 1827 2128 1856 ornavit
2149 1826 2186 1857 iis
2205 1826 2338 1866 spiritus

1382 1869 1472 1900 donis
1516 1869 1632 1909 quibus
1676 1875 1796 1899 tantam
1842 1869 2028 1909 dignitatem
2075 1869 2335 1908 promereretur?

1381 1912 1505 1953 Nempe
1535 1912 1594 1944 hac
1625 1912 1748 1942 ratione
1777 1922 1903 1942 omnem
1927 1911 2108 1951 superbiam
2132 1917 2163 1942 et
2186 1922 2336 1952 arrogan-

1381 1956 1458 1986 tiam
1496 1954 1582 1985 Deus
1618 1955 1687 1985 vult
1710 1954 1856 1996 ⁴deiicere
1890 1961 1921 1985 et
1953 1961 2162 1993 prosternere,
2198 1960 2233 1985 ιιι
2267 1954 2336 1986 Deo

1379 1997 1533 2038 quosdam
1567 1998 1605 2028 ad
1641 2008 1782 2028 summos
1818 1997 1953 2028 honores
1987 1996 2160 2036 evehente,
2201 1996 2335 2037 gloriam

1380 2051 1506 2071 omnem
1531 2040 1587 2071 soli
1612 2040 1656 2071 illi
1682 2040 1823 2071 tribuere
1847 2039 2014 2071 discamus.
2053 2039 2171 2078 Quare.
2195 2039 2336 2079 obsecro,

1383 2084 1470 2114 Deus
1494 2083 1644 2114 Iacobum
1670 2083 1773 2123 potius
1797 2093 1890 2122 quam
1913 2082 2055 2113 Esavum
2080 2081 2197 2122 elegit?
2222 2082 2336 2115 Nonne

1380 2131 1505 2166 poterat
1536 2126 1663 2157 efficere
1695 2132 1730 2156 ut
1753 2125 1888 2157 Iacobus
1917 2130 1998 2156 esset
2030 2124 2273 2165 primogenitus,
2304 2132 2335 2157 et

1381 2170 1423 2199 ita
1458 2176 1590 2200 naturae
1618 2168 1695 2200 ordo
1726 2176 1759 2199 et
1788 2167 1928 2209 dignitas
1961 2167 2164 2198 servaretur?
2212 2167 2334 2199 Verum

1380 2213 1437 2242 etsi
1470 2211 1579 2242 fratris
1609 2211 1708 2242 talum
1741 2210 1962 2251 prehenderet.
1996 2211 2251 2250 primogenitura
2285 2222 2335 2243 re-

1381 2254 1491 2293 pulsus
1515 2262 1578 2285 est:
1610 2265 1704 2294 quam
1736 2253 1850 2284 deinde
1873 2260 1984 2285 contra
2007 2259 2154 2283 naturam
2179 2259 2210 2284 et
2233 2254 2334 2285 admi-

1381 2296 1471 2327 rabili
1496 2298 1617 2327 ratione
1642 2299 1850 2337 recuperavit.
1894 2295 2011 2335 Quare,
2043 2296 2184 2336 inquam,
2207 2297 2266 2327 ista
2289 2297 2335 2329 sic

1380 2339 1604 2388 contigerunt?
1649 2339 1772 2379 Nempe
1803 2345 1838 2370 ut
1866 2338 1905 2369 de
1935 2338 2024 2370 donis
2047 2348 2127 2377 quae
2152 2338 2211 2369 Dei
2235 2350 2333 2371 manu

1380 2382 1552 2422 accipimus
1576 2350 1752 2431 loquentesp
1758 2381 1916 2413 discamus
1938 2390 2035 2420 supra
2054 2381 2207 2412 mundum
2228 2382 2332 2422 ipsum

1379 2425 1496 2463 efferri,
1519 2432 1550 2456 et
1573 2425 1611 2456 ad
1636 2426 1739 2465 ipsum
1760 2435 1858 2455 unum
1879 2424 2029 2455 bonorum
2050 2425 2194 2454 omnium
2214 2424 2333 2456 fontem

1380 2477 1554 2507 assumere
1602 2467 1722 2499 Eadem
1747 2468 1828 2498 ratio
1850 2473 1898 2498 est
1920 2467 2057 2497 ΕΙίοιιιιιι
2084 2466 2226 2507 Iosephi:
2256 2479 2333 2508 quo-

1380 2520 1450 2540 rum
1476 2511 1706 2550 primogenitus
1730 2510 1843 2541 minori
1867 2509 2082 2550 postponitur:
2108 2509 2223 2541 Nonne
2246 2511 2331 2542 euim

1382 2551 1467 2583 Deus
1497 2559 1623 2592 poterat
1651 2554 1785 2589 efficere,
1817 2559 1850 2583 ut
1880 2552 2001 2592 primus
2032 2560 2216 2584 nasceretur
2238 2563 2331 2593 quem

1381 2594 1471 2625 alteri
1502 2606 1698 2636 praeponere
1727 2595 1862 2627 volebat.
1908 2593 1972 2626 Sed
2004 2595 2105 2625 voluit
2135 2595 2248 2626 ordine
2277 2607 2332 2628 na-

1381 2642 1470 2667 turae
1494 2638 1676 2670 inferiorem
1699 2649 1778 2677 esse,
1812 2648 1905 2678 quem
1935 2643 2041 2668 tamen
2067 2637 2275 2670 nihilominus
2298 2639 2331 2669 in
