2551 3044
130 193 191 224 393

133 288 244 320 fecerit
268 286 383 326 David,
415 285 540 326 quando
571 284 683 315 esuriit
713 284 780 323 ipse
812 290 842 314 et
867 284 921 323 qui
951 294 1021 314 cum
1055 295 1091 315 eo
1117 306 1118 316 t

133 335 234 368 erant,
267 328 422 370 quomodo
453 327 585 369 iutravit
614 327 646 357 in
677 327 805 357 domum
838 326 901 356 Dei
931 332 963 356 et
992 337 1091 366 panes
1117 333 1118 363 j

133 372 360 413 propositionis
388 370 532 406 comedit¹
567 380 644 409 quos
679 379 741 399 non
778 368 894 400 licebat
928 369 956 398 ei
987 368 1090 405 edere,

1117 418 1118 422 ’
1144 414 1291 443 neficium
1317 419 1347 444 et
1372 414 1547 445 liberalitas
1568 426 1586 446 a
1609 415 1802 455 legislat‹1›ris
1822 425 1901 455 pura
1927 415 2108 446 intentione

1118 485 1119 491 ,
1144 465 1289 487 manans.

1117 502 1118 507 ¹
1144 504 1212 528 stus
1237 499 1281 528 ait
1306 509 1366 529 non
1393 499 1519 530 licuisse
1543 499 1662 530 Davidi
1687 500 1725 530 dc
1750 499 1886 539 panibus
1919 499 1981 530 illis
2005 499 2108 537 edere,

133 426 238 456 neque
261 415 306 445 eis
329 414 382 453 qui
402 423 472 444 cum
493 423 529 443 eo
548 418 648 448 orant,
674 411 734 442 nisi
755 411 829 442 solis
849 411 1090 442 sacerdotibus?

133 458 171 490 In
195 468 256 497 quo
279 462 386 487 tamen
418 466 436 486 a
460 455 527 485 Deo
559 464 623 484 non
653 460 701 484 est
731 454 956 493 reprehensus.

133 508 164 532 et
189 500 346 530 Dominus
381 503 488 529 noster
511 497 601 527 Iesus
625 496 775 527 Christus
806 507 951 527 summus
983 507 1090 527 rerum

133 543 228 574 iudex
253 546 284 572 et
305 541 423 572 arbiter
446 550 499 570 ore
523 540 651 579 proprio
674 538 835 569 Davidem
862 539 1008 570 absolvit.
1046 541 1091 571 Ac

133 584 266 626 proinde
296 583 515 623 quaestionem
548 592 675 612 omnem
711 581 764 613 hic
798 581 867 612 tolli
899 587 1025 621 oportet
1054 584 1119 616 det,

132 638 194 668 qua
216 627 350 666 ipsemet
373 625 532 655 Dominus
556 629 666 654 noster
690 624 782 655 Iesus
806 624 968 660 Christus,
993 635 1091 664 penes
1118 644 1120 652 ι

130 680 223 710 quem
247 678 373 699 summa
396 667 550 698 autoritas
581 672 637 705 est,
672 666 867 698 sententiam
899 667 982 697 tulit.
1027 666 1089 698 Sed

130 722 189 753 age
222 721 284 751 quo
318 710 528 741 fundamento
562 709 685 740 nitatur
719 710 787 749 ipse
817 709 908 741 Iesus
939 709 1091 740 Christus

130 753 358 794 expendamus.
399 752 570 783 Rationem
594 752 680 782 enim
704 752 801 789 addit,
826 752 900 792 quia
922 751 1012 782 filius
1036 753 1090 783 ho-

130 797 227 828 minis
257 796 405 827 dominus
438 800 485 825 est
518 795 613 825 etiam
646 794 803 831 sabbathi,
838 795 954 835 quibus
986 795 1091 826 verbis

129 839 249 871 indicat
281 838 472 870 sabbathum
507 837 665 868 indictum
705 838 803 869 fuisse
838 844 872 868 ut
907 837 1118 870 hominibus.

1117 881 1272 912 lmodum
1316 883 1455 922 exempli
1496 883 1600 923 gratia
1643 894 1704 914 non
1746 883 1835 914 licuit
1874 883 1924 913 die
1959 883 2107 914 sabbathi

129 883 273 918 serviret,
308 886 340 912 ct
372 880 488 912 idcirco
522 879 632 911 fideles
660 880 854 911 sabbathum
885 880 1092 911 observantes

129 931 281 964 tanquam
315 923 377 954 Dei
407 923 489 954 filios
524 933 586 953 non
622 923 655 953 in
691 934 760 954 eam
795 924 865 962 cogi
900 923 1117 958 servitutem,

130 968 206 1008 quin
231 967 409 997 libertatem
435 966 573 996 babeant
603 965 739 996 faciendi
770 966 801 996 id
826 965 911 1005 quod
943 966 1091 996 instituto

130 1009 321 1051 legislatoris
345 1019 406 1039 non
432 1015 601 1048 repugnet.
646 1008 716 1039 Iam
749 1009 848 1048 igitur
871 1008 1091 1048 expendamus

129 1063 186 1083 cur
210 1052 368 1083 Dominus
391 1050 609 1091 prohibuisset
632 1062 732 1091 panes
764 1053 841 1083 istos
864 1051 1091 1091 propositionis

130 1094 252 1126 comedi
275 1105 293 1125 a
318 1094 421 1134 vulgo,
447 1096 500 1124 sed
526 1099 652 1125 tantum
677 1105 695 1124 a
714 1094 942 1133 sacerdotibus,
966 1099 997 1124 et
1021 1094 1091 1134 qui-

130 1139 200 1169 dem
220 1137 309 1168 velut
327 1147 346 1167 a
363 1137 524 1168 communi
545 1137 611 1167 vita
631 1138 797 1176 separatis,
822 1137 985 1168 voluisset.
1020 1136 1089 1167 Iam

130 1185 204 1211 ante
226 1180 323 1211 finem
346 1179 425 1219 legis
448 1180 541 1210 istius
565 1180 774 1217 ostendimus,
805 1190 904 1220 panes
934 1179 1090 1210 nimirum

128 1221 355 1263 propositionis
385 1222 508 1253 oblatos
537 1228 569 1253 et
598 1223 631 1253 in
662 1233 773 1253 mensa
798 1223 972 1254 sanctuarii
997 1232 1089 1262 repo-

129 1266 216 1306 sitos,
246 1272 280 1296 ut
310 1265 406 1295 huius
438 1276 566 1296 mensae
595 1272 725 1296 sanctae
750 1266 869 1296 virtute
893 1272 924 1296 et
947 1265 1089 1296 efficacia

127 1308 281 1348 reliquiae
313 1307 420 1348 populi
445 1307 582 1339 bibentis
618 1314 649 1338 et
678 1308 802 1339 edentis
834 1319 964 1340 mensae
986 1308 1087 1339 veluti

126 1350 189 1382 Dei
211 1351 391 1390 praesentis
415 1351 581 1382 maiestate
605 1351 891 1382 sanctificarentur.
937 1351 1040 1382 Porro
1060 1351 1087 1382 si

127 1403 224 1433 panes
246 1393 292 1423 illi
317 1393 542 1433 propositionis
565 1394 618 1433 qui
643 1394 838 1425 tollebantur
864 1405 880 1425 e
904 1394 1086 1425 sanctuario

123 1435 270 1467 omnibus
301 1436 370 1466 sine
403 1436 588 1468 discrimine
618 1437 651 1466 in
683 1447 776 1468 usum
809 1437 988 1474 cessissent,
1023 1447 1086 1467 non

124 1478 181 1510 tali
200 1479 383 1510 reverentia
402 1489 465 1518 qua
489 1490 547 1519 par
565 1486 634 1510 erat
653 1481 844 1520 mysterium
865 1480 945 1511 illud
965 1479 1087 1510 Paulus

125 1526 296 1553 veneratus
319 1521 439 1558 fuisset,
464 1528 496 1553 et
520 1533 584 1552 non
603 1523 798 1562 cogitassent
817 1523 856 1553 de
876 1523 945 1553 Deo
965 1523 998 1553 in
1018 1522 1087 1553 cibo

125 1570 157 1595 et
179 1570 256 1604 potu
279 1564 497 1605 glorificando.
543 1567 590 1597 Ac
620 1565 755 1605 proinde
785 1566 914 1606 impura
943 1566 1086 1605 ipsorum

125 1617 238 1638 mensa·
258 1606 377 1646 fuisset,
408 1618 503 1647 quam
527 1607 598 1639 Deo
621 1608 761 1639 dedicari
785 1608 962 1648 oportebat,
986 1619 1086 1648 popu-

125 1650 238 1690 lusque
271 1650 427 1689 paulatim
462 1651 494 1681 in
536 1651 749 1683 adulterinam
787 1651 975 1691 religionem
1012 1661 1086 1682 con-

125 1702 239 1723 versus
262 1692 351 1723 nullo
387 1693 514 1724 divinae
549 1693 629 1735 legis
660 1694 766 1725 studio
796 1695 910 1725 fuisset
941 1695 1085 1725 affectus.

125 1735 261 1767 Factum
284 1741 391 1766 autem
415 1736 501 1767 istud
525 1737 664 1767 Davidis
688 1737 816 1768 divinae
840 1737 1002 1768 voluntati
1027 1737 1086 1767 mi-

126 1778 210 1809 nime
240 1777 300 1808 fuit
330 1779 535 1810 contrarium.
582 1779 668 1819 Quid
700 1780 767 1810 ita?
810 1780 933 1820 Nempe
957 1780 1087 1810 nolebat

124 1821 229 1861 ipsum
261 1821 363 1853 Deum
393 1822 453 1853 hac
483 1823 576 1853 famis
601 1823 791 1853 necessitate
813 1823 952 1863 opprimi
983 1833 1087 1862 neque

124 1863 163 1894 ad
186 1865 449 1896 caeremonialem
469 1865 559 1896 illam
583 1866 664 1907 legis
676 1865 918 1896 observantiam
937 1866 981 1897 sic
995 1865 1084 1896 illum

123 1905 289 1947 obligarat,
313 1913 350 1937 ut
372 1918 433 1938 non
459 1913 566 1948 posset
588 1914 620 1939 et
645 1919 707 1939 non
732 1908 845 1939 liceret
868 1909 929 1948 ipsi
952 1909 986 1938 in
1010 1919 1084 1939 casu

123 1949 321 1981 necessitatis
353 1949 391 1980 de
422 1951 557 1990 panibus
588 1951 651 1983 illis
682 1951 784 1982 edere.
830 1951 914 1982 Nam
945 1952 1084 1991 exempli

122 1992 234 2032 gratia,
258 1991 285 2023 si
308 1992 389 2023 forte
412 1994 600 2035 contigisset
619 2004 756 2034 egenum
777 1995 915 2034 aliquem
936 2000 967 2024 et
991 1995 1084 2024 mise-

122 2044 195 2065 rum
236 2034 397 2066 hominem
438 2038 654 2068 sanctuarium
690 2042 947 2076 praetereuntem
985 2037 1083 2067 animi

123 2077 296 2117 deliquium
322 2079 396 2117 pati,
426 2079 509 2119 quod
533 2079 681 2110 sacerdos
705 2080 989 2117 animadverteret,
1015 2090 1086 2120 pro-

123 2120 202 2151 fecto
225 2126 357 2160 apparet
380 2121 543 2153 hominem
568 2123 658 2153 illum
683 2122 756 2153 licet
780 2133 841 2153 non
867 2123 1084 2162 postulantem

124 2172 227 2202 neque
250 2163 442 2202 loquentem,
474 2170 626 2205 tanquam
658 2166 690 2196 in
716 2165 851 2196 articulo
876 2166 987 2196 mortis
1011 2176 1085 2197 eon-

124 2205 271 2236 stitutum
303 2206 340 2236 ab
371 2207 441 2246 ipso
464 2208 629 2239 sacerdote
658 2209 906 2239 sustentandum
932 2209 1031 2239 fuisse
1054 2213 1086 2239 et

127 2257 188 2278 non
218 2248 314 2279 fuisse
339 2256 541 2288 peccaturum
573 2251 727 2282 adversus
758 2251 953 2292 legislatoris
977 2251 1083 2282 inten-

126 2290 262 2320 tionem:
293 2291 376 2330 quod
409 2303 473 2323 non
507 2294 571 2324 sint
605 2294 703 2325 verba
727 2299 854 2324 tantum
876 2294 954 2334 legis
979 2298 1084 2325 atten-

125 2331 239 2380 denda,
270 2333 324 2364 sed
348 2334 446 2374 ipsius
469 2337 608 2368 maxime
639 2337 829 2368 substantia.
876 2337 1085 2376 Quandoqui-

125 2374 196 2423 dem
230 2376 329 2415 igitur
362 2378 518 2409 sacerdoti
553 2379 642 2411 licuit
676 2379 715 2410 de
746 2379 814 2410 vita
845 2380 1082 2420 periclitantem

125 2417 265 2457 aliquem
289 2418 347 2450 hoc
370 2429 451 2459 pane
475 2426 584 2453 sancto
606 2422 761 2453 adiuvare
786 2427 817 2453 et
840 2424 981 2459 reficere,
1017 2423 1082 2453 Da-

125 2460 232 2491 videm
262 2461 358 2492 etiam
389 2464 535 2495 sacerdos
565 2465 615 2496 his
643 2465 780 2505 panibus
804 2465 987 2502 sublevans,
1018 2476 1081 2496 non

124 2503 269 2550 peccavit
289 2503 446 2550 'adversus
459 2505 520 2537 Dei
544 2508 748 2539 mandatum:
773 2509 962 2547 praesertim
982 2518 1081 2548 quum

124 2545 214 2576 illum
245 2547 436 2578 exrstimarit-
466 2549 610 2587 publicae
639 2551 788 2582 utilitatis
817 2561 914 2582 causa
946 2552 978 2582 in
1011 2556 1081 2582 tan-

124 2595 192 2618 tum
217 2587 388 2619 discrimen
412 2592 546 2628 venisse,
577 2598 607 2623 et
639 2598 729 2624 tanta
759 2594 948 2625 necessitate
968 2594 1080 2634 premi.

123 2630 232 2671 Atque
267 2630 344 2662 haec
374 2637 448 2663 sunt
475 2634 685 2667 fundamenta
713 2636 789 2668 facti
819 2637 905 2668 illius
934 2636 1080 2674 Davidis,

787 191 833 221 IN
858 190 881 221 Ι.
907 190 993 221 LIB.
1020 190 1217 223 SAMUEI..
1242 192 1338 224 (AAP.
1364 193 1458 224 xxi.

1003 454 1090 493 Quin
1117 456 1118 465 ¹

2051 194 2111 223 32⁵4

1144 286 1225 324 quod
1261 287 1397 325 speciale
1432 286 1556 326 aliquod
1592 287 1649 317 Dei
1686 287 1892 327 privilegium
1928 286 1966 316 ad
2004 291 2108 317 actum

1144 328 1241 358 semel
1277 329 1321 358 illi
1357 340 1375 359 a
1407 329 1476 360 Deo
1505 339 1691 361 concessum
1723 337 1854 369 propter
1890 329 1970 369 legis
2005 334 2109 360 trans-

1143 371 1341 411 gressionem
1365 371 1498 402 minimo
1522 372 1693 403 dicendum
1719 378 1775 410 est,
1800 372 1855 402 sed
1880 372 2029 402 divinum
2054 371 2106 403 be-

1336 457 1444 495 Quum
1470 458 1567 497 igitur
1588 457 1747 488 Dominus
1773 463 1880 488 noster
1904 456 1993 488 Iesus
2013 456 2109 488 Chri·

1145 552 1205 571 non
1227 541 1271 571 sic
1297 541 1541 582 intelligendum
1567 543 1656 582 quasi
1678 543 1767 573 nefas
1791 549 1873 574 esset
1896 548 1949 572 aut
1974 545 2106 573 omnino

1144 583 1343 623 prohibitum
1379 584 1417 613 ‹le
1451 585 1515 615 illis
1550 586 1651 616 edere.
1708 585 1828 615 Notum
1871 592 1918 615 est
1953 585 2107 625 quidquid

1146 625 1235 656 Deus
1265 627 1456 657 condemnat
1490 638 1551 657 non
1585 639 1675 666 posse
1708 638 1846 668 unquam
1878 633 2029 667 tanquam
2056 628 2108 658 bo-

1145 679 1220 698 num
1257 668 1395 708 probari.
1454 672 1498 700 A'c
1536 670 1607 701 licet
1642 676 1753 701 contra
1787 670 1931 701 homines
1966 670 2107 700 sentiant

1144 710 1206 741 Dei
1238 718 1342 741 tamen
1377 712 1501 742 firmam
1534 719 1699 752 ratamque
1730 723 1857 752 semper
1888 723 1957 743 esse
1981 719 2108 744 senten-

1145 754 1239 784 tiam:
1264 754 1348 793 quod
1373 755 1472 794 igitur
1496 755 1657 785 Dominus
1681 762 1790 792 noster
1813 755 1905 786 Iesus
1930 761 2038 785 noster
2062 756 2106 786 ait

1145 807 1209 827 non
1235 796 1360 827 licuisse
1384 797 1502 828 Davidi
1535 798 1628 828 edere
1660 798 1697 828 de
1722 798 1857 838 panibus
1879 798 1951 834 illis,
1983 809 2023 828 ex
2048 809 2107 829 usu

1144 840 1304 870 communi
1336 840 1504 879 loquutum
1535 851 1608 870 eum
1643 851 1710 872 esse
1743 842 1890 871 sciamus.
1943 840 2106 879 Quemad-

1143 935 1256 955 carnes
1290 924 1330 955 ad
1364 925 1472 965 ignem
1507 933 1561 955 aut
1592 936 1707 966 panem
1738 936 1881 965 coquere,
1918 936 2020 965 neque
2052 936 2107 957 rus

1143 968 1311 1006 proficisci,
1346 978 1450 1007 neque
1485 968 1571 1008 ligna
1607 969 1691 999 domi
1725 968 1856 1006 findere,
1891 979 1971 1008 quae
2000 969 2108 999 omnia

1143 1010 1212 1049 lege
1247 1010 1501 1050 prohibebantur
1534 1022 1570 1041 ea
1605 1015 1712 1041 tamen
1745 1011 1929 1041 conditione
1961 1011 2021 1041 nisi
2052 1022 2108 1042 ne-

1143 1053 1290 1083 cessitate
1315 1053 1422 1093 aliqua
1452 1058 1655 1094 cogerentur.
1706 1054 1820 1094 Itaque
1851 1054 2028 1084 notandum
2059 1061 2107 1085 est

1142 1095 1226 1126 hanc
1250 1096 1494 1135 permissionem
1518 1096 1637 1127 Davidi
1658 1096 1774 1127 factam
1794 1107 1858 1127 non
1879 1096 1977 1127 fuisse
1997 1104 2107 1127 contra

1143 1138 1245 1178 legem
1270 1139 1408 1178 speciale
1432 1138 1559 1178 aliquod
1582 1139 1796 1179 privilegium.
1842 1139 1951 1179 Atque
1977 1139 2035 1170 hoc
2058 1144 2107 1170 est

1141 1181 1313 1220 diligenter
1333 1181 1578 1217 observandum,
1600 1183 1749 1221 quoniam
1770 1182 1927 1221 ingeniosi
1950 1187 2027 1212 sunt
2046 1182 2106 1213 hac

1140 1225 1173 1254 in
1197 1228 1288 1264 parte
1312 1224 1458 1255 homines
1479 1225 1511 1254 in
1535 1224 1726 1264 quaerendis
1750 1224 1878 1264 effugiis
1900 1225 2015 1264 quibus
2040 1225 2100 1256 hoc

1142 1267 1191 1298 vel
1216 1266 1295 1297 illud
1319 1267 1378 1297 sibi
1404 1267 1498 1297 licere
1518 1267 1732 1307 persuadeant
1753 1274 1781 1297 et
1803 1267 1992 1298 nominatim
2013 1277 2105 1298 sanc—

1142 1314 1246 1340 torum
1281 1310 1438 1349 exemplis
1472 1320 1530 1340 sua
1564 1310 1646 1340 facta
1686 1311 1819 1350 probare
1854 1318 2103 1340 consueverunt.

1141 1352 1390 1383 Observandum
1415 1353 1514 1392 igitur
1535 1352 1705 1391 Davidem,
1724 1353 1796 1382 licet
1816 1363 1892 1383 usus
1905 1352 1944 1382 sit
1969 1353 2104 1393 panibus

1140 1395 1374 1435 propositionis,
1401 1406 1477 1435 quos
1497 1395 1588 1426 Deus
1607 1396 1682 1426 solis
1706 1394 1922 1426 sacerdotibus
1946 1397 2103 1426 reservari

1140 1439 1289 1475 iusserat,
1314 1449 1378 1468 non
1403 1446 1508 1469 tamen
1531 1438 1640 1468 divina
1663 1439 1822 1469 sententia
1846 1438 2104 1476 condemnatum,

1141 1481 1227 1522 quod
1262 1481 1455 1522 legislatoris
1489 1481 1624 1511 intentio
1659 1485 1740 1512 esset
1772 1480 1874 1520 legem
1912 1482 1977 1511 vim
2012 1491 2103 1512 suam

1141 1525 1287 1555 obtinere
1310 1524 1336 1554 si
1360 1524 1450 1554 nulla
1473 1524 1645 1554 necessitas
1674 1524 1707 1554 in
1732 1523 1926 1554 contrarium
1951 1523 2102 1554 traheret.

1141 1567 1212 1597 Hoc
1236 1568 1279 1597 ita
1303 1577 1371 1597 esse
1395 1577 1433 1597 ex
1458 1566 1497 1596 iis
1520 1572 1651 1606 apparet
1670 1576 1751 1605 quae
1774 1571 1847 1596 ante
1872 1565 2022 1604 diximus,
2046 1577 2103 1598 cur

1141 1609 1230 1640 Deus
1256 1610 1351 1640 vellet
1374 1609 1457 1640 solos
1480 1609 1662 1640 sacerdotes
1686 1610 1754 1639 istis
1774 1609 1909 1648 panibus
1932 1609 2016 1640 vesci
2038 1620 2102 1639 non

1141 1658 1248 1683 autem
1284 1662 1469 1683 communes
1502 1652 1579 1682 fieri.
1637 1654 1684 1682 An
1721 1652 1805 1681 enim
1832 1653 1950 1682 misero
1978 1651 2102 1682 homini

1140 1696 1223 1726 fame
1246 1695 1393 1736 pereunti
1424 1706 1486 1725 non
1519 1695 1630 1725 fuisset
1658 1694 1727 1725 istis
1751 1694 1886 1733 panibus
1911 1704 2100 1725 succurren-

1140 1738 1216 1769 dum
1241 1738 1324 1777 quod
1350 1738 1440 1768 Deus
1465 1737 1549 1768 solos
1573 1736 1750 1768 sacerdotes
1771 1737 1834 1767 illis
1860 1738 1942 1767 vesci
1967 1737 2101 1768 manda-

1140 1781 1260 1812 visset?
1297 1781 1383 1812 Sane
1409 1781 1488 1810 bene
1509 1781 1585 1811 haec
1607 1781 1690 1810 inter
1714 1791 1746 1810 se
1766 1779 1973 1817 conveniunt,
1997 1791 2100 1812 sacer-

1139 1824 1228 1855 dotes
1259 1824 1341 1854 solos
1373 1824 1457 1854 vesci
1490 1823 1624 1863 panibus
1665 1822 1890 1862 propositionis
1931 1822 2035 1853 iussos
2074 1829 2105 1854 et

1139 1867 1269 1897 interim
1294 1867 1488 1897 humanitati
1514 1866 1617 1897 locum
1642 1865 1718 1903 dari,
1749 1870 1782 1895 ut
1807 1865 1839 1894 in
1864 1875 1940 1896 casu
1964 1867 2103 1897 necessi-

1139 1910 1214 1940 tatis
1233 1910 1391 1940 auxilium
1412 1908 1632 1939 laborantibus
1652 1908 1830 1938 afferretur.
1866 1907 1990 1939 Idcirco
2005 1909 2101 1939 etiam

1139 1952 1300 1983 Dominus
1335 1957 1444 1982 noster
1478 1951 1570 1982 Iesus
1604 1950 1752 1982 Christus
1790 1950 1872 1981 hanc
1909 1952 2100 1982 sententiam

1138 2006 1195 2026 suo
1234 1995 1356 2026 calculo
1397 1995 1609 2026 confirmans:
1654 1993 1756 2024 Oscae
1786 1994 1962 2033 prophetae
1996 1995 2102 2026 verbis

1139 2038 1272 2069 eandem
1298 2044 1400 2068 ratam
1424 2038 1515 2067 facit:
1546 2037 1652 2067 Deum
1685 2037 1831 2075 inquiens
1855 2036 1951 2067 malle
1975 2038 2099 2068 miseri-

1138 2081 1277 2113 cordiam
1310 2091 1404 2120 quam
1435 2080 1637 2110 sacrificium.
1684 2079 1823 2109 Istorum
1858 2079 1957 2119 igitur
1981 2080 2100 2111 scriba-

1139 2135 1209 2155 rum
1234 2129 1265 2154 et
1288 2123 1535 2154 Pharisaeorum
1556 2122 1709 2152 malitiam
1741 2131 1776 2151 ac
1801 2122 1887 2152 virus
1912 2132 2009 2161 quun]
2035 2123 2095 2154 Dei

1139 2168 1242 2207 legem
1273 2166 1392 2197 stultae
1422 2176 1497 2196 suae
1527 2165 1668 2204 opinioni
1704 2164 1860 2195 subiicere
1894 2173 2099 2202 conarentur,

1138 2209 1312 2249 redarguit.
1356 2209 1439 2248 quod
1476 2207 1565 2238 Deus
1604 2218 1659 2247 per
1691 2206 1809 2237 Oseam
1850 2206 2026 2238 declaravit
2066 2219 2099 2239 se

1138 2252 1232 2283 malle
1280 2251 1532 2282 misericordiam
1579 2260 1671 2290 quam
1714 2249 1919 2280 sacrificium.
1982 2251 2099 2281 Procul

1138 2295 1243 2335 dubio7
1273 2300 1307 2325 ut
1338 2300 1413 2324 ante
1442 2293 1519 2331 dixi,
1551 2292 1706 2324 sacrificia
1737 2302 1794 2332 per
1824 2303 1856 2323 se
1884 2292 1965 2323 nihil
1990 2301 2097 2324 erant:

1137 2348 1241 2377 neque
1271 2337 1356 2368 enim
1381 2347 1399 2367 a
1421 2336 1490 2367 Deo
1518 2336 1676 2375 instituta,
1707 2334 1789 2374 quod
1820 2335 1897 2373 ipsis
1929 2336 2097 2376 indigeret,

1137 2381 1191 2411 sed
1227 2385 1260 2410 ut
1290 2379 1354 2411 illis
1385 2378 1532 2409 homines
1563 2378 1778 2409 erudirentur.
1828 2377 2097 2418 Quandoquidem

1136 2424 1234 2463 igitur
1264 2422 1420 2453 sacrificia
1450 2431 1506 2460 per
1534 2431 1568 2452 se
1599 2420 1724 2451 inutilia
1747 2426 1850 2457 erant,
1881 2421 2094 2461 expendenda

1137 2476 1199 2497 vox
1240 2466 1294 2496 illa
1332 2464 1524 2504 prophetae.
1563 2463 1669 2494 Deum
1709 2462 1804 2494 malle
1845 2463 2098 2496 misericordiam

1135 2519 1229 2549 quam
1264 2508 1466 2539 sacrificium.
1523 2506 1605 2537 Nam
1649 2505 1708 2536 hac
1739 2516 1814 2536 voce
1859 2506 2097 2538 misericordiae

1134 2550 1290 2591 propheta
1320 2549 1480 2580 humanos
1511 2559 1622 2579 omnes
1654 2548 1788 2579 affectus
1818 2553 1849 2578 et
1873 2549 2096 2582 miserationes

1134 2592 1388 2633 comprehendit,
1423 2592 1538 2631 quibus
1573 2592 1626 2622 alii
1661 2591 1740 2622 alios
1772 2601 1841 2622 sese
1872 2596 1985 2623 mutuo
2011 2602 2096 2624 com-

1135 2637 1229 2677 plecti
1264 2635 1389 2672 debent,
1424 2640 1456 2665 et
1486 2634 1516 2665 in
1552 2635 1648 2665 rebus
1678 2634 1823 2674 angustis
1851 2640 1881 2664 et
1913 2634 2097 2667 difficilibus
