2551 3044
359 200 419 230 292·

361 306 428 325 rum
466 303 571 324 tamen
607 303 738 333 quaerat
773 296 896 336 aliquis,
932 298 1087 337 quomodo
1120 298 1244 330 Davide
1277 310 1316 329 ex

362 336 508 367 hostibus
552 337 717 367 victoriam
753 347 936 378 reportante
973 342 1036 380 regi
1079 340 1158 372 bene
1192 341 1319 373 consul-

362 388 427 408 tum
448 386 497 409 sit.
521 389 556 410 ac
582 380 714 419 proinde
738 391 845 412 annon
867 382 1011 413 videatur
1032 383 1108 413 Saul
1132 384 1199 415 Deo
1224 385 1317 414 resis-

361 421 455 452 tendo
480 428 585 452 tamen
611 423 750 454 favorem
774 424 873 463 ipsius
903 434 1062 465 expertus.
1095 434 1126 457 et
1156 427 1230 458 licet
1261 427 1317 457 im-

360 466 477 503 probus
502 464 596 494 rebus
616 471 722 495 tamen
742 467 891 497 secundis
912 480 994 499 usus.

360 549 469 579 §aulis
494 549 602 580 odium
628 561 691 580 non
717 561 808 590 posse
827 553 978 593 mitigari,
1005 564 1106 593 neque
1127 555 1220 591 vinci,
1245 555 1318 586 licet

360 593 426 631 ipse
450 591 592 631 quotidie
615 599 679 623 tam
704 594 831 634 ingrato
852 595 973 626 homini
997 607 1086 627 suam
1108 608 1237 637 operam
1261 608 1316 628 na-
1342 627 1343 631 ,

1075 640 1188 670 Nonne
1220 641 1317 681 igitur
1342 650 1344 660 ¹

361 643 461 673 varct,
499 642 529 665 et
562 636 660 666 vitam
692 637 787 667 etiam
824 639 1020 678 exponeret?

361 677 489 707 videtur
520 678 596 708 haec
627 679 725 718 ipsius
754 680 895 711 animum
927 682 1032 712 subire
1064 683 1203 722 potuisse
1232 684 1316 723 cogi-

361 720 453 750 tatio:
481 721 532 751 Mo
551 721 666 752 misero
686 722 762 761 quid
783 724 858 753 fiet?
883 724 965 754 Nam
986 726 1010 755 si
1031 724 1121 756 hodie
1140 725 1314 765 periculum
1342 725 1343 730 ¹

360 764 456 799 evasi,
487 763 561 802 quid
589 765 749 795 crastinus
779 765 846 797 dies
870 767 967 797 vehat
994 768 1107 803 nest-io,
1140 769 1247 808 ecquis
1272 768 1315 798 la·

360 806 471 836 borum
497 807 578 842 finis,
602 817 682 846 quae
701 808 845 839 merces?
871 810 905 840 Si
927 810 1013 840 mille
1033 812 1156 841 animas
1176 811 1314 841 hostium

360 856 572 888 prostravere,
602 849 682 880 mihi
713 856 820 882 tamen
852 862 909 882 nec
932 853 1057 885 seritur,
1090 864 1145 884 ncc
1170 854 1315 884 metitur:

359 892 456 921 inimo
478 899 588 923 contra
612 903 662 923 me
687 893 770 934 regis
794 895 881 924 furor
905 896 1006 933 inagis
1029 896 1221 936 accenditur,
1246 903 1316 926 tan-

359 941 427 964 tum
459 934 548 965 abest
578 941 613 965 ut
647 935 724 966 mihi
757 937 959 968 concilietur:
995 950 1092 977 quare
1127 939 1225 979 igitur
1257 950 1315 979 ego
1341 967 1342 973 ,

359 976 479 1007 diutius
501 978 626 1017 ingrato
648 978 768 1009 homini
789 990 892 1010 meam
907 991 1034 1019 operam
1050 981 1196 1020 locarem,
1217 992 1316 1021 quare
1340 984 1342 1007 ἱ

359 1020 457 1049 vitam
482 1026 528 1050 tot
552 1021 702 1059 periculis
725 1023 942 1061 exponerem?
977 1024 1065 1054 Dura
1090 1035 1166 1054 sane
1189 1025 1314 1065 gravis-

358 1073 418 1101 que
442 1062 503 1092 fuit
527 1063 580 1093 illa
601 1065 744 1101 tentatio,
768 1075 863 1104 quam
888 1076 985 1105 quum
1010 1067 1182 1106 superavit,
1206 1078 1314 1098 exem-

359 1105 445 1144 plum
476 1106 536 1136 fuit
565 1106 648 1145 quod
681 1117 737 1137 nos
766 1107 852 1138 decet
879 1108 1014 1139 imitari:
1047 1117 1081 1139 ut
1105 1110 1129 1139 si
1155 1111 1233 1140 forte
1258 1110 1315 1140 ho-

359 1148 481 1178 minum
512 1148 634 1179 malitia
661 1157 692 1179 et
717 1150 912 1190 ingratitudo
937 1161 993 1182 nos
1016 1152 1054 1182 ab
1078 1153 1181 1183 officio
1213 1152 1314 1183 deter-

359 1191 469 1228 ruerit,
492 1198 522 1221 et
541 1201 669 1230 operam
695 1191 802 1223 ludere
823 1193 998 1231 videamur,
1025 1195 1127 1225 Deum
1148 1206 1315 1234 precemur

358 1240 395 1263 ut
418 1243 477 1263 nos
495 1234 527 1263 in
548 1244 583 1264 eo
605 1234 750 1271 retineat,
776 1234 927 1275 nobisque
947 1237 1024 1267 satis
1045 1238 1085 1267 sit
1107 1238 1165 1277 ipsi
1186 1243 1314 1277 gratum

357 1284 387 1306 et
412 1282 577 1316 acceptum
602 1287 671 1307 esse
694 1277 836 1308 studium
862 1286 1016 1311 nostrum.
1042 1279 1114 1310 licet
1137 1280 1158 1310 ii
1179 1292 1312 1320 qnorum

358 1318 533 1349 commodis
565 1324 595 1349 et
627 1319 758 1350 utilitati
784 1321 1024 1352 inservierimus
1050 1322 1127 1353 illud
1148 1323 1315 1363 negligant

358 1368 390 1391 et
414 1362 504 1401 parvi
536 1362 661 1399 faciant,
691 1363 947 1402 quandoquidem
973 1365 1111 1403 amplam
1134 1366 1312 1397 mercedem

357 1410 405 1434 est
435 1403 663 1435 retributurus:
693 1405 959 1444 quemadmodum
988 1407 1072 1438 istud
1105 1414 1152 1439 est
1182 1409 1311 1449 conspi-

358 1456 455 1477 cuum
479 1447 626 1487 exemplo
647 1447 792 1478 fidelium
815 1451 958 1480 omnium
980 1451 1032 1489 qui
1057 1462 1144 1490 spem
1165 1462 1256 1482 suam
1280 1452 1312 1482 in

358 1489 427 1529 ipso
446 1489 660 1520 collocarunt:
678 1490 733 1521 sed
753 1492 893 1522 maxime
914 1492 1098 1531 Abrahami,
1117 1504 1208 1533 quem
1224 1494 1314 1526 Deus

358 1532 389 1562 in
412 1541 502 1562 suam
526 1532 660 1563 tutelam
684 1534 812 1574 recepit.
836 1533 922 1565 Hinc
944 1546 1036 1575 saepe
1059 1546 1092 1566 se
1115 1537 1314 1577 omnipoten-

359 1581 423 1604 tem
448 1574 524 1605 dicit
547 1581 578 1605 et
608 1581 817 1615 protectorem
849 1587 884 1608 ac
915 1578 1092 1609 mercedem
1124 1579 1223 1618 ipsius
1246 1591 1313 1610 am-

358 1617 444 1656 plam
476 1618 552 1648 fore.
597 1616 859 1658 Omnipotentem
889 1627 995 1651 autem
1028 1628 1126 1659 vocat,
1161 1628 1195 1652 ut
1226 1629 1312 1653 certo

358 1660 503 1700 persuasi
526 1661 626 1691 simus
650 1661 740 1691 illum
763 1663 840 1693 satis
864 1663 975 1693 fortem
1000 1663 1038 1693 ad
1063 1673 1120 1694 nos
1144 1664 1313 1696 defenden-

358 1702 424 1741 dos,
454 1712 608 1742 suamque
638 1714 769 1734 manum
802 1705 867 1735 fore
896 1706 985 1736 nobis
1008 1706 1111 1737 instar
1134 1717 1311 1747 propugna-

357 1745 430 1775 culi.
476 1745 694 1776 Protectorem
719 1753 826 1777 autem
851 1754 882 1778 et
913 1747 1100 1786 mercedem,
1131 1760 1171 1780 ne
1195 1756 1312 1781 statum

358 1788 450 1818 nobis
475 1798 602 1828 semper
630 1789 783 1828 quietum,
815 1791 1024 1830 tranquillum
1054 1797 1085 1822 et
1109 1793 1312 1832 triumphan-

359 1837 422 1861 tem
447 1830 665 1870 polliceamur,
694 1831 749 1862 sed
778 1833 916 1864 sciamus
945 1843 1070 1874 semper
1095 1834 1184 1865 nobis
1207 1836 1311 1866 immi-

359 1883 433 1903 nere
457 1883 582 1913 pugnas
604 1874 673 1905 sive
701 1874 855 1906 adversus
878 1876 1032 1914 inimicos,
1063 1877 1130 1907 sive
1161 1877 1313 1909 adversus

358 1925 415 1946 nos
439 1916 532 1955 ipsos,
564 1922 598 1946 ut
622 1916 782 1948 discamus
800 1919 952 1958 patientia
977 1920 1105 1950 vincere
1124 1919 1258 1951 iniurias
1281 1927 1313 1951 et

357 1958 566 1989 contumelias
589 1959 704 1998 quibus
721 1960 759 1990 ab
778 1961 816 1991 iis
838 1961 935 1992 etiam
959 1962 1146 1998 afficiemur,
1177 1972 1310 2002 quorum

358 2001 489 2031 utilitati
514 2007 545 2032 et
563 2001 736 2033 commodis
759 2003 986 2035 studuerimus.
1031 2004 1114 2035 Nam
1147 2005 1178 2035 in
1209 2005 1313 2036 istius-

359 2043 444 2074 modi
475 2043 562 2074 lucta
586 2044 673 2075 Deus
703 2052 843 2076 nostram
873 2047 1092 2077 infirmitatem
1124 2047 1339 2086 sublevabit,³

358 2093 393 2117 ut
406 2096 634 2126 cognoscamus
654 2098 710 2118 nos
730 2089 788 2128 ipsi
808 2089 974 2129 placuisse,
995 2095 1025 2119 et
1044 2090 1167 2120 animas
1188 2098 1314 2122 nostras
1338 2102 1339 2108 ¹

357 2137 389 2159 et
407 2139 537 2168 corpora
557 2129 601 2160 illi
621 2130 774 2161 obtulisse
792 2137 823 2161 et
842 2142 1050 2163 consecrasse.

358 2172 582 2211 conquiescere
606 2183 663 2203 nos
686 2179 819 2212 oportet.

444 2214 615 2245 Caeterum
641 2225 680 2246 ne
704 2216 810 2247 Deum
833 2217 1054 2249 existimemus
1077 2217 1188 2248 durius
1211 2219 1313 2257 egisse

1100 2134 1203 2172 Atque
1223 2133 1255 2163 in
1277 2144 1313 2164 eo

359 2267 430 2287 cum
457 2257 590 2291 Davide.
614 2268 712 2297 quum
737 2259 869 2290 Saulem
893 2259 993 2290 voluit
1015 2261 1157 2290 omnium
1178 2260 1313 2291 Davidis
1338 2256 1339 2263 ¹

360 2300 567 2330 victoriarum
593 2301 697 2332 fructu
721 2302 802 2332 frui:
826 2302 880 2333 sed
904 2303 949 2333 ita
968 2302 1106 2333 voluisse
1126 2304 1227 2343 magis
1248 2314 1312 2333 nia-
1339 2303 1340 2310 ¹

859 2345 940 2375 Nam
969 2353 1004 2376 ut
1034 2355 1125 2377 saera
1154 2346 1314 2385 scriptura
1338 2367 1339 2374 1

359 2385 509 2425 loquitur,
540 2385 628 2416 Deus
651 2387 804 2426 improbis
832 2387 1066 2422 benefaciendo.
1097 2394 1128 2418 et
1152 2388 1314 2419 beneficiis
1339 2419 1340 2426 ἵ

358 2343 471 2383 gisque
495 2342 626 2373 Saulem
652 2344 811 2376 indurare.

359 2428 430 2458 illos
453 2428 657 2467 cumulando,
687 2435 838 2469 tanquam
871 2430 965 2462 boves
989 2435 1046 2461 aut
1072 2441 1183 2470 porcos
1208 2431 1312 2468 habet,

359 2472 412 2511 qui
451 2472 636 2502 mactationi
671 2472 820 2503 destinati
858 2475 1057 2513 saginantur.
1109 2473 1192 2504 Nam
1233 2483 1314 2513 quae

359 2557 502 2587 aluntur:
544 2557 597 2587 sed
633 2567 714 2597 quae
748 2559 931 2589 mactationi
967 2558 1179 2595 destinantur,
1214 2557 1314 2588 multo

359 2600 428 2630 cibo
451 2601 647 2639 saginantur.
674 2600 766 2631 Hanc
785 2601 1027 2633 similitudinem
1048 2601 1205 2642 propheta
1224 2604 1314 2631 notat

360 2652 457 2681 quum
489 2642 550 2672 ait:
581 2642 722 2680 Domine,
746 2653 906 2684 praepara
936 2644 1004 2675 illos
1031 2646 1176 2683 tanquam
1205 2643 1239 2674 in
1265 2643 1314 2674 die

1170 204 1368 235 [IOMILIA
1395 204 1521 235 LXIX.

1343 441 1345 452 ι
1369 426 1453 456 circa
1477 426 1549 456 libri
1582 427 1677 457 finem
1709 427 1805 458 visuri
1830 437 1950 457 sumus.

1020 468 1132 507 Qualis
1154 479 1228 500 vero
1248 474 1316 500 ten-
1343 485 1345 492 ι

361 507 439 536 tatio
470 507 573 546 potuit
598 508 740 538 animum
766 508 900 541 Davidis
926 512 1040 545 subire,
1073 522 1170 551 quum
1196 512 1318 543 videret
1344 517 1345 521 ’

2269 206 2332 238 300

1370 298 1537 329 occisionis.
1575 298 1617 328 Et
1640 299 1684 329 ita
1707 299 1856 339 deinceps
1882 298 2059 329 videbimus
2083 298 2215 330 Saulem
2239 311 2329 339 prae-

1344 341 1498 380 ,cipitem
1534 341 1653 372 factum
1688 342 1721 372 in
1756 352 1848 372 suum
1879 341 2024 378 exitium,
2058 342 2209 381 quoniam
2240 342 2329 374 Deus

1370 383 1460 414 illum
1494 390 1559 413 tam
1584 384 1720 415 exitioso
1749 392 1779 415 et
1805 386 1931 414 funesto
1955 384 2052 414 exitio
2076 384 2262 422 destinarat,
2294 394 2329 416 ut

1997 426 2147 466 Denique
2177 437 2227 458 res
2251 428 2330 459 istae

1371 479 1454 499 nuno
1485 479 1655 508 prosperae
1689 477 1719 500 et
1753 468 1911 501 secundae
1946 479 2057 500 versae
2091 476 2167 500 sunt
2201 470 2261 510 ipsi
2296 471 2327 501 in

1370 511 1625 542 maledictionem
1655 521 1685 542 et
1715 513 1859 543 exitium.
1906 512 2026 542 Contra
2058 521 2134 542 vero
2166 512 2240 543 licet
2267 513 2328 544 Dei

1370 554 1446 584 filiis
1470 554 1569 584 multa
1594 554 1735 594 undique
1757 562 1907 586 creentur
1930 554 2083 594 pericula,
2107 561 2138 585 et
2158 555 2190 585 in
2211 566 2329 596 magno

1370 596 1482 636 pelago
1517 596 1622 628 saevis
1657 597 1797 638 undique
1830 597 1980 628 fluctibus
2014 598 2114 636 premi
2150 597 2329 638 videantur,

1370 639 1578 670 nihilominus
1612 646 1719 671 tamen
1754 641 1826 671 finis
1861 640 2019 670 malorum
2054 646 2102 670 est
2136 640 2263 680 aliquis,
2298 650 2327 672 et

1369 682 1526 721 superatis
1550 681 1678 712 tandem
1701 683 1850 714 omnibus
1873 682 2116 713 difficultatibus
2136 683 2264 714 tandem
2289 683 2328 714 ad

1369 724 1578 764 tranquillum
1613 732 1738 764 portum
1774 725 1896 756 devecti
1934 724 2130 756 beatitudine
2165 726 2330 761 fruuntur,

1370 767 1462 807 longe
1496 778 1546 799 res
1579 778 1691 798 omnes
1723 768 1802 799 istas
1836 775 1980 798 terrenas
2015 773 2198 807 superante.
2243 768 2329 808 Qua-

1369 818 1498 850 propter
1521 821 1617 850 quum
1643 810 1796 841 increduli
1818 816 1963 841 votorum
1984 821 2117 841 suorum
2141 811 2223 841 fiunt
2241 822 2328 842 com-

1369 859 1467 892 potes,
1492 860 1523 883 et
1545 853 1623 892 ipsis
1647 864 1687 883 ex
1711 853 1808 883 animi
1834 854 1994 883 sententia
2013 853 2121 883 omnia
2139 853 2325 890 succedunt,

1368 896 1412 926 sic
1436 896 1539 935 magis
1562 906 1598 926 ac
1621 895 1723 936 magis
1741 896 1933 933 caecutiunt,
1956 903 1984 926 et
2007 897 2136 935 penitus
2154 907 2327 928 excaecan-

1369 942 1438 968 tur:
1469 945 1501 968 et
1526 938 1603 969 bene
1633 939 1771 979 saginati
1795 938 1949 969 adversus
1973 939 2076 978 ipsum
2102 938 2207 969 Deum
2232 939 2326 970 calci-

1369 987 1466 1018 trant,
1501 981 1555 1011 sed
1579 981 1707 1011 tandem
1732 981 1801 1012 Deo
1824 982 1979 1011 rationem
2003 981 2145 1011 omnium
2170 981 2324 1013 reddituri

1368 1029 1453 1060 sunt,
1488 1029 1518 1054 et
1548 1024 1728 1064 graviorem
1760 1023 2060 1054 condemnationem
2084 1023 2234 1059 subituri.
2265 1035 2326 1064 quo

1369 1066 1543 1097 maioribus
1584 1066 1676 1097 donis
1715 1067 1820 1097 ornati
1861 1066 1991 1097 fuerint.
2047 1066 2170 1098 Idcirco
2205 1067 2326 1098 Paulus

1367 1109 1531 1148 apostolus
1553 1109 1631 1140 dicit
1653 1119 1706 1140 eos
1729 1109 1782 1149 qui
1806 1109 1984 1140 abutuntur
2008 1110 2067 1140 Dei
2091 1109 2245 1148 patientia
2270 1120 2325 1141 vo-

1367 1151 1471 1182 cantis
1505 1152 1590 1191 ipsos
1623 1159 1654 1182 et
1687 1152 1857 1182 invitantis
1892 1152 1992 1182 multa
2026 1163 2098 1183 eum
2134 1151 2264 1183 lenitate
2294 1159 2326 1183 et

1369 1194 1576 1234 benignitate,
1600 1194 1816 1225 thesaurizare
1839 1195 1897 1225 sibi
1922 1195 1999 1234 ipsis
2023 1195 2102 1225 iram
2128 1195 2160 1225 in
2185 1195 2235 1226 die
2259 1196 2325 1226 irae

1367 1243 1399 1266 et
1432 1237 1653 1277 patefactionis
1688 1237 1762 1268 iusti
1796 1237 1914 1268 iudicii.
1972 1237 2083 1277 Neque
2115 1238 2201 1268 enim
2236 1237 2327 1269 Deus

1368 1279 1451 1310 ferre
1475 1286 1581 1319 potest
1600 1280 1685 1310 dona
1707 1290 1765 1311 sua
1795 1280 1967 1319 profanari.
2005 1279 2112 1318 Quare
2139 1291 2237 1320 quum
2259 1281 2326 1311 suis

1369 1322 1530 1354 beneficiis
1555 1322 1643 1354 Deus
1674 1332 1732 1353 nos
1762 1322 1801 1353 ad
1831 1333 1864 1353 se
1887 1322 1994 1358 allicit,
2023 1323 2048 1353 si
2074 1330 2182 1353 nostra
2205 1323 2327 1354 malitia

1368 1366 1602 1400 recesserimus,
1633 1372 1664 1396 et
1686 1365 2005 1401 recalcitraverimns,
2040 1372 2163 1396 certum
2188 1372 2236 1396 est
2259 1372 2325 1397 tur·

1368 1407 1545 1448 pitudinem
1570 1413 1712 1439 nostram
1735 1407 1863 1438 tandem
1888 1408 2080 1447 patefactum
2105 1408 2152 1445 iri,
2175 1418 2325 1448 poenam-

1367 1461 1428 1491 que
1451 1458 1482 1482 et
1504 1451 1696 1490 supplicium
1720 1449 1917 1481 horrendum
1940 1450 2016 1481 fore.

1452 1494 1494 1524 Et
1517 1493 1673 1525 hactenus
1697 1493 1735 1524 de
1759 1493 1893 1524 Davidis
1917 1493 2095 1524 constantia
2119 1494 2153 1523 in
2176 1493 2326 1524 navanda

1367 1536 1457 1568 Sauli
1480 1537 1607 1576 ingrato
1630 1536 1716 1567 fideli
1739 1546 1845 1576 opera.
1869 1535 1963 1574 Quod
1987 1546 2062 1566 vero
2081 1535 2199 1566 dicitur
2217 1535 2325 1567 David

1338 1603 1340 1610 >
1365 1579 1559 1620 prudentius
1577 1579 1681 1619 egisse
1700 1589 1796 1619 quam
1816 1578 1929 1618 reliqui
1949 1578 2057 1609 Saulis
2076 1579 2170 1616 servi,
2193 1589 2325 1610 nomen-

1366 1633 1427 1662 que
1456 1623 1525 1653 eius
1555 1622 1672 1653 factum
1709 1621 1843 1658 celebre,
1878 1626 2011 1661 apparet
2042 1622 2148 1652 Deum
2186 1621 2326 1653 voluisse

1366 1666 1472 1705 ipsum
1506 1665 1539 1695 in
1566 1665 1653 1695 illam
1683 1664 1872 1705 dignitatem
1903 1663 2006 1703 evehi,
2042 1670 2075 1694 ut
2105 1663 2188 1703 apud
2215 1674 2325 1695 omnes

1366 1707 1539 1738 autoritate
1562 1713 1593 1738 et
1616 1707 1720 1747 gratia
1743 1707 1874 1743 valeret,
1897 1716 2034 1746 eumque
2058 1707 2194 1746 populus
2217 1717 2326 1738 amore

1365 1750 1520 1790 singulari
1544 1749 1819 1790 complecteretur,
1842 1759 1905 1789 quo
1929 1748 2008 1781 Saul
2032 1751 2135 1790 magis
2159 1750 2325 1790 magisque

1365 1799 1520 1831 ureretur,
1551 1800 1583 1823 et⁴
1604 1793 1704 1833 ipsius
1731 1792 1839 1823 odium
1864 1799 1896 1822 et
1923 1791 2097 1823 crudelitas
2120 1793 2324 1824 excitaretur.

1365 1835 1456 1875 Quae
1479 1835 1605 1875 quidem
1629 1836 1663 1866 in
1686 1836 1790 1876 speeie
1816 1833 1933 1866 Davidi
1956 1835 2055 1865 noxia
2077 1844 2146 1866 esse
2170 1835 2321 1866 videban-

1364 1886 1434 1909 tur:
1468 1878 1522 1909 sed
1557 1889 1655 1918 quum
1690 1878 1723 1909 in
1755 1877 1817 1908 Dei
1850 1883 1935 1909 esset
1963 1877 2064 1908 tutela
2092 1884 2124 1908 et
2153 1877 2321 1918 praesidio,

1366 1921 1456 1951 novit
1485 1921 1581 1952 etiam
1603 1921 1693 1952 Deus
1717 1920 1825 1952 Saulis
1855 1921 2009 1960 impetum
2033 1920 2188 1958 fraenare,
2219 1927 2251 1951 et
2273 1921 2321 1961 ip-

1364 1964 1430 1995 sius
1458 1973 1569 1995 omncs
1596 1969 1729 1995 conatus
1765 1964 1923 2003 frangere,
1962 1962 2234 2003 quemadmodum
2271 1973 2320 1994 se-

1364 2011 1482 2045 quente
1501 2006 1605 2047 capite
1625 2005 1819 2038 docebimur.
1847 2007 1934 2036 Deus
1953 2005 2059 2045 itaque
2072 2004 2206 2037 Saulem
2220 2004 2320 2037 Davi-

1365 2048 1412 2079 dis
1435 2059 1588 2089 prospero
1608 2060 1755 2080 successu
1776 2049 1846 2079 vult
1864 2048 1967 2088 magis
1985 2058 2022 2078 ac
2034 2048 2138 2088 magis
2150 2049 2208 2086 uri,
2229 2049 2322 2088 eique

1366 2092 1526 2122 inimicum
1552 2092 1628 2129 fieri,
1661 2098 1698 2122 ut
1727 2091 1831 2131 magis
1860 2092 1928 2122 eius
1958 2091 2046 2122 furor
2075 2097 2260 2133 exacuatur,
2290 2099 2322 2122 et

1365 2142 1470 2165 tamen
1507 2134 1551 2164 ita
1573 2134 1732 2165 Davidem
1768 2135 1916 2174 protegit,
1948 2144 1988 2164 ne
2019 2133 2095 2173 quid
2130 2133 2188 2173 ipsi
2214 2133 2322 2165 Saulis

1365 2177 1492 2208 fraudes
1515 2183 1547 2208 et
1569 2183 1704 2209 conatus
1727 2177 1852 2208 adferre
1875 2176 2058 2207 detrimenti
2082 2176 2212 2216 possint.
2258 2176 2322 2207 Da-

1366 2219 1445 2250 vidis
1468 2220 1576 2259 itaque
1600 2220 1683 2250 fama
1707 2220 1742 2250 fit
1765 2220 1797 2249 in
1822 2219 1890 2250 dies
1912 2219 2026 2250 clarior
2049 2224 2081 2248 et
2104 2218 2235 2258 reliquis
2257 2229 2322 2250 om—

1367 2262 1457 2292 nibus
1489 2262 1598 2293 Saulis
1629 2262 1763 2293 ducibus
1793 2263 1981 2302 praefertur,
2011 2267 2044 2291 et
2072 2261 2191 2292 honore
2215 2261 2321 2293 debito

1365 2305 1491 2336 fruitur.
1516 2305 1603 2336 Hinc
1626 2305 1734 2344 itaque
1754 2304 1924 2341 discamus,
1948 2303 2188 2343 insurgentibus
2207 2303 2322 2336 adver-

1366 2358 1433 2377 sum
1469 2358 1526 2378 nos
1561 2347 1670 2378 multis
1705 2346 1848 2378 hostibus
1882 2353 2013 2386 propter
2047 2346 2129 2377 dona
2160 2345 2276 2386 quibus
2304 2357 2324 2378 a

1368 2388 1434 2419 Deo
1464 2390 1618 2421 fuerimus
1647 2390 1808 2421 exornati:
1839 2395 1871 2420 et
1894 2389 2135 2428 indignantibus
2157 2389 2322 2429 improbis,

1366 2432 1390 2461 si
1423 2438 1531 2463 nostra
1560 2443 1656 2473 opera
1681 2433 1769 2463 Deus
1799 2432 1927 2472 insigne
1955 2431 2083 2471 aliquod
2114 2442 2195 2472 opus
2217 2432 2322 2472 perfe-

1338 2501 1340 2507 ,
1365 2475 1452 2510 cerit,
1477 2475 1640 2515 modisque
1663 2475 1812 2506 omnibus
1835 2480 1868 2505 et
1891 2474 2067 2505 rationibus
2088 2481 2231 2506 nostrum
2255 2475 2322 2506 exi·

359 2514 539 2544 animantes
572 2514 611 2544 ad
646 2514 786 2546 laborem
821 2523 1037 2554 reservantur,
1071 2515 1192 2547 modico
1228 2516 1339 2547 victu¹

1366 2517 1442 2546 tium
1478 2518 1715 2558 qnamentibus,
1756 2517 1863 2548 Deum
1899 2524 2006 2548 tamen
2042 2528 2099 2548 nos
2132 2528 2190 2548 sua
2224 2527 2321 2550 manu

1365 2558 1617 2595 sublevaturum,
1649 2571 1770 2600 nosque
1798 2560 1867 2600 ipso
1896 2560 1995 2591 fretos
2026 2559 2180 2591 adversus
2212 2571 2322 2592 omnes

1366 2600 1472 2631 hostes
1506 2610 1537 2632 ct
1571 2603 1697 2634 invidos
1726 2603 1798 2634 boni
1830 2603 1930 2633 nostri
1965 2603 2030 2633 fore
2062 2609 2156 2633 tutos.
2209 2603 2320 2642 Neque

1367 2653 1443 2673 vero
1466 2644 1545 2675 tales
1568 2656 1680 2677 sumus
1702 2646 1778 2686 quin
1803 2644 1974 2685 aliquando
1993 2646 2170 2677 sentiamus
2193 2656 2232 2676 ex
2251 2645 2321 2677 istis
