2551 3044
167 206 225 238 581

251 300 370 332 Adiicit
394 299 510 337 David,
539 299 641 330 Deum
670 298 750 329 inter
776 308 824 329 eos
854 308 920 328 esse
950 298 1004 336 qai
1032 298 1127 328 vitam

165 343 266 383 ipsius
298 345 484 374 sustentant:
517 342 634 382 quibus
669 341 775 371 verbis
810 350 874 370 non
911 340 985 370 facit
1021 339 1125 370 Deum

165 386 284 417 socium
315 396 424 417 eorum
454 385 507 424 qui
538 394 665 415 causam
695 383 796 423 ipsius
831 382 1037 420 tutabantur,
1071 383 1126 414 sed

165 428 303 459 ostendit
333 438 366 459 se
395 428 426 458 in
452 428 511 458 Dei
543 426 663 457 auxilio
691 425 928 465 conquiescere,
958 424 1033 456 licet
1063 436 1127 456 non

165 471 264 511 possit
294 481 366 506 cum
397 471 505 510 paucis
539 468 607 500 suis
640 468 796 499 militibus
829 467 984 498 adversus
1018 467 1126 499 Saulis

164 514 344 545 exercitum
367 511 526 553 praeliari.
573 511 721 550 Denique
744 509 901 550 quaedam
926 515 974 540 est
998 516 1125 541 contra-

165 557 286 587 riorum
309 555 481 595 oppositio:
505 554 595 594 quasi
619 553 714 590 dicat,
739 563 772 584 se
796 553 869 584 licet
888 553 921 583 in
942 552 1126 584 hominibus

165 609 228 629 non
259 598 403 629 inveniat
431 596 599 634 auxilium,
629 596 684 627 sed
711 605 728 626 a
754 595 861 627 Saulis
891 595 1037 635 partibus
1064 601 1127 626 stet

164 641 334 671 universus
365 639 519 679 populus,
554 639 672 669 fretum
707 643 816 669 tamen
855 649 923 669 esse
954 638 1038 669 bona
1068 649 1126 669 sua

162 682 368 715 conscientia.
399 681 486 721 Quid
505 681 572 712 ita?
604 681 698 720 Quod
722 692 741 712 a
764 681 829 712 suis
853 681 996 720 partibus
1017 680 1126 711 Deum
1152 688 1154 691 ’

163 731 248 757 stare
271 735 461 766 persuasum
486 724 613 755 habeat.
636 723 709 754 Non
733 724 834 764 igitur
852 724 884 754 in
904 728 1126 755 creaturarum

163 778 297 799 numero
322 768 426 799 Deum
456 768 594 807 reponit,
625 766 679 798 sed
711 766 777 798 sola
806 766 893 797 illius
924 767 1069 806 potentia
1092 777 1125 797 se

161 811 279 848 fretum
304 821 373 842 esse
397 809 545 841 ostendit.
588 809 725 840 Davidis
747 809 846 849 igitur
870 809 1056 849 exemplum
1080 809 1125 840 sic

161 853 336 890 imitemur,
368 858 403 884 ut
424 853 536 883 multis
559 852 674 892 agitati
697 852 848 892 periculis
873 852 977 882 Deum
1002 858 1124 882 statua-

161 906 234 927 mus
255 901 429 936 patronum
454 896 543 927 nobis
555 905 625 926 esse
647 894 680 925 in
695 895 806 926 coelis:
832 894 965 934 ideoque
984 894 1125 925 laetandi

162 939 253 970 nobis
270 938 410 969 oblatam
433 938 600 969 materiam
621 937 771 974 sciamus,
795 938 927 977 eiusque
948 937 1125 976 patrocinio
1151 940 1153 965 l

161 981 305 1012 contenti
335 982 450 1012 simus:
485 992 522 1012 ac
559 979 708 1011 omnibus
742 979 894 1011 audacter
930 980 1125 1010 insultemus

160 1024 301 1055 hostium
325 1024 568 1061 munitionibus,
600 1022 730 1060 viribus,
760 1022 882 1054 bellicis
905 1023 1124 1062 apparatibus,
1152 1028 1153 1054 ὲ

160 1066 258 1106 copiis
284 1066 457 1097 adversum
485 1077 544 1097 nos
572 1065 848 1105 conspirantibus,
886 1065 981 1096 modo
1015 1066 1124 1096 animo

159 1113 316 1140 statutum
342 1107 424 1139 illud
447 1109 632 1144 habeamus,
657 1108 763 1139 Deum
788 1109 874 1139 iuter
897 1118 951 1139 eos
974 1118 1043 1139 esse
1067 1108 1124 1148 qui

159 1162 290 1183 causam
311 1158 454 1183 nostram
479 1152 560 1182 tueri
588 1150 710 1182 volunt.
756 1151 840 1182 Nam
863 1162 940 1182 sane
962 1151 988 1182 si
1015 1157 1124 1191 partes

160 1201 286 1225 nostras
320 1194 411 1226 Deus
444 1199 592 1233 tueatur,
632 1204 666 1223 se
699 1194 905 1225 inimicorum
935 1199 1123 1224 nostrorum

158 1237 283 1268 hostem
307 1237 517 1277 profitebitur,
542 1247 699 1276 suamque
722 1237 876 1267 virtutem
894 1240 926 1267 et
945 1236 1123 1276 potentiam
1150 1242 1152 1263 l

158 1280 191 1310 in
214 1279 356 1319 ipsorum
384 1280 560 1319 perniciem
591 1284 622 1310 et
649 1279 800 1310 ultimum
825 1279 962 1310 exitium
985 1286 1122 1317 exseret,
1150 1313 1152 1321 ⁴

157 1332 257 1362 quum
287 1322 428 1353 maxime
456 1333 526 1354 sese
557 1323 664 1353 furore
693 1322 880 1353 extulerint.
926 1322 1123 1353 Nostrarum
1150 1328 1152 1335 ’

157 1364 257 1405 igitur
279 1365 490 1396 afflictionum
513 1365 658 1396 omnium
678 1366 800 1395 exitum
822 1365 941 1395 bonum
966 1365 1032 1395 fore
1051 1375 1122 1396 con-

157 1407 305 1446 fidamus,
335 1413 371 1438 ut
394 1419 521 1448 semper
545 1418 619 1438 vere
643 1408 748 1438 dicere
772 1408 942 1447 possimus,
975 1407 1080 1438 Deum
1105 1419 1124 1438 a

157 1451 276 1481 nostris
289 1456 376 1481 stare
389 1451 542 1490 partibus,
566 1457 773 1490 nostramque
786 1451 924 1482 salutem
938 1460 1122 1490 procurare.

157 1492 265 1532 Quam
289 1494 471 1525 necessaria
498 1495 540 1524 sit
571 1493 665 1524 hodie
689 1494 781 1524 nobis
805 1493 949 1524 doctriua
974 1493 1052 1524 haec
1077 1493 1123 1524 di·
1149 1515 1151 1535 3

157 1546 230 1567 cere
250 1535 330 1566 nihil
349 1537 480 1567 attinet:
505 1547 603 1576 quum
615 1537 694 1567 satis
714 1542 867 1576 appareat
886 1546 981 1576 quam
1007 1537 1123 1567 misera

158 1578 200 1609 sit
223 1578 316 1609 hodie
348 1578 445 1610 facies
473 1584 505 1610 et
535 1579 676 1610 conditio
707 1579 877 1610 ecclesiae:
907 1578 1042 1619 ideoque
1067 1590 1123 1610 nos

158 1621 184 1651 si
208 1621 364 1652 hactenus
386 1621 619 1653 caecutivimus
642 1626 698 1653 aut
711 1621 958 1652 dormitavimus
978 1627 1124 1661 oporteat

157 1664 300 1695 excitari.
340 1663 427 1696 Sane
450 1675 621 1705 possumus
644 1664 775 1705 quidem
799 1670 1006 1696 contemnere
1030 1665 1123 1704 quid-

157 1705 235 1746 quid
265 1706 438 1739 adversum
468 1718 526 1738 nos
550 1707 695 1739 diabolus
718 1707 878 1743 moliatur,
910 1707 972 1738 hac
1004 1707 1123 1739 fiducia

156 1749 238 1785 freti,
267 1749 375 1781 Deum
405 1761 475 1781 esse
505 1758 651 1781 nostrum
676 1750 889 1787 defensorem,
920 1757 951 1781 et
973 1750 1033 1780 snb
1056 1750 1122 1781 ala-

156 1802 229 1822 rum
253 1802 386 1823 suarum
417 1793 531 1824 umbra
563 1799 682 1834 tegere.
719 1792 784 1825 Sed
815 1793 914 1833 longo
945 1793 1121 1824 intervallo

156 1833 315 1865 dissident
338 1835 416 1867 fides
440 1843 472 1866 et
495 1836 702 1876 negligentia.
727 1835 811 1866 Nam
832 1836 859 1867 si
878 1834 1045 1867 credentes
1062 1847 1122 1868 nos

157 1886 175 1907 a
197 1876 268 1908 Deo
292 1878 514 1918 protegendos,
545 1879 676 1909 interim
700 1878 904 1909 desideamus
927 1883 959 1908 et
982 1879 1123 1918 pericula

157 1930 222 1950 non
245 1926 428 1952 metuamus
459 1932 521 1961 quo
553 1927 641 1952 metu
671 1921 810 1960 perculsi
841 1926 1044 1960 peccatorum
1069 1933 1124 1952 ve-

155 1962 243 1993 niam
267 1962 485 2003 deprecemur,
510 1965 627 1995 eteius
650 1964 904 1996 misericordiam
923 1964 1122 2002 invocemus,

156 2011 280 2036 certum
309 2012 356 2037 est
386 2007 519 2046 perinde
550 2017 698 2047 peccare,
729 2018 764 2038 ac
788 2007 814 2037 si
838 2007 950 2047 procul
974 2008 1080 2047 ipsum
1105 2018 1123 2038 a

156 2047 247 2079 nobis
277 2049 499 2087 reiiceremus,
531 2055 563 2080 et
594 2050 633 2081 ad
663 2060 720 2081 nos
750 2060 815 2080 non
846 2049 1009 2089 pertinere
1040 2060 1122 2090 quae

156 2100 190 2121 se
212 2091 438 2123 invocantibus
468 2097 518 2123 est
547 2092 710 2132 pollicitus
742 2103 776 2123 re
808 2093 878 2132 ipsa
907 2092 1121 2123 ostendimus.

156 2130 280 2165 Oculus
309 2135 395 2165 enim
418 2134 554 2166 Domini
584 2146 682 2175 super
712 2135 812 2166 iustos
836 2146 906 2166 esse
930 2134 1058 2174 dicitur,
1090 2141 1121 2166 et

157 2176 244 2207 auris
271 2177 371 2217 ipsius
403 2179 549 2217 proxima
584 2181 691 2218 ipsum
727 2177 963 2209 invocantibus.
1009 2177 1120 2217 Quare

156 2216 231 2249 licet
259 2218 367 2251 hostes
391 2221 491 2252 nostri
519 2220 657 2261 improbi
688 2222 754 2252 sint
776 2226 809 2251 et
832 2221 955 2258 iniusti,
988 2231 1120 2252 causam

157 2264 266 2291 tamen
289 2268 432 2294 nostram
463 2274 532 2295 esse
555 2264 685 2304 iustam,
716 2263 849 2304 Deoque
878 2263 967 2294 illam
991 2263 1120 2304 probari

157 2313 198 2333 ne
228 2303 419 2343 dubitemus,
451 2306 544 2337 modo
575 2306 722 2346 precibus
752 2306 791 2337 ad
822 2307 929 2346 ipsum
952 2306 1120 2346 confugia-

158 2355 247 2376 mus:
270 2347 428 2387 siquidem
452 2360 517 2380 non
540 2350 618 2381 satis
642 2356 689 2380 est
712 2349 842 2381 oculum
866 2349 997 2380 Domini
1021 2358 1120 2388 supra

158 2397 217 2418 nos
246 2399 330 2420 esse:
364 2391 419 2422 sed
449 2392 518 2422 eius
548 2392 645 2423 etiam
677 2402 787 2423 aurem
823 2392 943 2422 nostris
972 2392 1120 2432 precibus

158 2435 316 2462 attentam
339 2443 409 2464 esse
431 2445 561 2466 necesse
584 2440 648 2466 est:
673 2434 808 2474 ideoque
829 2434 935 2465 David
960 2445 1070 2474 preces
1089 2438 1122 2464 et

158 2473 319 2505 orationes
339 2486 414 2507 suas
436 2477 602 2518 coniungit
625 2488 699 2509 cum
720 2477 792 2515 fide,
815 2481 970 2517 tanquam
992 2478 1119 2516 insepa-

790 205 835 234 IN
862 205 886 235 I.
913 204 999 235 1213.
1023 204 1222 236 SAMUEL.
1248 206 1346 237 CAP.
1373 206 1501 238 XXVI.

1151 990 1153 1021 ᾗ
1178 978 1337 1009 fortunari
1368 980 1576 1019 postulemus.

159 2515 285 2547 rabiles.
331 2517 462 2550 Precari
484 2527 592 2551 autem
620 2520 772 2551 ardenter
795 2526 827 2550 et
850 2530 891 2551 ex
921 2521 1029 2550 animo
1054 2530 1119 2550 non

158 2567 336 2604 possumus,
360 2566 450 2592 tanta
472 2568 519 2594 est
543 2563 712 2594 hominum
731 2562 877 2594 socordia
899 2568 932 2593 et
954 2562 1118 2602 segnities,
1144 2579 1147 2609 ί

159 2601 221 2631 nisi
233 2602 448 2640 periculorum
462 2606 648 2645 urgentium
661 2611 748 2637 metu
762 2605 980 2637 sollicitemur.
995 2605 1118 2643 Quam·
1144 2626 1147 2644 7

159 2642 268 2674 obrem
295 2655 392 2684 quum
415 2657 452 2677 ea
475 2647 519 2678 sit
548 2648 717 2679 hominum
739 2649 894 2688 segnities
916 2654 948 2679 et
971 2648 1121 2685 tarditas,
1143 2659 1146 2673 Α

2081 210 2144 240 582

1181 303 1353 338 tantusque
1383 305 1494 340 stupor
1517 305 1554 331 ut
1576 301 1732 333 simillimi
1755 302 1820 333 sint
1844 302 1953 340 asinis,
1984 302 2038 342 qui
2062 313 2145 334 nun-

1181 350 1275 379 quam
1301 350 1493 380 promovent
1516 343 1578 374 nisi
1603 344 1724 376 baculis
1747 352 1938 384 urgeantur,
1963 345 2145 385 cogitemus

1153 390 1154 393 ’
1181 393 1239 413 nos
1263 384 1382 415 centies
1407 385 1523 416 millies
1546 387 1715 425 perituros,
1741 388 1802 419 nisi
1826 387 1917 418 Deus
1937 398 1976 418 ex
2000 388 2065 419 alto
2087 398 2146 419 nos

1181 430 1334 462 tueretur,
1357 427 1520 467 nostrique
1541 429 1760 460 misereretur:
1781 440 1817 461 ac
1838 429 1971 469 proinde
1991 431 2023 461 in
2038 430 2145 462 Deum

1153 469 1155 489 ἱ
1181 469 1400 508 restpicianius,
1431 470 1563 509 eiusque
1593 472 1712 503 tutelae
1743 482 1801 503 nos
1825 472 2000 511 tradamus,
2031 483 2145 504 causae

1182 519 1310 541 nostrae
1342 512 1496 543 iustitiam
1523 514 1591 544 sine
1621 514 1732 545 fraude
1763 520 1794 545 et
1825 515 2031 546 simulatione
2061 526 2146 547 com-

1181 553 1358 585 mittamus.
1410 555 1453 585 Et
1481 555 1506 585 si
1538 556 1617 587 forte
1649 557 1740 587 nobis
1770 557 1861 588 Deus
1893 557 1997 588 media
2029 558 2146 598 quibus

1181 595 1332 626 iniuriam
1357 597 1578 636 propulsemus
1603 598 1700 637 dedit,
1723 611 1763 630 ne
1784 600 1898 631 iisdem
1923 600 2101 640 gloriemur
2113 606 2147 632 et

1180 637 1372 678 efferamur,
1404 640 1487 670 ultra
1518 640 1647 671 modum
1678 642 1797 681 aliquid
1831 653 1871 673 ex
1903 643 1994 674 nobis
2017 643 2144 674 ausuri:

1182 691 1264 712 neve
1294 681 1334 711 iis
1365 682 1567 714 confidamus
1597 689 1630 714 et
1657 684 1844 722 innitamur,
1876 696 1917 716 ne
1949 685 2010 716 Dei
2034 693 2147 725 poten·

1181 722 1258 753 tiam
1279 724 1399 755 anobis
1425 725 1563 763 reiicere,
1587 731 1617 756 et
1641 732 1790 766 paratum
1804 728 1963 758 auxilium
1982 728 2147 768 despicere

1181 765 1358 797 videamur.
1383 767 1465 797 Nam
1490 768 1558 798 sola
1578 769 1637 799 Dei
1659 769 1877 801 misericordia
1896 770 2066 802 nitendum
2088 776 2147 808 est,

1180 808 1361 848 fiduciaque
1396 809 1522 840 divinae
1556 811 1709 842 bonitatis
1744 818 1775 842 et
1813 813 2082 852 promissionum:
2116 820 2148 844 et

1179 851 1359 882 cavendum
1383 863 1424 882 ne
1443 853 1474 883 in
1496 852 1682 884 hominibus
1701 861 1731 885 et
1752 855 1876 886 viribus
1899 852 1974 886 ullis
1994 855 2147 887 humanis

1180 894 1430 933 acquiescamus,
1455 895 1536 933 quod
1560 896 1640 926 nihil
1666 897 1726 928 nisi
1750 897 1859 929 fumus
1878 902 1910 928 et
1923 898 2040 929 umbra
2060 903 2146 930 sunt.

1179 935 1289 974 Quare
1313 937 1338 967 si
1363 947 1424 976 qua
1448 937 1537 968 Deus
1568 938 1673 969 media
1697 938 1831 976 dederit,
1863 940 1977 971 eadem
2011 941 2050 972 ab
2076 942 2147 981 ipso

1622 981 1760 1012 Interim
1793 993 1868 1013 vcro
1901 982 1977 1014 licet
2007 984 2147 1014 salutem

1181 1028 1323 1052 nostram
1350 1022 1446 1052 veluti
1472 1024 1578 1062 procul
1600 1024 1794 1064 intueamur,
1818 1031 1850 1056 et
1870 1025 1978 1057 hostes
1997 1026 2147 1057 omnibus

1179 1064 1274 1095 rebus
1305 1066 1492 1096 necessariis
1523 1066 1630 1105 copiis,
1655 1068 1764 1104 armis,
1795 1068 2044 1106 munitionibus,
2070 1079 2148 1100 con-

1179 1107 1259 1137 siliis
1279 1107 1519 1139 instructissimi
1545 1119 1602 1140 nos
1615 1109 1815 1147 adoriantur,
1840 1120 1880 1141 ne
1903 1116 2075 1150 propterea
2093 1111 2148 1142 de-

1178 1149 1375 1189 spondentes
1398 1152 1541 1181 animum
1566 1153 1654 1191 quasi
1679 1152 1881 1183 conclamata
1904 1153 2010 1184 salute
2035 1153 2147 1194 despe-

1151 1198 1152 1201 ’
1178 1202 1296 1223 remus.
1339 1193 1420 1223 Nam
1445 1204 1507 1233 quo
1531 1195 1770 1234 arrogantiores
1793 1201 1877 1232 sunt,
1900 1201 1933 1226 et
1956 1206 2020 1236 quo
2045 1197 2148 1238 magis

1178 1235 1366 1271 efferuntur,
1390 1243 1513 1267 certum
1533 1242 1580 1268 est
1599 1238 1684 1276 ipsos
1697 1248 1765 1268 esse
1785 1238 1886 1268 exitio
1911 1249 1968 1269 suo
1988 1240 2147 1279 proquin-

1179 1279 1314 1317 quiores,
1341 1278 1402 1309 Dei
1426 1279 1510 1318 ipsos
1532 1286 1726 1311 excaecante
1750 1281 1833 1311 iusto
1857 1281 1988 1312 iudicio.

1264 1320 1480 1359 Quamobrem
1501 1333 1599 1361 quum
1622 1323 1715 1353 hodie
1734 1323 1955 1362 improborum
1978 1324 2146 1355 hominum

1178 1370 1210 1394 et
1223 1364 1374 1394 ecclesiae
1396 1366 1634 1396 coniuratorum
1656 1365 1796 1396 hostium
1818 1376 1911 1397 voces
1932 1366 2146 1406 blasphemas,

1178 1412 1320 1442 conatus,
1345 1407 1485 1444 consilia,
1515 1408 1619 1438 minas
1643 1408 1801 1444 audimus,
1832 1408 1895 1439 Dei
1919 1409 2089 1440 veritatem
2114 1416 2147 1441 et

1178 1450 1345 1480 ecclesiam
1359 1450 1484 1481 abolere
1498 1456 1529 1481 et
1549 1450 1759 1490 pessumdare
1782 1452 1982 1491 conantium,
2007 1453 2146 1483 sciamus

1178 1502 1251 1523 caro
1275 1492 1341 1524 illis
1371 1493 1594 1528 const-iturum,
1630 1503 1740 1524 omnes
1771 1493 1917 1533 ipsorum
1949 1502 2083 1526 conatus
2114 1495 2146 1525 in

1179 1535 1302 1565 fumum
1327 1534 1479 1573 abituros,
1511 1535 1571 1566 etsi
1601 1536 1680 1566 nihil
1712 1536 1775 1566 nisi
1808 1536 1944 1567 fulmina
1968 1544 2001 1567 et
2023 1543 2147 1577 tempe-

1178 1583 1278 1608 states
1291 1578 1471 1608 minentur:
1498 1578 1667 1617 Deumque
1689 1579 1879 1618 praecipites
1898 1579 1970 1610 illos
1983 1578 2146 1617 daturum,

1178 1631 1256 1660 quos
1278 1620 1313 1651 in
1336 1631 1427 1651 suam
1446 1621 1590 1660 ipsorum
1610 1621 1829 1652 confusionem
1852 1621 1971 1652 armari
1990 1624 2146 1661 permisit.

1149 1664 1151 1673 ²
1177 1663 1317 1703 Ideoque
1340 1663 1414 1694 licet
1438 1664 1471 1694 in
1501 1664 1650 1694 maximis
1673 1664 1833 1703 angustiis
1862 1664 2029 1695 constituti
2053 1664 2147 1696 debe-

1178 1716 1249 1737 mus
1273 1706 1398 1737 animos
1428 1716 1566 1743 sumere,
1598 1712 1629 1737 et
1659 1705 1898 1737 ardentioribus
1929 1707 2013 1738 votis
2036 1707 2146 1738 Deum

1177 1750 1336 1784 invocare,
1369 1749 1453 1789 apud
1486 1750 1588 1788 ipsum
1622 1749 1768 1788 querelas
1798 1749 2019 1780 effundentes:
2051 1750 2147 1781 Eheu

1176 1792 1317 1822 Domine
1341 1791 1440 1827 Deus,
1470 1792 1490 1822 ii
1522 1801 1601 1831 quos
1624 1791 1733 1822 fideles
1763 1797 1956 1831 oportuerat
1978 1802 2049 1823 esse
2072 1798 2146 1823 tuae

1178 1835 1355 1865 maiestatis
1380 1835 1527 1869 cultores,
1559 1834 1644 1864 idem
1677 1833 1846 1864 nobiscum
1878 1834 2146 1866 Christianorum

1178 1887 1297 1907 nomen
1321 1878 1520 1917 profitentes,
1545 1881 1785 1908 sacrosanctum
1812 1887 1933 1908 nomen
1957 1883 2049 1908 tuum
2077 1888 2147 1917 pes-

1178 1919 1327 1958 sundare,
1357 1926 1388 1950 et
1411 1930 1506 1960 quam
1531 1920 1696 1950 ecelesiam
1720 1919 1930 1959 constituisti,
1956 1919 2091 1959 perdere
2114 1925 2147 1952 et

1178 1962 1305 1994 abolere
1330 1963 1498 1994 nituntur:
1522 1962 1725 2002 quamobrem
1752 1968 1787 1992 tu
1811 1962 1864 2001 qui
1890 1964 1973 1993 nosti
1999 1963 2145 2002 ipsorum

1178 2005 1316 2044 fraudes,
1336 2006 1467 2036 consilia
1481 2011 1510 2035 et
1524 2013 1665 2043 conatus,
1685 2005 1781 2035 rebus
1799 2005 1929 2035 incertis
1945 2015 2002 2036 nos
2015 2005 2144 2043 adiuva,

1177 2048 1311 2079 miseros
1325 2055 1395 2079 tuos
1409 2048 1539 2088 respice,
1564 2054 1595 2078 et
1609 2058 1665 2087 pro
1686 2054 1742 2077 tua
1756 2047 1977 2078 misericordia
1991 2048 2146 2080 subleva:

1177 2098 1208 2122 et
1232 2091 1320 2121 unici
1350 2091 1406 2121 filii
1440 2092 1483 2121 tui
1513 2096 1753 2121 sacrosanctum
1785 2100 1902 2120 nomen
1935 2091 2144 2129 profanantes

1176 2140 1208 2166 et
1227 2133 1362 2173 pedibus
1380 2133 1540 2165 calcantes
1553 2133 1707 2172 opprime,
1732 2143 1852 2171 nosque
1876 2143 1894 2163 a
1911 2133 2027 2163 salutis
2050 2134 2145 2165 unica

1176 2188 1232 2217 spe
1256 2176 1420 2207 dimovere
1445 2177 1586 2207 nitentes
1610 2174 1706 2214 perde
1731 2180 1761 2204 et
1784 2175 1818 2205 in
1832 2174 1984 2206 ultimum
2004 2176 2143 2207 exitium

1176 2221 1278 2258 mitte,
1301 2229 1411 2258 preces
1435 2224 1562 2249 nostras
1586 2219 1724 2257 benigne
1747 2217 1838 2248 Deus
1870 2217 2014 2255 admitte,
2043 2218 2142 2250 corda

1175 2268 1286 2293 nostra
1310 2262 1404 2292 intui
1425 2262 1537 2292 timore
1559 2267 1589 2291 et
1609 2260 1792 2291 obedientia
1812 2259 1936 2292 robora.
1961 2271 2024 2300 quo
2044 2261 2144 2293 nullis

1174 2304 1413 2345 impedimentis
1427 2314 1599 2335 avocemur
1617 2303 1656 2333 ab
1676 2302 1858 2333 invocando
1882 2309 1914 2333 et
1933 2303 2143 2342 glorificando

1174 2355 1228 2378 tuo
1252 2347 1382 2377 nomine
1405 2346 1559 2386 quamdiu
1584 2346 1653 2376 vita
1676 2351 1839 2384 superstes
1870 2346 1941 2382 erit,
1972 2352 2005 2376 tu
2037 2347 2143 2386 propi-

1175 2391 1238 2421 tius
1267 2395 1334 2419 esto
1364 2400 1480 2420 nomen
1511 2395 1603 2419 tuum
1633 2388 1877 2424 invocantibus,
1915 2395 1945 2418 et
1984 2389 2141 2420 auxilium

1173 2438 1356 2473 opportuno
1387 2437 1530 2471 tempore
1554 2432 1644 2461 ferto.
1691 2430 1740 2460 En
1766 2430 1883 2469 quibus
1911 2431 1995 2461 votis
2025 2432 2141 2462 confir-

1174 2476 1254 2506 mari
1287 2485 1344 2504 nos
1374 2480 1518 2514 oportet7
1558 2473 1716 2513 fidemque
1755 2480 1900 2503 nostram
1934 2473 2077 2504 roborari
2109 2478 2141 2504 et

1174 2519 1260 2549 vires
1283 2517 1427 2555 accipere
1451 2517 1598 2551 maiores,
1623 2526 1685 2555 quo
1711 2514 1973 2546 adversariorum
2005 2522 2140 2547 conatus

1173 2567 1203 2591 et
1223 2559 1357 2591 consilia
1377 2559 1543 2598 minasque
1564 2557 1709 2588 videmus
1729 2558 1956 2589 immaniores:
1975 2569 2054 2598 quos
2073 2570 2139 2590 non

1173 2601 1386 2635 dubitandum
1411 2608 1459 2632 est
1483 2602 1559 2640 quin
1585 2601 1674 2631 Deus
1697 2601 1934 2631 excaecaverit.
1966 2607 2001 2631 ut
2024 2601 2140 2632 adver-

1173 2658 1226 2678 sus
1258 2647 1343 2685 ipsos
1373 2644 1548 2675 vindictam
1572 2647 1701 2675 exserat
1727 2643 1876 2674 omnibus
1907 2648 2052 2682 paratam
2083 2644 2142 2684 qui

1884 2693 1935 2718 37·
