<?xml version="1.0" encoding="UTF-8"?>
<!DOCTYPE html PUBLIC "-//W3C//DTD XHTML 1.0 Transitional//EN"
    "http://www.w3.org/TR/xhtml1/DTD/xhtml1-transitional.dtd">
<html xmlns="http://www.w3.org/1999/xhtml" xml:lang="en" lang="en">
 <head>
  <title>
</title>
<meta http-equiv="Content-Type" content="text/html;charset=utf-8" />
  <meta name='ocr-system' content='tesseract 3.04.00' />
  <meta name='ocr-capabilities' content='ocr_page ocr_carea ocr_par ocr_line ocrx_word'/>
</head>
<body>
  <div class='ocr_page' id='page_1' title='image "./ioanniscalviniop30calv_0357.png"; bbox 0 0 2551 3044; ppageno 0'>
   <div class='ocr_carea' id='block_1_1' title="bbox 0 589 47 3044">
    <p class='ocr_par' dir='ltr' id='par_1_1' title="bbox 0 589 47 3044">
     <span class='ocr_line' id='line_1_1' title="bbox 0 589 47 3044; baseline 0 0"><span class='ocrx_word' id='word_1_1' title='bbox 0 589 47 3044; x_wconf 95' lang='lat' dir='ltr'> </span> 
     </span>
    </p>
   </div>
   <div class='ocr_carea' id='block_1_2' title="bbox 222 218 283 248">
    <p class='ocr_par' dir='ltr' id='par_1_2' title="bbox 222 218 283 248">
     <span class='ocr_line' id='line_1_2' title="bbox 222 218 283 248; baseline -0.016 0"><span class='ocrx_word' id='word_1_2' title='bbox 222 218 283 248; x_wconf 79' lang='lat'>693</span> 
     </span>
    </p>
   </div>
   <div class='ocr_carea' id='block_1_3' title="bbox 221 306 1210 512">
    <p class='ocr_par' dir='ltr' id='par_1_3' title="bbox 221 306 1210 512">
     <span class='ocr_line' id='line_1_3' title="bbox 222 306 1183 350; baseline -0.007 -8"><span class='ocrx_word' id='word_1_3' title='bbox 222 312 263 342; x_wconf 80' lang='lat' dir='ltr'>ad</span> <span class='ocrx_word' id='word_1_4' title='bbox 285 319 442 350; x_wconf 74' lang='lat' dir='ltr'>muynum,</span> <span class='ocrx_word' id='word_1_5' title='bbox 466 311 528 339; x_wconf 74' lang='lat' dir='ltr'>tam</span> <span class='ocrx_word' id='word_1_6' title='bbox 550 309 585 339; x_wconf 80' lang='lat' dir='ltr'>de</span> <span class='ocrx_word' id='word_1_7' title='bbox 602 307 679 346; x_wconf 65' lang='lat' dir='ltr'>filiis</span> <span class='ocrx_word' id='word_1_8' title='bbox 694 307 834 346; x_wconf 75' lang='lat' dir='ltr'>quamde</span> <span class='ocrx_word' id='word_1_9' title='bbox 855 306 993 345; x_wconf 64' lang='lat' dir='ltr'>filiabus,</span> <span class='ocrx_word' id='word_1_10' title='bbox 1017 309 1044 336; x_wconf 75' lang='lat' dir='ltr'>et</span> <span class='ocrx_word' id='word_1_11' title='bbox 1061 306 1096 336; x_wconf 80' lang='lat' dir='ltr'>de</span> <span class='ocrx_word' id='word_1_12' title='bbox 1114 315 1183 344; x_wconf 80' lang='lat' dir='ltr'>spo-</span> 
     </span>
     <span class='ocr_line' id='line_1_4' title="bbox 221 347 1210 392; baseline -0.008 -7"><span class='ocrx_word' id='word_1_13' title='bbox 221 354 291 385; x_wconf 59' lang='lat' dir='ltr'>liis.-</span> <span class='ocrx_word' id='word_1_14' title='bbox 325 361 520 392; x_wconf 77' lang='lat' dir='ltr'>quaecunque</span> <span class='ocrx_word' id='word_1_15' title='bbox 552 353 738 389; x_wconf 76' lang='lat' dir='ltr'><em>rapuerant,</em></span> <span class='ocrx_word' id='word_1_16' title='bbox 773 350 876 380; x_wconf 73' lang='lat' dir='ltr'>omnia</span> <span class='ocrx_word' id='word_1_17' title='bbox 909 350 1034 380; x_wconf 65' lang='lat' dir='ltr'>reduxit</span> <span class='ocrx_word' id='word_1_18' title='bbox 1067 347 1182 379; x_wconf 78' lang='lat' dir='ltr'>David.</span> <span class='ocrx_word' id='word_1_19' title='bbox 1209 371 1210 374; x_wconf 56' lang='grc'>,</span> 
     </span>
     <span class='ocr_line' id='line_1_5' title="bbox 222 389 1210 431; baseline -0.007 -4"><span class='ocrx_word' id='word_1_20' title='bbox 222 396 273 427; x_wconf 81' lang='grc'>20.</span> <span class='ocrx_word' id='word_1_21' title='bbox 297 395 341 426; x_wconf 75' lang='lat' dir='ltr'>Et</span> <span class='ocrx_word' id='word_1_22' title='bbox 363 394 433 425; x_wconf 67' lang='lat' dir='ltr'>tulit</span> <span class='ocrx_word' id='word_1_23' title='bbox 455 394 615 424; x_wconf 66' lang='lat' dir='ltr'>uociversos</span> <span class='ocrx_word' id='word_1_24' title='bbox 637 402 752 431; x_wconf 72' lang='lat' dir='ltr'>yreyes,</span> <span class='ocrx_word' id='word_1_25' title='bbox 785 395 811 422; x_wconf 73' lang='lat' dir='ltr'>et</span> <span class='ocrx_word' id='word_1_26' title='bbox 833 395 979 427; x_wconf 71' lang='lat' dir='ltr'>armenta,</span> <span class='ocrx_word' id='word_1_27' title='bbox 1004 394 1030 422; x_wconf 73' lang='lat' dir='ltr'>eb</span> <span class='ocrx_word' id='word_1_28' title='bbox 1053 390 1185 421; x_wconf 62' lang='lat' dir='ltr'>militavit</span> <span class='ocrx_word' id='word_1_29' title='bbox 1209 389 1210 403; x_wconf 66' lang='lat'>¹</span> 
     </span>
     <span class='ocr_line' id='line_1_6' title="bbox 222 433 1210 477; baseline -0.006 -7"><span class='ocrx_word' id='word_1_30' title='bbox 222 441 291 470; x_wconf 76' lang='lat' dir='ltr'>ante</span> <span class='ocrx_word' id='word_1_31' title='bbox 323 437 434 477; x_wconf 65' lang='lat' dir='ltr'>faciem</span> <span class='ocrx_word' id='word_1_32' title='bbox 467 444 573 466; x_wconf 83' lang='lat' dir='ltr'>suam:</span> <span class='ocrx_word' id='word_1_33' title='bbox 608 435 829 473; x_wconf 67' lang='lat' dir='ltr'>dixeruntque:</span> <span class='ocrx_word' id='word_1_34' title='bbox 871 434 955 465; x_wconf 71' lang='lat' dir='ltr'>Haec</span> <span class='ocrx_word' id='word_1_35' title='bbox 990 437 1033 465; x_wconf 79' lang='lat' dir='ltr'>est</span> <span class='ocrx_word' id='word_1_36' title='bbox 1060 433 1184 473; x_wconf 55' lang='lat' dir='ltr'>pracda</span> <span class='ocrx_word' id='word_1_37' title='bbox 1209 437 1210 452; x_wconf 69' lang='lat'><em>³</em></span> 
     </span>
     <span class='ocr_line' id='line_1_7' title="bbox 224 481 342 512; baseline -0.008 0"><span class='ocrx_word' id='word_1_38' title='bbox 224 481 342 512; x_wconf 80' lang='lat' dir='ltr'>David.</span> 
     </span>
    </p>
   </div>
   <div class='ocr_carea' id='block_1_4' title="bbox 219 560 1215 2696">
    <p class='ocr_par' dir='ltr' id='par_1_4' title="bbox 219 560 1215 2696">
     <span class='ocr_line' id='line_1_8' title="bbox 312 560 1183 596; baseline -0.007 0"><span class='ocrx_word' id='word_1_39' title='bbox 312 561 574 596; x_wconf 80' lang='lat' dir='ltr'>Considerandus</span> <span class='ocrx_word' id='word_1_40' title='bbox 612 561 704 593; x_wconf 85' lang='lat' dir='ltr'>nobis</span> <span class='ocrx_word' id='word_1_41' title='bbox 733 562 873 594; x_wconf 84' lang='lat' dir='ltr'>occurrit</span> <span class='ocrx_word' id='word_1_42' title='bbox 898 562 1031 592; x_wconf 85' lang='lat' dir='ltr'>effectus</span> <span class='ocrx_word' id='word_1_43' title='bbox 1062 560 1183 591; x_wconf 83' lang='lat' dir='ltr'>oraculi</span> 
     </span>
     <span class='ocr_line' id='line_1_9' title="bbox 221 604 1182 644; baseline -0.006 -5"><span class='ocrx_word' id='word_1_44' title='bbox 221 608 308 640; x_wconf 85' lang='lat' dir='ltr'>illius</span> <span class='ocrx_word' id='word_1_45' title='bbox 329 605 448 637; x_wconf 89' lang='lat' dir='ltr'>Davidi</span> <span class='ocrx_word' id='word_1_46' title='bbox 473 616 490 635; x_wconf 85' lang='lat' dir='ltr'>a</span> <span class='ocrx_word' id='word_1_47' title='bbox 509 604 650 635; x_wconf 89' lang='lat' dir='ltr'>Domino</span> <span class='ocrx_word' id='word_1_48' title='bbox 674 606 750 636; x_wconf 82' lang='lat' dir='ltr'>faeti</span> <span class='ocrx_word' id='word_1_49' title='bbox 775 605 812 635; x_wconf 90' lang='lat' dir='ltr'>de</span> <span class='ocrx_word' id='word_1_50' title='bbox 833 605 969 636; x_wconf 74' lang='lat' dir='ltr'>inimicis</span> <span class='ocrx_word' id='word_1_51' title='bbox 990 614 1182 644; x_wconf 86' lang='lat' dir='ltr'>persequen-</span> 
     </span>
     <span class='ocr_line' id='line_1_10' title="bbox 222 645 1183 688; baseline -0.004 -8"><span class='ocrx_word' id='word_1_52' title='bbox 222 651 278 687; x_wconf 90' lang='lat' dir='ltr'>dis,</span> <span class='ocrx_word' id='word_1_53' title='bbox 310 648 393 688; x_wconf 91' lang='lat' dir='ltr'>quod</span> <span class='ocrx_word' id='word_1_54' title='bbox 424 648 555 678; x_wconf 87' lang='lat' dir='ltr'>minime</span> <span class='ocrx_word' id='word_1_55' title='bbox 587 648 645 678; x_wconf 84' lang='lat' dir='ltr'>fuit</span> <span class='ocrx_word' id='word_1_56' title='bbox 677 650 782 683; x_wconf 86' lang='lat' dir='ltr'>inane,</span> <span class='ocrx_word' id='word_1_57' title='bbox 815 658 873 678; x_wconf 87' lang='lat' dir='ltr'>nec</span> <span class='ocrx_word' id='word_1_58' title='bbox 903 658 959 686; x_wconf 83' lang='lat' dir='ltr'>spe</span> <span class='ocrx_word' id='word_1_59' title='bbox 988 658 1046 677; x_wconf 86' lang='lat' dir='ltr'>sua</span> <span class='ocrx_word' id='word_1_60' title='bbox 1076 645 1183 677; x_wconf 83' lang='lat' dir='ltr'>David</span> 
     </span>
     <span class='ocr_line' id='line_1_11' title="bbox 224 689 1182 729; baseline -0.006 -5"><span class='ocrx_word' id='word_1_61' title='bbox 224 694 395 726; x_wconf 64' lang='lat' dir='ltr'>frustratus</span> <span class='ocrx_word' id='word_1_62' title='bbox 419 697 485 726; x_wconf 83' lang='lat' dir='ltr'>est,</span> <span class='ocrx_word' id='word_1_63' title='bbox 524 701 622 729; x_wconf 90' lang='lat' dir='ltr'>quum</span> <span class='ocrx_word' id='word_1_64' title='bbox 649 691 706 721; x_wconf 89' lang='lat' dir='ltr'>Dei</span> <span class='ocrx_word' id='word_1_65' title='bbox 740 690 900 720; x_wconf 87' lang='lat' dir='ltr'>voluntati</span> <span class='ocrx_word' id='word_1_66' title='bbox 940 689 1182 729; x_wconf 84' lang='lat' dir='ltr'>obtemperavit.</span> 
     </span>
     <span class='ocr_line' id='line_1_12' title="bbox 221 732 1182 774; baseline -0.004 -9"><span class='ocrx_word' id='word_1_67' title='bbox 221 735 417 774; x_wconf 83' lang='lat' dir='ltr'>Rrogrcssus</span> <span class='ocrx_word' id='word_1_68' title='bbox 459 733 563 772; x_wconf 86' lang='lat' dir='ltr'>itaque</span> <span class='ocrx_word' id='word_1_69' title='bbox 604 743 676 763; x_wconf 88' lang='lat' dir='ltr'>cum</span> <span class='ocrx_word' id='word_1_70' title='bbox 720 734 883 763; x_wconf 75' lang='lat' dir='ltr'>sexcentis</span> <span class='ocrx_word' id='word_1_71' title='bbox 917 733 980 762; x_wconf 91' lang='lat' dir='ltr'>illis</span> <span class='ocrx_word' id='word_1_72' title='bbox 1015 732 1094 762; x_wconf 87' lang='lat' dir='ltr'>viris</span> <span class='ocrx_word' id='word_1_73' title='bbox 1129 732 1182 770; x_wconf 90' lang='lat' dir='ltr'>qui</span> 
     </span>
     <span class='ocr_line' id='line_1_13' title="bbox 220 774 1181 818; baseline -0.004 -10"><span class='ocrx_word' id='word_1_74' title='bbox 220 778 326 818; x_wconf 85' lang='lat' dir='ltr'>ipsum</span> <span class='ocrx_word' id='word_1_75' title='bbox 351 775 593 812; x_wconf 83' lang='lat' dir='ltr'>comitabantur,</span> <span class='ocrx_word' id='word_1_76' title='bbox 626 776 742 805; x_wconf 88' lang='lat' dir='ltr'>dicitur</span> <span class='ocrx_word' id='word_1_77' title='bbox 768 777 892 805; x_wconf 82' lang='lat' dir='ltr'>venisse</span> <span class='ocrx_word' id='word_1_78' title='bbox 918 786 1016 815; x_wconf 88' lang='lat' dir='ltr'>nsque</span> <span class='ocrx_word' id='word_1_79' title='bbox 1047 774 1085 805; x_wconf 80' lang='lat' dir='ltr'>ad</span> <span class='ocrx_word' id='word_1_80' title='bbox 1118 781 1181 805; x_wconf 87' lang='lat' dir='ltr'>tor—</span> 
     </span>
     <span class='ocr_line' id='line_1_14' title="bbox 219 817 1183 855; baseline -0.005 -4"><span class='ocrx_word' id='word_1_81' title='bbox 219 826 344 852; x_wconf 78' lang='lat' dir='ltr'><strong>rentem</strong></span> <span class='ocrx_word' id='word_1_82' title='bbox 368 818 509 855; x_wconf 76' lang='lat' dir='ltr'>Besoris‚</span> <span class='ocrx_word' id='word_1_83' title='bbox 531 825 561 849; x_wconf 90' lang='lat' dir='ltr'>et</span> <span class='ocrx_word' id='word_1_84' title='bbox 586 819 627 849; x_wconf 89' lang='lat' dir='ltr'>ibi</span> <span class='ocrx_word' id='word_1_85' title='bbox 648 825 775 849; x_wconf 80' lang='lat' dir='ltr'>coaetus</span> <span class='ocrx_word' id='word_1_86' title='bbox 799 819 895 848; x_wconf 83' lang='lat' dir='ltr'>fuisse</span> <span class='ocrx_word' id='word_1_87' title='bbox 909 818 1062 848; x_wconf 87' lang='lat' dir='ltr'>ducentos</span> <span class='ocrx_word' id='word_1_88' title='bbox 1083 817 1183 846; x_wconf 88' lang='lat' dir='ltr'>homi-</span> 
     </span>
     <span class='ocr_line' id='line_1_15' title="bbox 220 861 1184 900; baseline -0.001 -9"><span class='ocrx_word' id='word_1_89' title='bbox 220 874 279 896; x_wconf 80' lang='lat' dir='ltr'>nes</span> <span class='ocrx_word' id='word_1_90' title='bbox 302 862 427 891; x_wconf 74' lang='lat' dir='ltr'>tertiam</span> <span class='ocrx_word' id='word_1_91' title='bbox 454 868 576 899; x_wconf 87' lang='lat' dir='ltr'>partem</span> <span class='ocrx_word' id='word_1_92' title='bbox 606 862 767 892; x_wconf 81' lang='lat' dir='ltr'>exercitus</span> <span class='ocrx_word' id='word_1_93' title='bbox 798 861 988 900; x_wconf 83' lang='lat' dir='ltr'>relinquere.</span> <span class='ocrx_word' id='word_1_94' title='bbox 1037 861 1184 899; x_wconf 82' lang='lat' dir='ltr'>Exiguus</span> 
     </span>
     <span class='ocr_line' id='line_1_16' title="bbox 219 904 1183 945; baseline -0.003 -10"><span class='ocrx_word' id='word_1_95' title='bbox 219 905 319 945; x_wconf 85' lang='lat' dir='ltr'>igitur</span> <span class='ocrx_word' id='word_1_96' title='bbox 343 905 396 934; x_wconf 90' lang='lat' dir='ltr'>ille</span> <span class='ocrx_word' id='word_1_97' title='bbox 420 914 572 934; x_wconf 87' lang='lat' dir='ltr'>numerus</span> <span class='ocrx_word' id='word_1_98' title='bbox 591 904 898 943; x_wconf 82' lang='lat' dir='ltr'>quadringentorum</span> <span class='ocrx_word' id='word_1_99' title='bbox 914 904 1053 933; x_wconf 90' lang='lat' dir='ltr'>militum</span> <span class='ocrx_word' id='word_1_100' title='bbox 1073 913 1183 942; x_wconf 88' lang='lat' dir='ltr'>super-</span> 
     </span>
     <span class='ocr_line' id='line_1_17' title="bbox 221 946 1185 986; baseline -0.003 -8"><span class='ocrx_word' id='word_1_101' title='bbox 221 948 282 978; x_wconf 85' lang='lat' dir='ltr'>fuit</span> <span class='ocrx_word' id='word_1_102' title='bbox 304 946 343 977; x_wconf 89' lang='lat' dir='ltr'>ad</span> <span class='ocrx_word' id='word_1_103' title='bbox 369 953 415 976; x_wconf 92' lang='lat' dir='ltr'>tot</span> <span class='ocrx_word' id='word_1_104' title='bbox 437 946 544 977; x_wconf 79' lang='lat' dir='ltr'>hostes</span> <span class='ocrx_word' id='word_1_105' title='bbox 569 946 817 986; x_wconf 86' lang='lat' dir='ltr'>persequendos,</span> <span class='ocrx_word' id='word_1_106' title='bbox 842 952 873 976; x_wconf 88' lang='lat' dir='ltr'>et</span> <span class='ocrx_word' id='word_1_107' title='bbox 897 946 1047 977; x_wconf 86' lang='lat' dir='ltr'>cumillis</span> <span class='ocrx_word' id='word_1_108' title='bbox 1072 956 1185 975; x_wconf 86' lang='lat' dir='ltr'>manus</span> 
     </span>
     <span class='ocr_line' id='line_1_18' title="bbox 220 988 1183 1029; baseline -0.003 -8"><span class='ocrx_word' id='word_1_109' title='bbox 220 989 440 1022; x_wconf 78' lang='lat' dir='ltr'>conferendas.</span> <span class='ocrx_word' id='word_1_110' title='bbox 486 989 658 1029; x_wconf 73' lang='lat' dir='ltr'><strong>Ingentem</strong></span> <span class='ocrx_word' id='word_1_111' title='bbox 688 992 774 1019; x_wconf 87' lang='lat' dir='ltr'>enim</span> <span class='ocrx_word' id='word_1_112' title='bbox 807 989 904 1019; x_wconf 83' lang='lat' dir='ltr'>fuisse</span> <span class='ocrx_word' id='word_1_113' title='bbox 930 988 1183 1019; x_wconf 86' lang='lat' dir='ltr'>Amalecitarum</span> 
     </span>
     <span class='ocr_line' id='line_1_19' title="bbox 220 1031 1185 1072; baseline -0.002 -10"><span class='ocrx_word' id='word_1_114' title='bbox 220 1032 398 1064; x_wconf 82' lang='lat' dir='ltr'>exercitum</span> <span class='ocrx_word' id='word_1_115' title='bbox 430 1031 508 1062; x_wconf 87' lang='lat' dir='ltr'>satis</span> <span class='ocrx_word' id='word_1_116' title='bbox 540 1037 682 1072; x_wconf 82' lang='lat' dir='ltr'>apparet.</span> <span class='ocrx_word' id='word_1_117' title='bbox 729 1031 815 1070; x_wconf 75' lang='lat' dir='ltr'>Quid</span> <span class='ocrx_word' id='word_1_118' title='bbox 847 1042 922 1071; x_wconf 89' lang='lat' dir='ltr'>ergo</span> <span class='ocrx_word' id='word_1_119' title='bbox 954 1031 1185 1071; x_wconf 80' lang='lat' dir='ltr'>quadringenti</span> 
     </span>
     <span class='ocr_line' id='line_1_20' title="bbox 219 1073 1185 1113; baseline -0.002 -8"><span class='ocrx_word' id='word_1_120' title='bbox 219 1075 268 1106; x_wconf 87' lang='lat' dir='ltr'>illi</span> <span class='ocrx_word' id='word_1_121' title='bbox 292 1075 446 1105; x_wconf 82' lang='lat' dir='ltr'>adversus</span> <span class='ocrx_word' id='word_1_122' title='bbox 471 1081 593 1105; x_wconf 80' lang='lat' dir='ltr'>tantam</span> <span class='ocrx_word' id='word_1_123' title='bbox 620 1074 859 1104; x_wconf 73' lang='lat' dir='ltr'>multitudinem</span> <span class='ocrx_word' id='word_1_124' title='bbox 874 1073 1046 1113; x_wconf 83' lang='lat' dir='ltr'>poterant?</span> <span class='ocrx_word' id='word_1_125' title='bbox 1074 1075 1185 1112; x_wconf 83' lang='lat' dir='ltr'>ltaque</span> 
     </span>
     <span class='ocr_line' id='line_1_21' title="bbox 219 1117 1185 1157; baseline -0.002 -9"><span class='ocrx_word' id='word_1_126' title='bbox 219 1117 327 1148; x_wconf 85' lang='lat' dir='ltr'>David</span> <span class='ocrx_word' id='word_1_127' title='bbox 367 1123 491 1156; x_wconf 87' lang='lat' dir='ltr'>poterat</span> <span class='ocrx_word' id='word_1_128' title='bbox 528 1117 707 1148; x_wconf 79' lang='lat' dir='ltr'>diffidentia</span> <span class='ocrx_word' id='word_1_129' title='bbox 745 1117 882 1157; x_wconf 76' lang='lat' dir='ltr'>quadum</span> <span class='ocrx_word' id='word_1_130' title='bbox 914 1118 1047 1157; x_wconf 84' lang='lat' dir='ltr'>tentari,</span> <span class='ocrx_word' id='word_1_131' title='bbox 1078 1117 1185 1146; x_wconf 76' lang='lat' dir='ltr'>iussus</span> 
     </span>
     <span class='ocr_line' id='line_1_22' title="bbox 221 1160 1186 1199; baseline -0.002 -8"><span class='ocrx_word' id='word_1_132' title='bbox 221 1160 332 1194; x_wconf 79' lang='lat' dir='ltr'>hostes</span> <span class='ocrx_word' id='word_1_133' title='bbox 357 1160 503 1198; x_wconf 73' lang='lat' dir='ltr'>persequi</span> <span class='ocrx_word' id='word_1_134' title='bbox 527 1170 601 1190; x_wconf 86' lang='lat' dir='ltr'>cum</span> <span class='ocrx_word' id='word_1_135' title='bbox 626 1168 690 1190; x_wconf 85' lang='lat' dir='ltr'>tam</span> <span class='ocrx_word' id='word_1_136' title='bbox 715 1161 834 1199; x_wconf 74' lang='lat' dir='ltr'>exigua</span> <span class='ocrx_word' id='word_1_137' title='bbox 860 1160 999 1189; x_wconf 88' lang='lat' dir='ltr'>militum</span> <span class='ocrx_word' id='word_1_138' title='bbox 1024 1170 1132 1197; x_wconf 85' lang='lat' dir='ltr'>manu,</span> <span class='ocrx_word' id='word_1_139' title='bbox 1155 1164 1186 1188; x_wconf 83' lang='lat' dir='ltr'>et</span> 
     </span>
     <span class='ocr_line' id='line_1_23' title="bbox 222 1200 1185 1242; baseline -0.003 -8"><span class='ocrx_word' id='word_1_140' title='bbox 222 1204 390 1234; x_wconf 75' lang='lat' dir='ltr'>victoriam</span> <span class='ocrx_word' id='word_1_141' title='bbox 415 1212 552 1241; x_wconf 86' lang='lat' dir='ltr'>sperare,</span> <span class='ocrx_word' id='word_1_142' title='bbox 579 1203 692 1233; x_wconf 90' lang='lat' dir='ltr'>mediis</span> <span class='ocrx_word' id='word_1_143' title='bbox 718 1210 824 1233; x_wconf 76' lang='lat' dir='ltr'>tamen</span> <span class='ocrx_word' id='word_1_144' title='bbox 839 1202 996 1242; x_wconf 80' lang='lat' dir='ltr'>ademptis</span> <span class='ocrx_word' id='word_1_145' title='bbox 1020 1202 1107 1232; x_wconf 83' lang='lat' dir='ltr'>illam</span> <span class='ocrx_word' id='word_1_146' title='bbox 1132 1200 1185 1231; x_wconf 91' lang='lat' dir='ltr'>ob-</span> 
     </span>
     <span class='ocr_line' id='line_1_24' title="bbox 222 1245 1186 1286; baseline -0.001 -11"><span class='ocrx_word' id='word_1_147' title='bbox 222 1245 358 1275; x_wconf 85' lang='lat' dir='ltr'>tinendi.</span> <span class='ocrx_word' id='word_1_148' title='bbox 402 1245 536 1275; x_wconf 78' lang='lat' dir='ltr'>Poterat</span> <span class='ocrx_word' id='word_1_149' title='bbox 559 1256 635 1286; x_wconf 85' lang='lat' dir='ltr'>ergo</span> <span class='ocrx_word' id='word_1_150' title='bbox 660 1246 767 1277; x_wconf 84' lang='lat' dir='ltr'>David</span> <span class='ocrx_word' id='word_1_151' title='bbox 792 1245 905 1285; x_wconf 84' lang='lat' dir='ltr'>pedem</span> <span class='ocrx_word' id='word_1_152' title='bbox 931 1246 1049 1275; x_wconf 88' lang='lat' dir='ltr'>referre</span> <span class='ocrx_word' id='word_1_153' title='bbox 1081 1245 1186 1284; x_wconf 90' lang='lat' dir='ltr'>potius</span> 
     </span>
     <span class='ocr_line' id='line_1_25' title="bbox 220 1287 1186 1328; baseline -0.001 -10"><span class='ocrx_word' id='word_1_154' title='bbox 220 1298 316 1328; x_wconf 90' lang='lat' dir='ltr'>quam</span> <span class='ocrx_word' id='word_1_155' title='bbox 340 1287 500 1327; x_wconf 79' lang='lat' dir='ltr'>progredi,</span> <span class='ocrx_word' id='word_1_156' title='bbox 526 1289 706 1327; x_wconf 87' lang='lat' dir='ltr'>utquisque</span> <span class='ocrx_word' id='word_1_157' title='bbox 720 1294 823 1328; x_wconf 87' lang='lat' dir='ltr'>potest</span> <span class='ocrx_word' id='word_1_158' title='bbox 846 1288 879 1318; x_wconf 89' lang='lat' dir='ltr'>in</span> <span class='ocrx_word' id='word_1_159' title='bbox 903 1299 936 1318; x_wconf 88' lang='lat' dir='ltr'>se</span> <span class='ocrx_word' id='word_1_160' title='bbox 956 1289 1024 1327; x_wconf 90' lang='lat' dir='ltr'>ipso</span> <span class='ocrx_word' id='word_1_161' title='bbox 1045 1287 1186 1327; x_wconf 82' lang='lat' dir='ltr'>experiri</span> 
     </span>
     <span class='ocr_line' id='line_1_26' title="bbox 221 1330 1186 1371; baseline 0 -11"><span class='ocrx_word' id='word_1_162' title='bbox 221 1331 337 1371; x_wconf 78' lang='lat' dir='ltr'>quippe</span> <span class='ocrx_word' id='word_1_163' title='bbox 368 1332 422 1369; x_wconf 88' lang='lat' dir='ltr'>qui</span> <span class='ocrx_word' id='word_1_164' title='bbox 451 1331 530 1361; x_wconf 81' lang='lat' dir='ltr'>adeo</span> <span class='ocrx_word' id='word_1_165' title='bbox 565 1332 694 1371; x_wconf 81' lang='lat' dir='ltr'>fragiles</span> <span class='ocrx_word' id='word_1_166' title='bbox 726 1342 848 1368; x_wconf 87' lang='lat' dir='ltr'>sumus,</span> <span class='ocrx_word' id='word_1_167' title='bbox 880 1337 915 1361; x_wconf 92' lang='lat' dir='ltr'>ut</span> <span class='ocrx_word' id='word_1_168' title='bbox 945 1331 1005 1361; x_wconf 85' lang='lat' dir='ltr'>nisi</span> <span class='ocrx_word' id='word_1_169' title='bbox 1037 1332 1069 1360; x_wconf 91' lang='lat' dir='ltr'>in</span> <span class='ocrx_word' id='word_1_170' title='bbox 1100 1330 1186 1369; x_wconf 88' lang='lat' dir='ltr'>ipsos</span> 
     </span>
     <span class='ocr_line' id='line_1_27' title="bbox 221 1373 1186 1411; baseline 0 -8"><span class='ocrx_word' id='word_1_171' title='bbox 221 1373 327 1404; x_wconf 76' lang='lat' dir='ltr'>oculos</span> <span class='ocrx_word' id='word_1_172' title='bbox 363 1373 507 1403; x_wconf 74' lang='lat' dir='ltr'>incurrat</span> <span class='ocrx_word' id='word_1_173' title='bbox 541 1375 623 1404; x_wconf 85' lang='lat' dir='ltr'>ratio</span> <span class='ocrx_word' id='word_1_174' title='bbox 658 1374 873 1410; x_wconf 76' lang='lat' dir='ltr'>liberationis,</span> <span class='ocrx_word' id='word_1_175' title='bbox 908 1379 941 1404; x_wconf 90' lang='lat' dir='ltr'>et</span> <span class='ocrx_word' id='word_1_176' title='bbox 976 1373 1090 1403; x_wconf 87' lang='lat' dir='ltr'>modus</span> <span class='ocrx_word' id='word_1_177' title='bbox 1124 1382 1186 1411; x_wconf 90' lang='lat' dir='ltr'>quo</span> 
     </span>
     <span class='ocr_line' id='line_1_28' title="bbox 220 1415 1185 1455; baseline -0.001 -9"><span class='ocrx_word' id='word_1_178' title='bbox 220 1415 447 1450; x_wconf 48' lang='lat' dir='ltr'>Deustiuvare</span> <span class='ocrx_word' id='word_1_179' title='bbox 471 1427 527 1446; x_wconf 89' lang='lat' dir='ltr'>nos</span> <span class='ocrx_word' id='word_1_180' title='bbox 550 1417 726 1453; x_wconf 85' lang='lat' dir='ltr'>constituit,</span> <span class='ocrx_word' id='word_1_181' title='bbox 751 1418 894 1447; x_wconf 88' lang='lat' dir='ltr'>animum</span> <span class='ocrx_word' id='word_1_182' title='bbox 920 1416 1185 1455; x_wconf 78' lang='lat' dir='ltr'>despondeamus,</span> 
     </span>
     <span class='ocr_line' id='line_1_29' title="bbox 220 1458 1185 1498; baseline 0 -10"><span class='ocrx_word' id='word_1_183' title='bbox 220 1458 314 1489; x_wconf 82' lang='lat' dir='ltr'>etde</span> <span class='ocrx_word' id='word_1_184' title='bbox 338 1459 398 1489; x_wconf 84' lang='lat' dir='ltr'>Dei</span> <span class='ocrx_word' id='word_1_185' title='bbox 423 1465 579 1498; x_wconf 71' lang='lat' dir='ltr'>potestate</span> <span class='ocrx_word' id='word_1_186' title='bbox 603 1460 837 1498; x_wconf 86' lang='lat' dir='ltr'>quodammodo</span> <span class='ocrx_word' id='word_1_187' title='bbox 861 1459 1055 1489; x_wconf 89' lang='lat' dir='ltr'>dubitemus.</span> <span class='ocrx_word' id='word_1_188' title='bbox 1096 1458 1185 1496; x_wconf 78' lang='lat' dir='ltr'>Quin</span> 
     </span>
     <span class='ocr_line' id='line_1_30' title="bbox 221 1500 1184 1542; baseline -0.001 -10"><span class='ocrx_word' id='word_1_189' title='bbox 221 1501 316 1532; x_wconf 80' lang='lat' dir='ltr'>etiam</span> <span class='ocrx_word' id='word_1_190' title='bbox 342 1508 429 1531; x_wconf 85' lang='lat' dir='ltr'>tanta</span> <span class='ocrx_word' id='word_1_191' title='bbox 454 1508 503 1531; x_wconf 90' lang='lat' dir='ltr'>est</span> <span class='ocrx_word' id='word_1_192' title='bbox 526 1509 661 1533; x_wconf 85' lang='lat' dir='ltr'>naturae</span> <span class='ocrx_word' id='word_1_193' title='bbox 686 1508 814 1533; x_wconf 84' lang='lat' dir='ltr'>nostrae</span> <span class='ocrx_word' id='word_1_194' title='bbox 837 1503 1041 1542; x_wconf 82' lang='lat' dir='ltr'>perversitas,</span> <span class='ocrx_word' id='word_1_195' title='bbox 1066 1506 1102 1531; x_wconf 87' lang='lat' dir='ltr'>ut</span> <span class='ocrx_word' id='word_1_196' title='bbox 1122 1500 1184 1531; x_wconf 93' lang='lat' dir='ltr'>Dei</span> 
     </span>
     <span class='ocr_line' id='line_1_31' title="bbox 221 1587 1186 1626; baseline 0.001 -10"><span class='ocrx_word' id='word_1_197' title='bbox 221 1587 377 1617; x_wconf 82' lang='lat' dir='ltr'>auxilium</span> <span class='ocrx_word' id='word_1_198' title='bbox 413 1587 619 1626; x_wconf 82' lang='lat' dir='ltr'>polliceatur,</span> <span class='ocrx_word' id='word_1_199' title='bbox 660 1589 719 1619; x_wconf 87' lang='lat' dir='ltr'>nisi</span> <span class='ocrx_word' id='word_1_200' title='bbox 762 1588 879 1618; x_wconf 81' lang='lat' dir='ltr'>nostris</span> <span class='ocrx_word' id='word_1_201' title='bbox 921 1587 1068 1618; x_wconf 78' lang='lat' dir='ltr'>sensibus</span> <span class='ocrx_word' id='word_1_202' title='bbox 1107 1587 1186 1617; x_wconf 84' lang='lat' dir='ltr'>satis</span> 
     </span>
     <span class='ocr_line' id='line_1_32' title="bbox 220 1629 1184 1670; baseline -0.001 -10"><span class='ocrx_word' id='word_1_203' title='bbox 220 1629 324 1667; x_wconf 85' lang='lat' dir='ltr'>faciat,</span> <span class='ocrx_word' id='word_1_204' title='bbox 349 1629 408 1659; x_wconf 83' lang='lat' dir='ltr'>Dei</span> <span class='ocrx_word' id='word_1_205' title='bbox 434 1631 661 1668; x_wconf 85' lang='lat' dir='ltr'>promissiones</span> <span class='ocrx_word' id='word_1_206' title='bbox 686 1642 748 1661; x_wconf 88' lang='lat' dir='ltr'>non</span> <span class='ocrx_word' id='word_1_207' title='bbox 773 1637 899 1661; x_wconf 83' lang='lat' dir='ltr'>tantum</span> <span class='ocrx_word' id='word_1_208' title='bbox 924 1631 1107 1670; x_wconf 79' lang='lat' dir='ltr'>frigescant,</span> <span class='ocrx_word' id='word_1_209' title='bbox 1131 1629 1184 1660; x_wconf 88' lang='lat' dir='ltr'>sed</span> 
     </span>
     <span class='ocr_line' id='line_1_33' title="bbox 221 1672 1183 1712; baseline -0.001 -9"><span class='ocrx_word' id='word_1_210' title='bbox 221 1672 383 1706; x_wconf 71' lang='lat' dir='ltr'>intumos</span> <span class='ocrx_word' id='word_1_211' title='bbox 408 1672 531 1708; x_wconf 77' lang='lat' dir='ltr'>abeant,</span> <span class='ocrx_word' id='word_1_212' title='bbox 563 1679 593 1703; x_wconf 87' lang='lat' dir='ltr'>et</span> <span class='ocrx_word' id='word_1_213' title='bbox 619 1674 744 1704; x_wconf 90' lang='lat' dir='ltr'>nullum</span> <span class='ocrx_word' id='word_1_214' title='bbox 768 1673 918 1704; x_wconf 79' lang='lat' dir='ltr'>effectum</span> <span class='ocrx_word' id='word_1_215' title='bbox 950 1683 1042 1712; x_wconf 80' lang='lat' dir='ltr'>posse</span> <span class='ocrx_word' id='word_1_216' title='bbox 1073 1683 1183 1704; x_wconf 83' lang='lat' dir='ltr'>conse-</span> 
     </span>
     <span class='ocr_line' id='line_1_34' title="bbox 221 1715 1184 1756; baseline 0.002 -13"><span class='ocrx_word' id='word_1_217' title='bbox 221 1715 275 1754; x_wconf 88' lang='lat' dir='ltr'>qui</span> <span class='ocrx_word' id='word_1_218' title='bbox 299 1715 530 1752; x_wconf 70' lang='lat' dir='ltr'>existimemus,</span> <span class='ocrx_word' id='word_1_219' title='bbox 562 1716 727 1756; x_wconf 90' lang='lat' dir='ltr'>multoque</span> <span class='ocrx_word' id='word_1_220' title='bbox 750 1717 854 1755; x_wconf 84' lang='lat' dir='ltr'>magis</span> <span class='ocrx_word' id='word_1_221' title='bbox 885 1726 983 1755; x_wconf 89' lang='lat' dir='ltr'>quum</span> <span class='ocrx_word' id='word_1_222' title='bbox 1004 1716 1095 1746; x_wconf 89' lang='lat' dir='ltr'>Deus</span> <span class='ocrx_word' id='word_1_223' title='bbox 1128 1715 1184 1745; x_wconf 88' lang='lat' dir='ltr'>ali-</span> 
     </span>
     <span class='ocr_line' id='line_1_35' title="bbox 222 1757 1185 1797; baseline 0 -9"><span class='ocrx_word' id='word_1_224' title='bbox 222 1757 297 1797; x_wconf 89' lang='lat' dir='ltr'>quid</span> <span class='ocrx_word' id='word_1_225' title='bbox 322 1758 482 1796; x_wconf 74' lang='lat' dir='ltr'>pollicitus</span> <span class='ocrx_word' id='word_1_226' title='bbox 505 1760 704 1790; x_wconf 87' lang='lat' dir='ltr'>contrarium</span> <span class='ocrx_word' id='word_1_227' title='bbox 730 1760 832 1790; x_wconf 83' lang='lat' dir='ltr'>facere</span> <span class='ocrx_word' id='word_1_228' title='bbox 848 1759 983 1796; x_wconf 87' lang='lat' dir='ltr'>videtur,</span> <span class='ocrx_word' id='word_1_229' title='bbox 1007 1766 1036 1789; x_wconf 88' lang='lat' dir='ltr'>et</span> <span class='ocrx_word' id='word_1_230' title='bbox 1062 1759 1107 1789; x_wconf 89' lang='lat' dir='ltr'>ita</span> <span class='ocrx_word' id='word_1_231' title='bbox 1126 1768 1185 1788; x_wconf 91' lang='lat' dir='ltr'>nos</span> 
     </span>
     <span class='ocr_line' id='line_1_36' title="bbox 222 1800 1186 1841; baseline 0 -11"><span class='ocrx_word' id='word_1_232' title='bbox 222 1800 351 1835; x_wconf 81' lang='lat' dir='ltr'>ludere,</span> <span class='ocrx_word' id='word_1_233' title='bbox 393 1801 532 1831; x_wconf 87' lang='lat' dir='ltr'>solemus</span> <span class='ocrx_word' id='word_1_234' title='bbox 575 1802 783 1832; x_wconf 82' lang='lat' dir='ltr'>vehementer</span> <span class='ocrx_word' id='word_1_235' title='bbox 814 1801 977 1841; x_wconf 81' lang='lat' dir='ltr'>indignari</span> <span class='ocrx_word' id='word_1_236' title='bbox 1017 1806 1050 1831; x_wconf 84' lang='lat' dir='ltr'>et</span> <span class='ocrx_word' id='word_1_237' title='bbox 1089 1801 1186 1831; x_wconf 84' lang='lat' dir='ltr'>inane</span> 
     </span>
     <span class='ocr_line' id='line_1_37' title="bbox 222 1843 1186 1884; baseline -0.001 -10"><span class='ocrx_word' id='word_1_238' title='bbox 222 1853 291 1874; x_wconf 84' lang='lat' dir='ltr'>esse</span> <span class='ocrx_word' id='word_1_239' title='bbox 314 1844 456 1882; x_wconf 84' lang='lat' dir='ltr'>cogitare</span> <span class='ocrx_word' id='word_1_240' title='bbox 480 1843 632 1884; x_wconf 89' lang='lat' dir='ltr'>quidquid</span> <span class='ocrx_word' id='word_1_241' title='bbox 658 1845 821 1884; x_wconf 77' lang='lat' dir='ltr'>pollicitus</span> <span class='ocrx_word' id='word_1_242' title='bbox 845 1844 950 1875; x_wconf 86' lang='lat' dir='ltr'>fuerit.</span> <span class='ocrx_word' id='word_1_243' title='bbox 994 1844 1036 1874; x_wconf 86' lang='lat' dir='ltr'>Et</span> <span class='ocrx_word' id='word_1_244' title='bbox 1059 1843 1186 1874; x_wconf 84' lang='lat' dir='ltr'>videba-</span> 
     </span>
     <span class='ocr_line' id='line_1_38' title="bbox 222 1885 1186 1927; baseline -0.001 -11"><span class='ocrx_word' id='word_1_245' title='bbox 222 1890 276 1916; x_wconf 86' lang='lat' dir='ltr'>tur</span> <span class='ocrx_word' id='word_1_246' title='bbox 300 1885 406 1916; x_wconf 85' lang='lat' dir='ltr'>David</span> <span class='ocrx_word' id='word_1_247' title='bbox 432 1897 523 1925; x_wconf 80' lang='lat' dir='ltr'>posse</span> <span class='ocrx_word' id='word_1_248' title='bbox 548 1888 577 1916; x_wconf 85' lang='lat' dir='ltr'>in</span> <span class='ocrx_word' id='word_1_249' title='bbox 602 1890 696 1918; x_wconf 84' lang='lat' dir='ltr'>istam</span> <span class='ocrx_word' id='word_1_250' title='bbox 727 1887 910 1927; x_wconf 83' lang='lat' dir='ltr'>opinionem</span> <span class='ocrx_word' id='word_1_251' title='bbox 935 1887 1055 1917; x_wconf 81' lang='lat' dir='ltr'>venire.</span> <span class='ocrx_word' id='word_1_252' title='bbox 1102 1886 1186 1916; x_wconf 83' lang='lat' dir='ltr'>Nam</span> 
     </span>
     <span class='ocr_line' id='line_1_39' title="bbox 223 1927 1186 1970; baseline 0 -11"><span class='ocrx_word' id='word_1_253' title='bbox 223 1938 295 1963; x_wconf 79' lang='lat' dir='ltr'>ecce</span> <span class='ocrx_word' id='word_1_254' title='bbox 317 1927 445 1959; x_wconf 84' lang='lat' dir='ltr'>iubetur</span> <span class='ocrx_word' id='word_1_255' title='bbox 469 1930 665 1961; x_wconf 85' lang='lat' dir='ltr'>Amalecitas</span> <span class='ocrx_word' id='word_1_256' title='bbox 689 1931 846 1970; x_wconf 77' lang='lat' dir='ltr'>persequi,</span> <span class='ocrx_word' id='word_1_257' title='bbox 878 1930 931 1969; x_wconf 85' lang='lat' dir='ltr'>qui</span> <span class='ocrx_word' id='word_1_258' title='bbox 957 1940 1055 1969; x_wconf 91' lang='lat' dir='ltr'>quum</span> <span class='ocrx_word' id='word_1_259' title='bbox 1080 1936 1186 1959; x_wconf 87' lang='lat' dir='ltr'>essent</span> 
     </span>
     <span class='ocr_line' id='line_1_40' title="bbox 222 1971 1185 2013; baseline 0.002 -13"><span class='ocrx_word' id='word_1_260' title='bbox 222 1971 348 2011; x_wconf 75' lang='lat' dir='ltr'>ingenti</span> <span class='ocrx_word' id='word_1_261' title='bbox 374 1982 516 2007; x_wconf 86' lang='lat' dir='ltr'>numero,</span> <span class='ocrx_word' id='word_1_262' title='bbox 541 1973 707 2013; x_wconf 82' lang='lat' dir='ltr'>profligari</span> <span class='ocrx_word' id='word_1_263' title='bbox 722 1984 785 2003; x_wconf 87' lang='lat' dir='ltr'>non</span> <span class='ocrx_word' id='word_1_264' title='bbox 807 1978 964 2012; x_wconf 86' lang='lat' dir='ltr'>poterant,</span> <span class='ocrx_word' id='word_1_265' title='bbox 989 1972 1052 2003; x_wconf 88' lang='lat' dir='ltr'>nisi</span> <span class='ocrx_word' id='word_1_266' title='bbox 1076 1982 1093 2001; x_wconf 86' lang='lat' dir='ltr'>a</span> <span class='ocrx_word' id='word_1_267' title='bbox 1116 1972 1185 2011; x_wconf 85' lang='lat' dir='ltr'>pari</span> 
     </span>
     <span class='ocr_line' id='line_1_41' title="bbox 223 2014 1186 2047; baseline 0.001 -3"><span class='ocrx_word' id='word_1_268' title='bbox 223 2021 280 2047; x_wconf 85' lang='lat' dir='ltr'>aut</span> <span class='ocrx_word' id='word_1_269' title='bbox 313 2014 434 2044; x_wconf 84' lang='lat' dir='ltr'>maiore</span> <span class='ocrx_word' id='word_1_270' title='bbox 469 2015 695 2047; x_wconf 85' lang='lat' dir='ltr'>multitudine:</span> <span class='ocrx_word' id='word_1_271' title='bbox 734 2015 843 2046; x_wconf 84' lang='lat' dir='ltr'>David</span> <span class='ocrx_word' id='word_1_272' title='bbox 884 2022 991 2046; x_wconf 87' lang='lat' dir='ltr'>autem</span> <span class='ocrx_word' id='word_1_273' title='bbox 1026 2015 1186 2045; x_wconf 81' lang='lat' dir='ltr'>sexcentis</span> 
     </span>
     <span class='ocr_line' id='line_1_42' title="bbox 224 2058 1187 2098; baseline 0.001 -12"><span class='ocrx_word' id='word_1_274' title='bbox 224 2062 350 2090; x_wconf 75' lang='lat' dir='ltr'>tantum</span> <span class='ocrx_word' id='word_1_275' title='bbox 375 2058 544 2088; x_wconf 81' lang='lat' dir='ltr'>comitatus</span> <span class='ocrx_word' id='word_1_276' title='bbox 569 2066 638 2089; x_wconf 88' lang='lat' dir='ltr'>erat</span> <span class='ocrx_word' id='word_1_277' title='bbox 652 2059 739 2095; x_wconf 85' lang='lat' dir='ltr'>viris,</span> <span class='ocrx_word' id='word_1_278' title='bbox 764 2059 818 2098; x_wconf 87' lang='lat' dir='ltr'>qui</span> <span class='ocrx_word' id='word_1_279' title='bbox 843 2068 918 2088; x_wconf 88' lang='lat' dir='ltr'>sane</span> <span class='ocrx_word' id='word_1_280' title='bbox 932 2059 1070 2097; x_wconf 84' lang='lat' dir='ltr'>impares</span> <span class='ocrx_word' id='word_1_281' title='bbox 1095 2062 1187 2088; x_wconf 86' lang='lat' dir='ltr'>erant</span> 
     </span>
     <span class='ocr_line' id='line_1_43' title="bbox 225 2098 1186 2136; baseline -0.001 -5"><span class='ocrx_word' id='word_1_282' title='bbox 225 2098 379 2136; x_wconf 79' lang='lat' dir='ltr'>hostibus,</span> <span class='ocrx_word' id='word_1_283' title='bbox 410 2101 436 2130; x_wconf 88' lang='lat' dir='ltr'>si</span> <span class='ocrx_word' id='word_1_284' title='bbox 461 2100 545 2131; x_wconf 89' lang='lat' dir='ltr'>vires</span> <span class='ocrx_word' id='word_1_285' title='bbox 571 2102 691 2132; x_wconf 88' lang='lat' dir='ltr'>viribus</span> <span class='ocrx_word' id='word_1_286' title='bbox 722 2108 753 2131; x_wconf 90' lang='lat' dir='ltr'>et</span> <span class='ocrx_word' id='word_1_287' title='bbox 785 2101 954 2131; x_wconf 85' lang='lat' dir='ltr'>multitudo</span> <span class='ocrx_word' id='word_1_288' title='bbox 985 2099 1186 2131; x_wconf 86' lang='lat' dir='ltr'>multitudini</span> 
     </span>
     <span class='ocr_line' id='line_1_44' title="bbox 225 2142 1188 2188; baseline 0.001 -16"><span class='ocrx_word' id='word_1_289' title='bbox 225 2150 436 2188; x_wconf 74' lang='lat' dir='ltr'>comparetur.</span> <span class='ocrx_word' id='word_1_290' title='bbox 490 2144 554 2173; x_wconf 56' lang='lat' dir='ltr'>fied</span> <span class='ocrx_word' id='word_1_291' title='bbox 591 2152 755 2184; x_wconf 83' lang='lat' dir='ltr'>praeterea</span> <span class='ocrx_word' id='word_1_292' title='bbox 791 2143 915 2183; x_wconf 83' lang='lat' dir='ltr'>cogitur</span> <span class='ocrx_word' id='word_1_293' title='bbox 951 2142 1106 2177; x_wconf 81' lang='lat' dir='ltr'>ducentos</span> <span class='ocrx_word' id='word_1_294' title='bbox 1147 2154 1188 2174; x_wconf 69' lang='lat' dir='ltr'>ex</span> 
     </span>
     <span class='ocr_line' id='line_1_45' title="bbox 225 2183 1186 2225; baseline 0.003 -12"><span class='ocrx_word' id='word_1_295' title='bbox 225 2183 289 2214; x_wconf 84' lang='lat' dir='ltr'>illis</span> <span class='ocrx_word' id='word_1_296' title='bbox 311 2185 349 2214; x_wconf 87' lang='lat' dir='ltr'>de</span> <span class='ocrx_word' id='word_1_297' title='bbox 372 2186 424 2216; x_wconf 83' lang='lat' dir='ltr'>via.</span> <span class='ocrx_word' id='word_1_298' title='bbox 448 2186 588 2218; x_wconf 84' lang='lat' dir='ltr'>defessos</span> <span class='ocrx_word' id='word_1_299' title='bbox 613 2186 652 2217; x_wconf 87' lang='lat' dir='ltr'>ad</span> <span class='ocrx_word' id='word_1_300' title='bbox 676 2193 852 2217; x_wconf 83' lang='lat' dir='ltr'>torrentem</span> <span class='ocrx_word' id='word_1_301' title='bbox 874 2186 1064 2225; x_wconf 87' lang='lat' dir='ltr'>relinquere.</span> <span class='ocrx_word' id='word_1_302' title='bbox 1099 2185 1186 2224; x_wconf 71' lang='lat' dir='ltr'>Quid</span> 
     </span>
     <span class='ocr_line' id='line_1_46' title="bbox 226 2229 1187 2266; baseline 0.002 -10"><span class='ocrx_word' id='word_1_303' title='bbox 226 2236 301 2265; x_wconf 80' lang='lat' dir='ltr'>ergo</span> <span class='ocrx_word' id='word_1_304' title='bbox 335 2236 499 2266; x_wconf 84' lang='lat' dir='ltr'>superesse</span> <span class='ocrx_word' id='word_1_305' title='bbox 534 2230 579 2259; x_wconf 90' lang='lat' dir='ltr'>illi</span> <span class='ocrx_word' id='word_1_306' title='bbox 616 2229 805 2265; x_wconf 82' lang='lat' dir='ltr'>videbatur,</span> <span class='ocrx_word' id='word_1_307' title='bbox 851 2229 913 2260; x_wconf 88' lang='lat' dir='ltr'>nisi</span> <span class='ocrx_word' id='word_1_308' title='bbox 955 2235 990 2259; x_wconf 87' lang='lat' dir='ltr'>ut</span> <span class='ocrx_word' id='word_1_309' title='bbox 1032 2229 1187 2261; x_wconf 86' lang='lat' dir='ltr'>adversus</span> 
     </span>
     <span class='ocr_line' id='line_1_47' title="bbox 225 2268 1215 2311; baseline 0 -10"><span class='ocrx_word' id='word_1_310' title='bbox 225 2268 332 2301; x_wconf 84' lang='lat' dir='ltr'>hostes</span> <span class='ocrx_word' id='word_1_311' title='bbox 356 2280 542 2310; x_wconf 79' lang='lat' dir='ltr'>progressus</span> <span class='ocrx_word' id='word_1_312' title='bbox 565 2283 635 2303; x_wconf 89' lang='lat' dir='ltr'>sese</span> <span class='ocrx_word' id='word_1_313' title='bbox 658 2283 795 2311; x_wconf 87' lang='lat' dir='ltr'>suosque</span> <span class='ocrx_word' id='word_1_314' title='bbox 815 2272 961 2303; x_wconf 85' lang='lat' dir='ltr'>lanienae</span> <span class='ocrx_word' id='word_1_315' title='bbox 985 2271 1186 2311; x_wconf 81' lang='lat' dir='ltr'>exponeret?</span> <span class='ocrx_word' id='word_1_316' title='bbox 1213 2273 1215 2298; x_wconf 76' lang='lat' dir='ltr'>l</span> 
     </span>
     <span class='ocr_line' id='line_1_48' title="bbox 226 2311 1188 2354; baseline 0.003 -13"><span class='ocrx_word' id='word_1_317' title='bbox 226 2311 341 2342; x_wconf 87' lang='lat' dir='ltr'>Nonne</span> <span class='ocrx_word' id='word_1_318' title='bbox 366 2320 488 2352; x_wconf 85' lang='lat' dir='ltr'>poterat</span> <span class='ocrx_word' id='word_1_319' title='bbox 512 2315 596 2354; x_wconf 89' lang='lat' dir='ltr'>apud</span> <span class='ocrx_word' id='word_1_320' title='bbox 620 2326 653 2346; x_wconf 87' lang='lat' dir='ltr'>se</span> <span class='ocrx_word' id='word_1_321' title='bbox 677 2316 837 2354; x_wconf 83' lang='lat' dir='ltr'>cogitare:</span> <span class='ocrx_word' id='word_1_322' title='bbox 871 2313 906 2345; x_wconf 78' lang='lat' dir='ltr'>Si</span> <span class='ocrx_word' id='word_1_323' title='bbox 931 2314 1020 2345; x_wconf 89' lang='lat' dir='ltr'>Deus</span> <span class='ocrx_word' id='word_1_324' title='bbox 1043 2324 1093 2344; x_wconf 91' lang='lat' dir='ltr'>me</span> <span class='ocrx_word' id='word_1_325' title='bbox 1118 2313 1188 2345; x_wconf 90' lang='lat' dir='ltr'>vult</span> 
     </span>
     <span class='ocr_line' id='line_1_49' title="bbox 226 2355 1188 2396; baseline 0.003 -12"><span class='ocrx_word' id='word_1_326' title='bbox 226 2355 351 2384; x_wconf 69' lang='lat' dir='ltr'>efficere</span> <span class='ocrx_word' id='word_1_327' title='bbox 384 2356 542 2393; x_wconf 83' lang='lat' dir='ltr'>victorem,</span> <span class='ocrx_word' id='word_1_328' title='bbox 571 2364 602 2388; x_wconf 90' lang='lat' dir='ltr'>et</span> <span class='ocrx_word' id='word_1_329' title='bbox 634 2357 672 2388; x_wconf 92' lang='lat' dir='ltr'>de</span> <span class='ocrx_word' id='word_1_330' title='bbox 708 2357 854 2388; x_wconf 74' lang='lat' dir='ltr'>hostibus</span> <span class='ocrx_word' id='word_1_331' title='bbox 885 2357 1101 2396; x_wconf 81' lang='lat' dir='ltr'>triumphare,</span> <span class='ocrx_word' id='word_1_332' title='bbox 1131 2367 1188 2387; x_wconf 85' lang='lat' dir='ltr'>cur</span> 
     </span>
     <span class='ocr_line' id='line_1_50' title="bbox 226 2397 1188 2439; baseline 0.004 -12"><span class='ocrx_word' id='word_1_333' title='bbox 226 2406 292 2427; x_wconf 88' lang='lat' dir='ltr'>non</span> <span class='ocrx_word' id='word_1_334' title='bbox 318 2397 472 2428; x_wconf 84' lang='lat' dir='ltr'>militibus</span> <span class='ocrx_word' id='word_1_335' title='bbox 497 2399 576 2433; x_wconf 30' lang='lat' dir='ltr'>meis,</span> <span class='ocrx_word' id='word_1_336' title='bbox 604 2401 730 2431; x_wconf 87' lang='lat' dir='ltr'>animos</span> <span class='ocrx_word' id='word_1_337' title='bbox 761 2407 793 2430; x_wconf 85' lang='lat' dir='ltr'>et</span> <span class='ocrx_word' id='word_1_338' title='bbox 817 2400 902 2430; x_wconf 85' lang='lat' dir='ltr'>vires</span> <span class='ocrx_word' id='word_1_339' title='bbox 932 2399 1100 2439; x_wconf 78' lang='lat' dir='ltr'>suggerit?</span> <span class='ocrx_word' id='word_1_340' title='bbox 1130 2410 1188 2431; x_wconf 91' lang='lat' dir='ltr'>cur</span> 
     </span>
     <span class='ocr_line' id='line_1_51' title="bbox 226 2440 1188 2484; baseline 0.003 -15"><span class='ocrx_word' id='word_1_341' title='bbox 226 2441 384 2484; x_wconf 83' lang='lat' dir='ltr'>permittit</span> <span class='ocrx_word' id='word_1_342' title='bbox 406 2450 459 2470; x_wconf 87' lang='lat' dir='ltr'>eos</span> <span class='ocrx_word' id='word_1_343' title='bbox 482 2440 623 2472; x_wconf 83' lang='lat' dir='ltr'>defessos</span> <span class='ocrx_word' id='word_1_344' title='bbox 641 2443 674 2473; x_wconf 87' lang='lat' dir='ltr'>in</span> <span class='ocrx_word' id='word_1_345' title='bbox 690 2442 793 2473; x_wconf 84' lang='lat' dir='ltr'>media</span> <span class='ocrx_word' id='word_1_346' title='bbox 814 2443 865 2473; x_wconf 88' lang='lat' dir='ltr'>via</span> <span class='ocrx_word' id='word_1_347' title='bbox 889 2442 1086 2475; x_wconf 81' lang='lat' dir='ltr'>subsistere?</span> <span class='ocrx_word' id='word_1_348' title='bbox 1111 2442 1188 2473; x_wconf 85' lang='lat' dir='ltr'>Fuit</span> 
     </span>
     <span class='ocr_line' id='line_1_52' title="bbox 226 2483 1188 2524; baseline 0.003 -12"><span class='ocrx_word' id='word_1_349' title='bbox 226 2483 325 2522; x_wconf 85' lang='lat' dir='ltr'>igitur</span> <span class='ocrx_word' id='word_1_350' title='bbox 349 2483 404 2513; x_wconf 85' lang='lat' dir='ltr'>illa</span> <span class='ocrx_word' id='word_1_351' title='bbox 428 2493 490 2514; x_wconf 86' lang='lat' dir='ltr'>non</span> <span class='ocrx_word' id='word_1_352' title='bbox 518 2483 596 2515; x_wconf 88' lang='lat' dir='ltr'>levis</span> <span class='ocrx_word' id='word_1_353' title='bbox 627 2486 762 2516; x_wconf 84' lang='lat' dir='ltr'>tentatio</span> <span class='ocrx_word' id='word_1_354' title='bbox 793 2496 873 2524; x_wconf 84' lang='lat' dir='ltr'>qnae</span> <span class='ocrx_word' id='word_1_355' title='bbox 905 2496 969 2518; x_wconf 83' lang='lat' dir='ltr'>non</span> <span class='ocrx_word' id='word_1_356' title='bbox 1000 2492 1064 2515; x_wconf 83' lang='lat' dir='ltr'>tam</span> <span class='ocrx_word' id='word_1_357' title='bbox 1097 2485 1188 2515; x_wconf 85' lang='lat' dir='ltr'>facile</span> 
     </span>
     <span class='ocr_line' id='line_1_53' title="bbox 226 2524 1215 2567; baseline 0.003 -12"><span class='ocrx_word' id='word_1_358' title='bbox 226 2526 420 2557; x_wconf 85' lang='lat' dir='ltr'>vinceretur.</span> <span class='ocrx_word' id='word_1_359' title='bbox 456 2524 519 2555; x_wconf 69' lang='lat' dir='ltr'>sed</span> <span class='ocrx_word' id='word_1_360' title='bbox 544 2537 640 2565; x_wconf 86' lang='lat' dir='ltr'>quum</span> <span class='ocrx_word' id='word_1_361' title='bbox 654 2527 772 2561; x_wconf 71' lang='lat' dir='ltr'>David,</span> <span class='ocrx_word' id='word_1_362' title='bbox 787 2528 969 2567; x_wconf 87' lang='lat' dir='ltr'>intrepidus</span> <span class='ocrx_word' id='word_1_363' title='bbox 986 2537 1058 2560; x_wconf 87' lang='lat' dir='ltr'>cum</span> <span class='ocrx_word' id='word_1_364' title='bbox 1080 2529 1189 2567; x_wconf 85' lang='lat' dir='ltr'>paucis</span> <span class='ocrx_word' id='word_1_365' title='bbox 1213 2537 1215 2547; x_wconf 69' lang='lat'>³</span> 
     </span>
     <span class='ocr_line' id='line_1_54' title="bbox 226 2567 1214 2608; baseline 0.002 -10"><span class='ocrx_word' id='word_1_366' title='bbox 226 2569 384 2599; x_wconf 86' lang='lat' dir='ltr'>militibus</span> <span class='ocrx_word' id='word_1_367' title='bbox 409 2567 517 2598; x_wconf 83' lang='lat' dir='ltr'>hostes</span> <span class='ocrx_word' id='word_1_368' title='bbox 541 2571 752 2608; x_wconf 76' lang='lat' dir='ltr'>persequitur,</span> <span class='ocrx_word' id='word_1_369' title='bbox 776 2581 808 2601; x_wconf 88' lang='lat' dir='ltr'>se</span> <span class='ocrx_word' id='word_1_370' title='bbox 822 2581 895 2601; x_wconf 91' lang='lat' dir='ltr'>non.</span> <span class='ocrx_word' id='word_1_371' title='bbox 910 2570 972 2601; x_wconf 89' lang='lat' dir='ltr'>levi</span> <span class='ocrx_word' id='word_1_372' title='bbox 997 2576 1030 2600; x_wconf 90' lang='lat' dir='ltr'>et</span> <span class='ocrx_word' id='word_1_373' title='bbox 1043 2581 1188 2601; x_wconf 89' lang='lat' dir='ltr'>momen—</span> <span class='ocrx_word' id='word_1_374' title='bbox 1213 2587 1214 2590; x_wconf 67' lang='lat'><em>=</em></span> 
     </span>
     <span class='ocr_line' id='line_1_55' title="bbox 227 2609 1214 2652; baseline 0.004 -12"><span class='ocrx_word' id='word_1_375' title='bbox 227 2616 322 2642; x_wconf 79' lang='lat' dir='ltr'>tanea</span> <span class='ocrx_word' id='word_1_376' title='bbox 345 2609 483 2651; x_wconf 83' lang='lat' dir='ltr'>quadam</span> <span class='ocrx_word' id='word_1_377' title='bbox 509 2609 572 2642; x_wconf 87' lang='lat' dir='ltr'>fide</span> <span class='ocrx_word' id='word_1_378' title='bbox 594 2611 785 2652; x_wconf 76' lang='lat' dir='ltr'>praeditum,</span> <span class='ocrx_word' id='word_1_379' title='bbox 809 2612 864 2643; x_wconf 89' lang='lat' dir='ltr'>sed</span> <span class='ocrx_word' id='word_1_380' title='bbox 884 2613 966 2645; x_wconf 86' lang='lat' dir='ltr'>dono</span> <span class='ocrx_word' id='word_1_381' title='bbox 987 2613 1096 2652; x_wconf 83' lang='lat' dir='ltr'>potius</span> <span class='ocrx_word' id='word_1_382' title='bbox 1116 2623 1187 2652; x_wconf 80' lang='lat' dir='ltr'>per.-</span> <span class='ocrx_word' id='word_1_383' title='bbox 1213 2621 1214 2637; x_wconf 56' lang='lat' dir='ltr'>l</span> 
     </span>
     <span class='ocr_line' id='line_1_56' title="bbox 226 2653 1215 2696; baseline 0.002 -12"><span class='ocrx_word' id='word_1_384' title='bbox 226 2654 429 2687; x_wconf 78' lang='lat' dir='ltr'>severantiae</span> <span class='ocrx_word' id='word_1_385' title='bbox 454 2664 620 2691; x_wconf 78' lang='lat' dir='ltr'>veraeque</span> <span class='ocrx_word' id='word_1_386' title='bbox 635 2653 717 2690; x_wconf 77' lang='lat' dir='ltr'>fidei,</span> <span class='ocrx_word' id='word_1_387' title='bbox 743 2665 824 2694; x_wconf 71' lang='lat' dir='ltr'>quae</span> <span class='ocrx_word' id='word_1_388' title='bbox 848 2656 1087 2696; x_wconf 77' lang='lat' dir='ltr'>praeteritis‚iis</span> <span class='ocrx_word' id='word_1_389' title='bbox 1107 2666 1187 2694; x_wconf 82' lang='lat' dir='ltr'>quae</span> <span class='ocrx_word' id='word_1_390' title='bbox 1213 2661 1215 2677; x_wconf 60' lang='lat'><em>¹</em></span> 
     </span>
    </p>
   </div>
   <div class='ocr_carea' id='block_1_5' title="bbox 1208 475 1216 2481">
    <p class='ocr_par' dir='ltr' id='par_1_5' title="bbox 1208 475 1216 2481">
     <span class='ocr_line' id='line_1_57' title="bbox 1208 475 1216 2481; baseline 0 0"><span class='ocrx_word' id='word_1_391' title='bbox 1208 475 1216 2481; x_wconf 95' lang='lat' dir='ltr'> </span> 
     </span>
    </p>
   </div>
   <div class='ocr_carea' id='block_1_6' title="bbox 861 211 1553 244">
    <p class='ocr_par' dir='ltr' id='par_1_6' title="bbox 861 211 1553 244">
     <span class='ocr_line' id='line_1_58' title="bbox 861 211 1553 244; baseline -0.001 -1"><span class='ocrx_word' id='word_1_392' title='bbox 861 214 906 244; x_wconf 83' lang='lat' dir='ltr'>IN</span> <span class='ocrx_word' id='word_1_393' title='bbox 932 214 956 244; x_wconf 90' lang='grc' dir='ltr'>Ι.</span> <span class='ocrx_word' id='word_1_394' title='bbox 982 213 1069 244; x_wconf 88' lang='lat' dir='ltr'><strong>LIB.</strong></span> <span class='ocrx_word' id='word_1_395' title='bbox 1095 211 1292 244; x_wconf 56' lang='lat' dir='ltr'>SAMUissti.</span> <span class='ocrx_word' id='word_1_396' title='bbox 1318 212 1415 242; x_wconf 73' lang='lat' dir='ltr'>CAP.</span> <span class='ocrx_word' id='word_1_397' title='bbox 1442 212 1553 243; x_wconf 78' lang='lat' dir='ltr'>XXX.</span> 
     </span>
    </p>
   </div>
   <div class='ocr_carea' id='block_1_7' title="bbox 2144 210 2208 241">
    <p class='ocr_par' dir='ltr' id='par_1_7' title="bbox 2144 210 2208 241">
     <span class='ocr_line' id='line_1_59' title="bbox 2144 210 2208 241; baseline 0.016 -1"><span class='ocrx_word' id='word_1_398' title='bbox 2144 210 2208 241; x_wconf 71' lang='lat'>⁴594</span> 
     </span>
    </p>
   </div>
   <div class='ocr_carea' id='block_1_8' title="bbox 1236 302 2217 2728">
    <p class='ocr_par' dir='ltr' id='par_1_8' title="bbox 1236 302 2217 2088">
     <span class='ocr_line' id='line_1_60' title="bbox 1236 302 2201 341; baseline -0.002 -6"><span class='ocrx_word' id='word_1_399' title='bbox 1236 305 1269 335; x_wconf 90' lang='lat' dir='ltr'>in</span> <span class='ocrx_word' id='word_1_400' title='bbox 1295 305 1404 335; x_wconf 84' lang='lat' dir='ltr'>oculos</span> <span class='ocrx_word' id='word_1_401' title='bbox 1428 305 1638 336; x_wconf 73' lang='lat' dir='ltr'>incurrebant</span> <span class='ocrx_word' id='word_1_402' title='bbox 1663 306 1810 336; x_wconf 76' lang='lat' dir='ltr'>fiduciam</span> <span class='ocrx_word' id='word_1_403' title='bbox 1836 305 1869 335; x_wconf 90' lang='lat' dir='ltr'>in</span> <span class='ocrx_word' id='word_1_404' title='bbox 1895 304 1963 334; x_wconf 64' lang='lat' dir='ltr'>Deo</span> <span class='ocrx_word' id='word_1_405' title='bbox 1989 304 2068 334; x_wconf 77' lang='lat' dir='ltr'>fixit.</span> <span class='ocrx_word' id='word_1_406' title='bbox 2106 302 2201 341; x_wconf 80' lang='lat' dir='ltr'>Quod</span> 
     </span>
     <span class='ocr_line' id='line_1_61' title="bbox 1237 346 2202 385; baseline -0.002 -7"><span class='ocrx_word' id='word_1_407' title='bbox 1237 348 1316 378; x_wconf 79' lang='lat' dir='ltr'>sutis</span> <span class='ocrx_word' id='word_1_408' title='bbox 1343 354 1493 378; x_wconf 69' lang='lat' dir='ltr'>testatum</span> <span class='ocrx_word' id='word_1_409' title='bbox 1520 349 1643 379; x_wconf 79' lang='lat' dir='ltr'>faciunt</span> <span class='ocrx_word' id='word_1_410' title='bbox 1668 349 1775 378; x_wconf 73' lang='lat' dir='ltr'>variae</span> <span class='ocrx_word' id='word_1_411' title='bbox 1806 348 1878 377; x_wconf 79' lang='lat' dir='ltr'>illae</span> <span class='ocrx_word' id='word_1_412' title='bbox 1912 347 2108 377; x_wconf 63' lang='lat' dir='ltr'>tentationes</span> <span class='ocrx_word' id='word_1_413' title='bbox 2133 346 2202 385; x_wconf 84' lang='lat' dir='ltr'>qui-</span> 
     </span>
     <span class='ocr_line' id='line_1_62' title="bbox 1236 390 2202 430; baseline -0.003 -10"><span class='ocrx_word' id='word_1_414' title='bbox 1236 390 1294 420; x_wconf 74' lang='lat' dir='ltr'>bus</span> <span class='ocrx_word' id='word_1_415' title='bbox 1318 390 1457 430; x_wconf 73' lang='lat' dir='ltr'>agitatus</span> <span class='ocrx_word' id='word_1_416' title='bbox 1481 396 1538 425; x_wconf 86' lang='lat' dir='ltr'>est,</span> <span class='ocrx_word' id='word_1_417' title='bbox 1572 397 1603 420; x_wconf 87' lang='lat' dir='ltr'>et</span> <span class='ocrx_word' id='word_1_418' title='bbox 1627 391 1740 429; x_wconf 81' lang='lat' dir='ltr'>quibus</span> <span class='ocrx_word' id='word_1_419' title='bbox 1765 397 1890 430; x_wconf 81' lang='lat' dir='ltr'>peterat</span> <span class='ocrx_word' id='word_1_420' title='bbox 1916 390 1955 419; x_wconf 83' lang='lat' dir='ltr'>al)</span> <span class='ocrx_word' id='word_1_421' title='bbox 1990 390 2093 419; x_wconf 79' lang='lat' dir='ltr'>officio</span> <span class='ocrx_word' id='word_1_422' title='bbox 2125 400 2202 417; x_wconf 80' lang='lat' dir='ltr'>avo·</span> 
     </span>
     <span class='ocr_line' id='line_1_63' title="bbox 1236 431 2200 472; baseline -0.001 -10"><span class='ocrx_word' id='word_1_423' title='bbox 1236 433 1310 463; x_wconf 77' lang='lat' dir='ltr'>cari.</span> <span class='ocrx_word' id='word_1_424' title='bbox 1358 433 1420 463; x_wconf 65' lang='lat' dir='ltr'>Sed</span> <span class='ocrx_word' id='word_1_425' title='bbox 1457 443 1537 472; x_wconf 82' lang='lat' dir='ltr'>quae</span> <span class='ocrx_word' id='word_1_426' title='bbox 1572 434 1614 462; x_wconf 81' lang='lat' dir='ltr'>ita</span> <span class='ocrx_word' id='word_1_427' title='bbox 1647 434 1809 472; x_wconf 77' lang='lat' dir='ltr'>superavit</span> <span class='ocrx_word' id='word_1_428' title='bbox 1856 439 1888 462; x_wconf 87' lang='lat' dir='ltr'>ut</span> <span class='ocrx_word' id='word_1_429' title='bbox 1931 442 2058 462; x_wconf 81' lang='lat' dir='ltr'>summa</span> <span class='ocrx_word' id='word_1_430' title='bbox 2102 431 2200 461; x_wconf 78' lang='lat' dir='ltr'>animi</span> 
     </span>
     <span class='ocr_line' id='line_1_64' title="bbox 1236 473 2203 515; baseline -0.002 -10"><span class='ocrx_word' id='word_1_431' title='bbox 1236 474 1489 515; x_wconf 87' lang='lat' dir='ltr'>promptitudine</span> <span class='ocrx_word' id='word_1_432' title='bbox 1509 481 1541 505; x_wconf 85' lang='lat' dir='ltr'>et</span> <span class='ocrx_word' id='word_1_433' title='bbox 1565 475 1731 506; x_wconf 77' lang='lat' dir='ltr'>alacritate</span> <span class='ocrx_word' id='word_1_434' title='bbox 1749 477 1778 505; x_wconf 93' lang='lat' dir='ltr'>in</span> <span class='ocrx_word' id='word_1_435' title='bbox 1800 476 1901 506; x_wconf 81' lang='lat' dir='ltr'>officio</span> <span class='ocrx_word' id='word_1_436' title='bbox 1923 473 2110 513; x_wconf 71' lang='lat' dir='ltr'>porrexerit.</span> <span class='ocrx_word' id='word_1_437' title='bbox 2148 473 2203 503; x_wconf 93' lang='lat' dir='ltr'>In-</span> 
     </span>
     <span class='ocr_line' id='line_1_65' title="bbox 1236 516 2201 558; baseline -0.003 -9"><span class='ocrx_word' id='word_1_438' title='bbox 1236 519 1361 557; x_wconf 76' lang='lat' dir='ltr'>signem</span> <span class='ocrx_word' id='word_1_439' title='bbox 1387 519 1494 556; x_wconf 80' lang='lat' dir='ltr'>itaque</span> <span class='ocrx_word' id='word_1_440' title='bbox 1518 518 1613 548; x_wconf 75' lang='lat' dir='ltr'>fuisse</span> <span class='ocrx_word' id='word_1_441' title='bbox 1638 519 1737 558; x_wconf 54' lang='lat' dir='ltr'>ipsius</span> <span class='ocrx_word' id='word_1_442' title='bbox 1770 519 1863 548; x_wconf 77' lang='lat' dir='ltr'>iidem</span> <span class='ocrx_word' id='word_1_443' title='bbox 1889 524 2025 556; x_wconf 77' lang='lat' dir='ltr'>oportet,</span> <span class='ocrx_word' id='word_1_444' title='bbox 2058 523 2088 546; x_wconf 82' lang='lat' dir='ltr'>ct</span> <span class='ocrx_word' id='word_1_445' title='bbox 2119 516 2201 546; x_wconf 84' lang='lat' dir='ltr'>altas</span> 
     </span>
     <span class='ocr_line' id='line_1_66' title="bbox 1237 560 2199 599; baseline -0.003 -8"><span class='ocrx_word' id='word_1_446' title='bbox 1237 562 1267 591; x_wconf 89' lang='lat' dir='ltr'>in</span> <span class='ocrx_word' id='word_1_447' title='bbox 1294 560 1393 599; x_wconf 86' lang='lat' dir='ltr'>ipsius</span> <span class='ocrx_word' id='word_1_448' title='bbox 1417 561 1524 590; x_wconf 76' lang='lat' dir='ltr'>animo</span> <span class='ocrx_word' id='word_1_449' title='bbox 1550 560 1669 590; x_wconf 68' lang='lat' dir='ltr'>radices</span> <span class='ocrx_word' id='word_1_450' title='bbox 1693 562 1796 597; x_wconf 66' lang='lat' dir='ltr'>egisse</span> <span class='ocrx_word' id='word_1_451' title='bbox 1823 561 1881 591; x_wconf 78' lang='lat' dir='ltr'>Dei</span> <span class='ocrx_word' id='word_1_452' title='bbox 1907 560 2068 594; x_wconf 74' lang='lat' dir='ltr'>timorem,</span> <span class='ocrx_word' id='word_1_453' title='bbox 2099 569 2199 597; x_wconf 86' lang='lat' dir='ltr'>quum</span> 
     </span>
     <span class='ocr_line' id='line_1_67' title="bbox 1236 602 2203 642; baseline -0.002 -9"><span class='ocrx_word' id='word_1_454' title='bbox 1236 603 1335 634; x_wconf 88' lang='lat' dir='ltr'>nullis</span> <span class='ocrx_word' id='word_1_455' title='bbox 1366 602 1604 642; x_wconf 84' lang='lat' dir='ltr'>impedimentis</span> <span class='ocrx_word' id='word_1_456' title='bbox 1634 604 1671 633; x_wconf 82' lang='lat' dir='ltr'>ub</span> <span class='ocrx_word' id='word_1_457' title='bbox 1703 605 1806 634; x_wconf 75' lang='lat' dir='ltr'>officio</span> <span class='ocrx_word' id='word_1_458' title='bbox 1840 603 1942 642; x_wconf 84' lang='lat' dir='ltr'>potuit</span> <span class='ocrx_word' id='word_1_459' title='bbox 1973 602 2137 635; x_wconf 74' lang='lat' dir='ltr'>deterreri,</span> <span class='ocrx_word' id='word_1_460' title='bbox 2170 606 2203 631; x_wconf 75' lang='lat' dir='ltr'>et</span> 
     </span>
     <span class='ocr_line' id='line_1_68' title="bbox 1237 644 2202 685; baseline -0.002 -9"><span class='ocrx_word' id='word_1_461' title='bbox 1237 647 1397 685; x_wconf 81' lang='lat' dir='ltr'>insignem</span> <span class='ocrx_word' id='word_1_462' title='bbox 1423 646 1490 675; x_wconf 86' lang='lat' dir='ltr'>eius</span> <span class='ocrx_word' id='word_1_463' title='bbox 1510 646 1722 676; x_wconf 74' lang='lat' dir='ltr'>constantiani</span> <span class='ocrx_word' id='word_1_464' title='bbox 1753 657 1833 685; x_wconf 79' lang='lat' dir='ltr'>quac</span> <span class='ocrx_word' id='word_1_465' title='bbox 1863 646 1893 675; x_wconf 91' lang='lat' dir='ltr'>in</span> <span class='ocrx_word' id='word_1_466' title='bbox 1927 645 1987 675; x_wconf 89' lang='lat' dir='ltr'>Dei</span> <span class='ocrx_word' id='word_1_467' title='bbox 2018 644 2202 674; x_wconf 79' lang='lat' dir='ltr'>obedientia</span> 
     </span>
     <span class='ocr_line' id='line_1_69' title="bbox 1237 688 2200 728; baseline -0.003 -9"><span class='ocrx_word' id='word_1_468' title='bbox 1237 690 1342 728; x_wconf 88' lang='lat' dir='ltr'>ipsum</span> <span class='ocrx_word' id='word_1_469' title='bbox 1368 688 1512 718; x_wconf 87' lang='lat' dir='ltr'>retinuit.</span> <span class='ocrx_word' id='word_1_470' title='bbox 1559 688 1611 718; x_wconf 76' lang='lat' dir='ltr'>Ex</span> <span class='ocrx_word' id='word_1_471' title='bbox 1635 699 1695 726; x_wconf 84' lang='lat' dir='ltr'>quo</span> <span class='ocrx_word' id='word_1_472' title='bbox 1719 693 1851 728; x_wconf 72' lang='lat' dir='ltr'>apparet</span> <span class='ocrx_word' id='word_1_473' title='bbox 1875 688 1964 718; x_wconf 91' lang='lat' dir='ltr'>illum</span> <span class='ocrx_word' id='word_1_474' title='bbox 1991 698 2054 717; x_wconf 92' lang='lat' dir='ltr'>non</span> <span class='ocrx_word' id='word_1_475' title='bbox 2080 694 2200 716; x_wconf 83' lang='lat' dir='ltr'>temere</span> 
     </span>
     <span class='ocr_line' id='line_1_70' title="bbox 1237 729 2201 770; baseline -0.004 -8"><span class='ocrx_word' id='word_1_476' title='bbox 1237 732 1298 761; x_wconf 90' lang='lat' dir='ltr'>Dei</span> <span class='ocrx_word' id='word_1_477' title='bbox 1325 731 1499 762; x_wconf 82' lang='lat' dir='ltr'>bonitatem</span> <span class='ocrx_word' id='word_1_478' title='bbox 1533 731 1794 770; x_wconf 55' lang='lat' dir='ltr'>apprcdmndisw,</span> <span class='ocrx_word' id='word_1_479' title='bbox 1826 730 1881 761; x_wconf 81' lang='lat' dir='ltr'>sed</span> <span class='ocrx_word' id='word_1_480' title='bbox 1914 730 1951 760; x_wconf 86' lang='lat' dir='ltr'>de</span> <span class='ocrx_word' id='word_1_481' title='bbox 1983 729 2038 759; x_wconf 85' lang='lat' dir='ltr'>illa</span> <span class='ocrx_word' id='word_1_482' title='bbox 2069 730 2201 758; x_wconf 82' lang='lat' dir='ltr'>omniuo</span> 
     </span>
     <span class='ocr_line' id='line_1_71' title="bbox 1238 771 2202 814; baseline -0.004 -10"><span class='ocrx_word' id='word_1_483' title='bbox 1238 784 1426 814; x_wconf 85' lang='lat' dir='ltr'>persuasum</span> <span class='ocrx_word' id='word_1_484' title='bbox 1452 773 1557 803; x_wconf 86' lang='lat' dir='ltr'>fuisse.</span> <span class='ocrx_word' id='word_1_485' title='bbox 1605 772 1658 804; x_wconf 71' lang='lat' dir='ltr'>sie</span> <span class='ocrx_word' id='word_1_486' title='bbox 1689 774 1786 813; x_wconf 79' lang='lat' dir='ltr'>igitur</span> <span class='ocrx_word' id='word_1_487' title='bbox 1817 774 1942 803; x_wconf 82' lang='lat' dir='ltr'>divinas</span> <span class='ocrx_word' id='word_1_488' title='bbox 1974 771 2202 811; x_wconf 82' lang='lat' dir='ltr'>promissiones</span> 
     </span>
     <span class='ocr_line' id='line_1_72' title="bbox 1237 814 2202 856; baseline -0.004 -9"><span class='ocrx_word' id='word_1_489' title='bbox 1237 815 1479 856; x_wconf 85' lang='lat' dir='ltr'>apprehendere</span> <span class='ocrx_word' id='word_1_490' title='bbox 1504 826 1562 846; x_wconf 81' lang='lat' dir='ltr'>nos</span> <span class='ocrx_word' id='word_1_491' title='bbox 1587 816 1686 851; x_wconf 72' lang='lat' dir='ltr'>decet,</span> <span class='ocrx_word' id='word_1_492' title='bbox 1717 823 1750 846; x_wconf 90' lang='lat' dir='ltr'>ut</span> <span class='ocrx_word' id='word_1_493' title='bbox 1782 822 1965 847; x_wconf 80' lang='lat' dir='ltr'>constanter</span> <span class='ocrx_word' id='word_1_494' title='bbox 1988 824 2041 844; x_wconf 80' lang='lat' dir='ltr'>cas</span> <span class='ocrx_word' id='word_1_495' title='bbox 2065 814 2202 844; x_wconf 83' lang='lat' dir='ltr'>retinea-</span> 
     </span>
     <span class='ocr_line' id='line_1_73' title="bbox 1238 855 2203 895; baseline -0.004 -5"><span class='ocrx_word' id='word_1_496' title='bbox 1238 870 1325 895; x_wconf 82' lang='lat' dir='ltr'>mus,</span> <span class='ocrx_word' id='word_1_497' title='bbox 1358 866 1389 889; x_wconf 85' lang='lat' dir='ltr'>et</span> <span class='ocrx_word' id='word_1_498' title='bbox 1418 858 1515 888; x_wconf 90' lang='lat' dir='ltr'>nullis</span> <span class='ocrx_word' id='word_1_499' title='bbox 1546 859 1777 889; x_wconf 76' lang='lat' dir='ltr'>tentationibus</span> <span class='ocrx_word' id='word_1_500' title='bbox 1811 859 1937 889; x_wconf 85' lang='lat' dir='ltr'>concuti</span> <span class='ocrx_word' id='word_1_501' title='bbox 1974 868 2040 893; x_wconf 87' lang='lat' dir='ltr'>nos,</span> <span class='ocrx_word' id='word_1_502' title='bbox 2075 862 2130 886; x_wconf 84' lang='lat' dir='ltr'>aut·</span> <span class='ocrx_word' id='word_1_503' title='bbox 2164 855 2203 886; x_wconf 87' lang='lat' dir='ltr'>ab</span> 
     </span>
     <span class='ocr_line' id='line_1_74' title="bbox 1237 900 2201 937; baseline -0.005 -4"><span class='ocrx_word' id='word_1_504' title='bbox 1237 902 1341 933; x_wconf 76' lang='lat' dir='ltr'>officio</span> <span class='ocrx_word' id='word_1_505' title='bbox 1365 900 1520 931; x_wconf 88' lang='lat' dir='ltr'>deterreri</span> <span class='ocrx_word' id='word_1_506' title='bbox 1544 902 1698 937; x_wconf 78' lang='lat' dir='ltr'>sinamus,</span> <span class='ocrx_word' id='word_1_507' title='bbox 1722 907 1754 931; x_wconf 88' lang='lat' dir='ltr'>et</span> <span class='ocrx_word' id='word_1_508' title='bbox 1779 901 1902 931; x_wconf 79' lang='lat' dir='ltr'>diabolo</span> <span class='ocrx_word' id='word_1_509' title='bbox 1927 900 2000 931; x_wconf 85' lang='lat' dir='ltr'>licet</span> <span class='ocrx_word' id='word_1_510' title='bbox 2013 900 2110 930; x_wconf 88' lang='lat' dir='ltr'>variis</span> <span class='ocrx_word' id='word_1_511' title='bbox 2134 909 2201 929; x_wconf 91' lang='lat' dir='ltr'>mo-</span> 
     </span>
     <span class='ocr_line' id='line_1_75' title="bbox 1237 942 2202 984; baseline -0.004 -9"><span class='ocrx_word' id='word_1_512' title='bbox 1237 945 1285 975; x_wconf 89' lang='lat' dir='ltr'>dis</span> <span class='ocrx_word' id='word_1_513' title='bbox 1311 955 1367 975; x_wconf 88' lang='lat' dir='ltr'>nos</span> <span class='ocrx_word' id='word_1_514' title='bbox 1391 950 1608 984; x_wconf 79' lang='lat' dir='ltr'>oppugnante,</span> <span class='ocrx_word' id='word_1_515' title='bbox 1639 951 1669 974; x_wconf 84' lang='lat' dir='ltr'>et</span> <span class='ocrx_word' id='word_1_516' title='bbox 1693 945 1800 974; x_wconf 76' lang='lat' dir='ltr'>varias</span> <span class='ocrx_word' id='word_1_517' title='bbox 1824 944 2005 975; x_wconf 80' lang='lat' dir='ltr'>occasiones</span> <span class='ocrx_word' id='word_1_518' title='bbox 2037 942 2075 972; x_wconf 82' lang='lat' dir='ltr'>ab</span> <span class='ocrx_word' id='word_1_519' title='bbox 2099 942 2202 972; x_wconf 85' lang='lat' dir='ltr'>officio</span> 
     </span>
     <span class='ocr_line' id='line_1_76' title="bbox 1238 986 2204 1026; baseline -0.004 -8"><span class='ocrx_word' id='word_1_520' title='bbox 1238 986 1401 1018; x_wconf 80' lang='lat' dir='ltr'>resiliendi</span> <span class='ocrx_word' id='word_1_521' title='bbox 1428 987 1609 1026; x_wconf 80' lang='lat' dir='ltr'>praebente.</span> <span class='ocrx_word' id='word_1_522' title='bbox 1644 997 1807 1026; x_wconf 83' lang='lat' dir='ltr'>nunquam</span> <span class='ocrx_word' id='word_1_523' title='bbox 1839 994 1945 1016; x_wconf 74' lang='lat' dir='ltr'>tamen</span> <span class='ocrx_word' id='word_1_524' title='bbox 1977 993 2068 1024; x_wconf 87' lang='lat' dir='ltr'>terga</span> <span class='ocrx_word' id='word_1_525' title='bbox 2097 990 2204 1014; x_wconf 83' lang='lat' dir='ltr'>verta—</span> 
     </span>
     <span class='ocr_line' id='line_1_77' title="bbox 1238 1027 2203 1065; baseline -0.003 -5"><span class='ocrx_word' id='word_1_526' title='bbox 1238 1041 1319 1065; x_wconf 85' lang='lat' dir='ltr'>mus,</span> <span class='ocrx_word' id='word_1_527' title='bbox 1344 1029 1398 1060; x_wconf 87' lang='lat' dir='ltr'>sed</span> <span class='ocrx_word' id='word_1_528' title='bbox 1419 1036 1603 1060; x_wconf 81' lang='lat' dir='ltr'>constanter</span> <span class='ocrx_word' id='word_1_529' title='bbox 1617 1030 1649 1059; x_wconf 88' lang='lat' dir='ltr'>in</span> <span class='ocrx_word' id='word_1_530' title='bbox 1665 1030 1838 1065; x_wconf 84' lang='lat' dir='ltr'>vocatione,</span> <span class='ocrx_word' id='word_1_531' title='bbox 1866 1029 1997 1059; x_wconf 73' lang='lat' dir='ltr'>Davidis</span> <span class='ocrx_word' id='word_1_532' title='bbox 2017 1027 2203 1065; x_wconf 83' lang='lat' dir='ltr'>exemplum</span> 
     </span>
     <span class='ocr_line' id='line_1_78' title="bbox 1238 1069 2200 1111; baseline -0.004 -8"><span class='ocrx_word' id='word_1_533' title='bbox 1238 1073 1364 1109; x_wconf 79' lang='lat' dir='ltr'>imitati,</span> <span class='ocrx_word' id='word_1_534' title='bbox 1390 1082 1653 1111; x_wconf 85' lang='lat' dir='ltr'>perseveremus:</span> <span class='ocrx_word' id='word_1_535' title='bbox 1678 1072 1730 1111; x_wconf 88' lang='lat' dir='ltr'>qui</span> <span class='ocrx_word' id='word_1_536' title='bbox 1756 1072 1828 1102; x_wconf 87' lang='lat' dir='ltr'>licet</span> <span class='ocrx_word' id='word_1_537' title='bbox 1853 1083 1914 1102; x_wconf 89' lang='lat' dir='ltr'>non</span> <span class='ocrx_word' id='word_1_538' title='bbox 1929 1081 2079 1110; x_wconf 78' lang='lat' dir='ltr'>expresse</span> <span class='ocrx_word' id='word_1_539' title='bbox 2093 1069 2200 1100; x_wconf 86' lang='lat' dir='ltr'>Deum</span> 
     </span>
     <span class='ocr_line' id='line_1_79' title="bbox 1239 1112 2199 1155; baseline -0.004 -9"><span class='ocrx_word' id='word_1_540' title='bbox 1239 1116 1367 1151; x_wconf 81' lang='lat' dir='ltr'>dixerit,</span> <span class='ocrx_word' id='word_1_541' title='bbox 1392 1125 1484 1154; x_wconf 87' lang='lat' dir='ltr'>posse</span> <span class='ocrx_word' id='word_1_542' title='bbox 1508 1125 1608 1155; x_wconf 79' lang='lat' dir='ltr'>pauca</span> <span class='ocrx_word' id='word_1_543' title='bbox 1635 1126 1730 1144; x_wconf 86' lang='lat' dir='ltr'>manu</span> <span class='ocrx_word' id='word_1_544' title='bbox 1752 1126 1813 1145; x_wconf 92' lang='lat' dir='ltr'>non</span> <span class='ocrx_word' id='word_1_545' title='bbox 1835 1116 1940 1144; x_wconf 89' lang='lat' dir='ltr'>minus</span> <span class='ocrx_word' id='word_1_546' title='bbox 1955 1124 2050 1153; x_wconf 77' lang='lat' dir='ltr'>qnam</span> <span class='ocrx_word' id='word_1_547' title='bbox 2073 1112 2199 1152; x_wconf 84' lang='lat' dir='ltr'>magnis</span> 
     </span>
     <span class='ocr_line' id='line_1_80' title="bbox 1238 1156 2199 1198; baseline -0.003 -10"><span class='ocrx_word' id='word_1_548' title='bbox 1238 1159 1458 1198; x_wconf 88' lang='lat' dir='ltr'>copiisipsum</span> <span class='ocrx_word' id='word_1_549' title='bbox 1472 1168 1593 1193; x_wconf 76' lang='lat' dir='ltr'>eruere,</span> <span class='ocrx_word' id='word_1_550' title='bbox 1619 1168 1683 1187; x_wconf 88' lang='lat' dir='ltr'>non</span> <span class='ocrx_word' id='word_1_551' title='bbox 1708 1158 1813 1188; x_wconf 88' lang='lat' dir='ltr'>minus</span> <span class='ocrx_word' id='word_1_552' title='bbox 1827 1164 1932 1187; x_wconf 85' lang='lat' dir='ltr'>tamen</span> <span class='ocrx_word' id='word_1_553' title='bbox 1948 1156 2082 1187; x_wconf 78' lang='lat' dir='ltr'>credidit</span> <span class='ocrx_word' id='word_1_554' title='bbox 2104 1165 2199 1194; x_wconf 82' lang='lat' dir='ltr'>quam</span> 
     </span>
     <span class='ocr_line' id='line_1_81' title="bbox 1239 1198 2200 1240; baseline -0.004 -9"><span class='ocrx_word' id='word_1_555' title='bbox 1239 1201 1549 1240; x_wconf 80' lang='lat' dir='ltr'>Iosaphatusbonus</span> <span class='ocrx_word' id='word_1_556' title='bbox 1574 1201 1626 1230; x_wconf 84' lang='lat' dir='ltr'>ille</span> <span class='ocrx_word' id='word_1_557' title='bbox 1652 1211 1722 1231; x_wconf 80' lang='lat' dir='ltr'>rex:</span> <span class='ocrx_word' id='word_1_558' title='bbox 1748 1202 1800 1239; x_wconf 90' lang='lat' dir='ltr'>qui</span> <span class='ocrx_word' id='word_1_559' title='bbox 1826 1211 1923 1239; x_wconf 90' lang='lat' dir='ltr'>quum</span> <span class='ocrx_word' id='word_1_560' title='bbox 1945 1205 2036 1230; x_wconf 79' lang='lat' dir='ltr'>tanta</span> <span class='ocrx_word' id='word_1_561' title='bbox 2060 1198 2200 1229; x_wconf 83' lang='lat' dir='ltr'>hostium</span> 
     </span>
     <span class='ocr_line' id='line_1_82' title="bbox 1239 1240 2204 1282; baseline -0.004 -8"><span class='ocrx_word' id='word_1_562' title='bbox 1239 1243 1448 1274; x_wconf 87' lang='lat' dir='ltr'>multitudine</span> <span class='ocrx_word' id='word_1_563' title='bbox 1480 1249 1692 1282; x_wconf 82' lang='lat' dir='ltr'>premeretur,</span> <span class='ocrx_word' id='word_1_564' title='bbox 1726 1250 1760 1273; x_wconf 91' lang='lat' dir='ltr'>ut</span> <span class='ocrx_word' id='word_1_565' title='bbox 1791 1243 1957 1273; x_wconf 87' lang='lat' dir='ltr'>hominum</span> <span class='ocrx_word' id='word_1_566' title='bbox 1987 1242 2136 1281; x_wconf 85' lang='lat' dir='ltr'>opinione</span> <span class='ocrx_word' id='word_1_567' title='bbox 2165 1240 2204 1270; x_wconf 86' lang='lat' dir='ltr'>de</span> 
     </span>
     <span class='ocr_line' id='line_1_83' title="bbox 1239 1284 2204 1326; baseline -0.003 -9"><span class='ocrx_word' id='word_1_568' title='bbox 1239 1288 1308 1326; x_wconf 90' lang='lat' dir='ltr'>ipso</span> <span class='ocrx_word' id='word_1_569' title='bbox 1342 1286 1460 1317; x_wconf 84' lang='lat' dir='ltr'>factum</span> <span class='ocrx_word' id='word_1_570' title='bbox 1497 1286 1669 1325; x_wconf 87' lang='lat' dir='ltr'>videretur,</span> <span class='ocrx_word' id='word_1_571' title='bbox 1705 1292 1736 1316; x_wconf 89' lang='lat' dir='ltr'>et</span> <span class='ocrx_word' id='word_1_572' title='bbox 1770 1286 1855 1316; x_wconf 85' lang='lat' dir='ltr'>salus</span> <span class='ocrx_word' id='word_1_573' title='bbox 1890 1286 1992 1325; x_wconf 91' lang='lat' dir='ltr'>ipsius</span> <span class='ocrx_word' id='word_1_574' title='bbox 2027 1284 2204 1323; x_wconf 78' lang='lat' dir='ltr'>desperata,</span> 
     </span>
     <span class='ocr_line' id='line_1_84' title="bbox 1241 1326 2202 1368; baseline -0.003 -9"><span class='ocrx_word' id='word_1_575' title='bbox 1241 1329 1455 1360; x_wconf 86' lang='lat' dir='ltr'>nihilomiuus</span> <span class='ocrx_word' id='word_1_576' title='bbox 1483 1329 1515 1358; x_wconf 90' lang='lat' dir='ltr'>in</span> <span class='ocrx_word' id='word_1_577' title='bbox 1549 1328 1689 1359; x_wconf 80' lang='lat' dir='ltr'>Domino</span> <span class='ocrx_word' id='word_1_578' title='bbox 1719 1339 1808 1367; x_wconf 88' lang='lat' dir='ltr'>spem</span> <span class='ocrx_word' id='word_1_579' title='bbox 1840 1335 1959 1368; x_wconf 73' lang='lat' dir='ltr'>posuit,</span> <span class='ocrx_word' id='word_1_580' title='bbox 1992 1327 2099 1358; x_wconf 88' lang='lat' dir='ltr'>aiens:</span> <span class='ocrx_word' id='word_1_581' title='bbox 2129 1326 2202 1356; x_wconf 90' lang='lat' dir='ltr'>Non</span> 
     </span>
     <span class='ocr_line' id='line_1_85' title="bbox 1239 1371 2201 1410; baseline -0.005 -7"><span class='ocrx_word' id='word_1_582' title='bbox 1239 1383 1308 1403; x_wconf 88' lang='lat' dir='ltr'>esse</span> <span class='ocrx_word' id='word_1_583' title='bbox 1321 1372 1392 1402; x_wconf 89' lang='lat' dir='ltr'>Deo</span> <span class='ocrx_word' id='word_1_584' title='bbox 1418 1371 1581 1402; x_wconf 85' lang='lat' dir='ltr'>difficilius</span> <span class='ocrx_word' id='word_1_585' title='bbox 1605 1382 1734 1402; x_wconf 84' lang='lat' dir='ltr'>servare</span> <span class='ocrx_word' id='word_1_586' title='bbox 1755 1372 1787 1401; x_wconf 90' lang='lat' dir='ltr'>in</span> <span class='ocrx_word' id='word_1_587' title='bbox 1803 1382 1902 1410; x_wconf 81' lang='lat' dir='ltr'>pauca</span> <span class='ocrx_word' id='word_1_588' title='bbox 1915 1377 1946 1400; x_wconf 89' lang='lat' dir='ltr'>et</span> <span class='ocrx_word' id='word_1_589' title='bbox 1970 1371 2201 1409; x_wconf 77' lang='lat' dir='ltr'>exiguamanu</span> 
     </span>
     <span class='ocr_line' id='line_1_86' title="bbox 1239 1412 2203 1455; baseline -0.005 -9"><span class='ocrx_word' id='word_1_590' title='bbox 1239 1425 1333 1455; x_wconf 84' lang='lat' dir='ltr'>quam</span> <span class='ocrx_word' id='word_1_591' title='bbox 1365 1415 1398 1446; x_wconf 92' lang='lat' dir='ltr'>in</span> <span class='ocrx_word' id='word_1_592' title='bbox 1429 1425 1556 1454; x_wconf 80' lang='lat' dir='ltr'>magna.</span> <span class='ocrx_word' id='word_1_593' title='bbox 1608 1414 1732 1452; x_wconf 76' lang='lat' dir='ltr'>Quibus</span> <span class='ocrx_word' id='word_1_594' title='bbox 1765 1414 1869 1444; x_wconf 83' lang='lat' dir='ltr'>verbis</span> <span class='ocrx_word' id='word_1_595' title='bbox 1903 1413 2061 1444; x_wconf 83' lang='lat' dir='ltr'>indicavit</span> <span class='ocrx_word' id='word_1_596' title='bbox 2098 1412 2203 1442; x_wconf 87' lang='lat' dir='ltr'>Deum</span> 
     </span>
     <span class='ocr_line' id='line_1_87' title="bbox 1239 1454 2204 1496; baseline -0.003 -8"><span class='ocrx_word' id='word_1_597' title='bbox 1239 1458 1349 1489; x_wconf 84' lang='lat' dir='ltr'>omnia</span> <span class='ocrx_word' id='word_1_598' title='bbox 1372 1468 1429 1496; x_wconf 89' lang='lat' dir='ltr'>per</span> <span class='ocrx_word' id='word_1_599' title='bbox 1452 1467 1486 1488; x_wconf 88' lang='lat' dir='ltr'>se</span> <span class='ocrx_word' id='word_1_600' title='bbox 1509 1458 1612 1496; x_wconf 89' lang='lat' dir='ltr'>ipsum</span> <span class='ocrx_word' id='word_1_601' title='bbox 1639 1468 1738 1496; x_wconf 86' lang='lat' dir='ltr'>posse,</span> <span class='ocrx_word' id='word_1_602' title='bbox 1763 1457 1897 1496; x_wconf 88' lang='lat' dir='ltr'>ideoque</span> <span class='ocrx_word' id='word_1_603' title='bbox 1918 1466 2073 1494; x_wconf 90' lang='lat' dir='ltr'>nonopus</span> <span class='ocrx_word' id='word_1_604' title='bbox 2087 1454 2204 1485; x_wconf 84' lang='lat' dir='ltr'>habere</span> 
     </span>
     <span class='ocr_line' id='line_1_88' title="bbox 1240 1498 2203 1538; baseline -0.004 -7"><span class='ocrx_word' id='word_1_605' title='bbox 1240 1501 1284 1531; x_wconf 84' lang='lat' dir='ltr'>rei</span> <span class='ocrx_word' id='word_1_606' title='bbox 1310 1501 1407 1530; x_wconf 87' lang='lat' dir='ltr'>ullius</span> <span class='ocrx_word' id='word_1_607' title='bbox 1431 1506 1557 1531; x_wconf 86' lang='lat' dir='ltr'>creatae</span> <span class='ocrx_word' id='word_1_608' title='bbox 1580 1500 1716 1530; x_wconf 75' lang='lat' dir='ltr'>auxuio:</span> <span class='ocrx_word' id='word_1_609' title='bbox 1747 1499 1820 1530; x_wconf 86' lang='lat' dir='ltr'>licet</span> <span class='ocrx_word' id='word_1_610' title='bbox 1845 1507 1963 1535; x_wconf 79' lang='lat' dir='ltr'>tamen,</span> <span class='ocrx_word' id='word_1_611' title='bbox 1995 1498 2203 1538; x_wconf 87' lang='lat' dir='ltr'>quemadmo-</span> 
     </span>
     <span class='ocr_line' id='line_1_89' title="bbox 1240 1539 2203 1581; baseline -0.004 -7"><span class='ocrx_word' id='word_1_612' title='bbox 1240 1543 1315 1574; x_wconf 90' lang='lat' dir='ltr'>dum</span> <span class='ocrx_word' id='word_1_613' title='bbox 1352 1543 1508 1580; x_wconf 80' lang='lat' dir='ltr'>diximus,</span> <span class='ocrx_word' id='word_1_614' title='bbox 1545 1549 1658 1573; x_wconf 83' lang='lat' dir='ltr'>natura</span> <span class='ocrx_word' id='word_1_615' title='bbox 1692 1548 1802 1573; x_wconf 81' lang='lat' dir='ltr'>nostra</span> <span class='ocrx_word' id='word_1_616' title='bbox 1841 1542 1996 1581; x_wconf 81' lang='lat' dir='ltr'>proclives</span> <span class='ocrx_word' id='word_1_617' title='bbox 2032 1542 2132 1571; x_wconf 87' lang='lat' dir='ltr'>simus</span> <span class='ocrx_word' id='word_1_618' title='bbox 2164 1539 2203 1571; x_wconf 85' lang='lat' dir='ltr'>ad</span> 
     </span>
     <span class='ocr_line' id='line_1_90' title="bbox 1241 1583 2202 1625; baseline -0.003 -9"><span class='ocrx_word' id='word_1_619' title='bbox 1241 1586 1385 1619; x_wconf 82' lang='lat' dir='ltr'>divinam</span> <span class='ocrx_word' id='word_1_620' title='bbox 1424 1586 1599 1625; x_wconf 83' lang='lat' dir='ltr'>potentiam</span> <span class='ocrx_word' id='word_1_621' title='bbox 1638 1587 1739 1625; x_wconf 77' lang='lat' dir='ltr'>Signis</span> <span class='ocrx_word' id='word_1_622' title='bbox 1779 1585 1958 1616; x_wconf 69' lang='lat' dir='ltr'>visibilibus</span> <span class='ocrx_word' id='word_1_623' title='bbox 1995 1583 2202 1623; x_wconf 74' lang='lat' dir='ltr'>alligandam,</span> 
     </span>
     <span class='ocr_line' id='line_1_91' title="bbox 1239 1626 2204 1669; baseline -0.004 -10"><span class='ocrx_word' id='word_1_624' title='bbox 1239 1640 1346 1669; x_wconf 62' lang='lat' dir='ltr'>quum,</span> <span class='ocrx_word' id='word_1_625' title='bbox 1362 1636 1474 1659; x_wconf 84' lang='lat' dir='ltr'>contra</span> <span class='ocrx_word' id='word_1_626' title='bbox 1486 1628 1557 1659; x_wconf 78' lang='lat' dir='ltr'>Deo</span> <span class='ocrx_word' id='word_1_627' title='bbox 1580 1638 1648 1659; x_wconf 88' lang='lat' dir='ltr'>sese</span> <span class='ocrx_word' id='word_1_628' title='bbox 1674 1629 1763 1659; x_wconf 88' lang='lat' dir='ltr'>nobis</span> <span class='ocrx_word' id='word_1_629' title='bbox 1783 1629 2041 1659; x_wconf 83' lang='lat' dir='ltr'>communicante</span> <span class='ocrx_word' id='word_1_630' title='bbox 2066 1626 2204 1665; x_wconf 62' lang='lat' dir='ltr'>reliqua÷</span> 
     </span>
     <span class='ocr_line' id='line_1_92' title="bbox 1240 1670 2205 1709; baseline -0.005 -6"><span class='ocrx_word' id='word_1_631' title='bbox 1240 1683 1312 1703; x_wconf 90' lang='lat' dir='ltr'>rum</span> <span class='ocrx_word' id='word_1_632' title='bbox 1344 1672 1489 1702; x_wconf 91' lang='lat' dir='ltr'>omnium</span> <span class='ocrx_word' id='word_1_633' title='bbox 1520 1678 1740 1702; x_wconf 77' lang='lat' dir='ltr'>creaturarum</span> <span class='ocrx_word' id='word_1_634' title='bbox 1774 1671 1895 1701; x_wconf 82' lang='lat' dir='ltr'>nullam</span> <span class='ocrx_word' id='word_1_635' title='bbox 1927 1681 1995 1701; x_wconf 84' lang='lat' dir='ltr'>esse</span> <span class='ocrx_word' id='word_1_636' title='bbox 2028 1670 2205 1709; x_wconf 84' lang='lat' dir='ltr'>potentiam</span> 
     </span>
     <span class='ocr_line' id='line_1_93' title="bbox 1239 1711 2217 1755; baseline -0.003 -9"><span class='ocrx_word' id='word_1_637' title='bbox 1239 1717 1320 1746; x_wconf 88' lang='lat' dir='ltr'>scire</span> <span class='ocrx_word' id='word_1_638' title='bbox 1355 1725 1411 1745; x_wconf 88' lang='lat' dir='ltr'>nos</span> <span class='ocrx_word' id='word_1_639' title='bbox 1446 1720 1606 1755; x_wconf 79' lang='lat' dir='ltr'>oporteat,</span> <span class='ocrx_word' id='word_1_640' title='bbox 1649 1714 1813 1753; x_wconf 82' lang='lat' dir='ltr'>solamque</span> <span class='ocrx_word' id='word_1_641' title='bbox 1848 1713 1908 1744; x_wconf 87' lang='lat' dir='ltr'>Dei</span> <span class='ocrx_word' id='word_1_642' title='bbox 1944 1723 2073 1743; x_wconf 83' lang='lat' dir='ltr'>manum</span> <span class='ocrx_word' id='word_1_643' title='bbox 2111 1711 2217 1743; x_wconf 46' lang='lat' dir='ltr'>nobis¹</span> 
     </span>
     <span class='ocr_line' id='line_1_94' title="bbox 1238 1754 2204 1796; baseline -0.005 -8"><span class='ocrx_word' id='word_1_644' title='bbox 1238 1758 1397 1795; x_wconf 88' lang='lat' dir='ltr'>sufficere,</span> <span class='ocrx_word' id='word_1_645' title='bbox 1421 1759 1475 1796; x_wconf 91' lang='lat' dir='ltr'>qui</span> <span class='ocrx_word' id='word_1_646' title='bbox 1499 1757 1568 1787; x_wconf 89' lang='lat' dir='ltr'>sine</span> <span class='ocrx_word' id='word_1_647' title='bbox 1582 1757 1676 1787; x_wconf 84' lang='lat' dir='ltr'>ullius</span> <span class='ocrx_word' id='word_1_648' title='bbox 1697 1757 1817 1788; x_wconf 77' lang='lat' dir='ltr'>auxilio</span> <span class='ocrx_word' id='word_1_649' title='bbox 1832 1763 1937 1796; x_wconf 81' lang='lat' dir='ltr'>potest</span> <span class='ocrx_word' id='word_1_650' title='bbox 1961 1766 2018 1786; x_wconf 90' lang='lat' dir='ltr'>nos</span> <span class='ocrx_word' id='word_1_651' title='bbox 2043 1754 2204 1792; x_wconf 80' lang='lat' dir='ltr'>adiuvare,</span> 
     </span>
     <span class='ocr_line' id='line_1_95' title="bbox 1238 1797 2207 1840; baseline -0.003 -9"><span class='ocrx_word' id='word_1_652' title='bbox 1238 1806 1270 1831; x_wconf 89' lang='lat' dir='ltr'>et</span> <span class='ocrx_word' id='word_1_653' title='bbox 1293 1812 1333 1831; x_wconf 80' lang='lat' dir='ltr'>ex</span> <span class='ocrx_word' id='word_1_654' title='bbox 1356 1800 1503 1833; x_wconf 87' lang='lat' dir='ltr'>omnibus</span> <span class='ocrx_word' id='word_1_655' title='bbox 1527 1799 1678 1839; x_wconf 82' lang='lat' dir='ltr'>periculis</span> <span class='ocrx_word' id='word_1_656' title='bbox 1702 1800 1835 1840; x_wconf 85' lang='lat' dir='ltr'>eripere.</span> <span class='ocrx_word' id='word_1_657' title='bbox 1872 1799 1943 1830; x_wconf 88' lang='lat' dir='ltr'>Hoc</span> <span class='ocrx_word' id='word_1_658' title='bbox 1963 1799 2068 1837; x_wconf 89' lang='lat' dir='ltr'>ipsum</span> <span class='ocrx_word' id='word_1_659' title='bbox 2094 1797 2207 1828; x_wconf 80' lang='lat' dir='ltr'>fecisse</span> 
     </span>
     <span class='ocr_line' id='line_1_96' title="bbox 1238 1841 2202 1881; baseline -0.003 -8"><span class='ocrx_word' id='word_1_660' title='bbox 1238 1843 1398 1873; x_wconf 76' lang='lat' dir='ltr'>Davidem</span> <span class='ocrx_word' id='word_1_661' title='bbox 1426 1842 1579 1880; x_wconf 85' lang='lat' dir='ltr'>videmus,</span> <span class='ocrx_word' id='word_1_662' title='bbox 1604 1843 1658 1881; x_wconf 90' lang='lat' dir='ltr'>qui</span> <span class='ocrx_word' id='word_1_663' title='bbox 1683 1842 1756 1873; x_wconf 88' lang='lat' dir='ltr'>licet</span> <span class='ocrx_word' id='word_1_664' title='bbox 1782 1842 1887 1873; x_wconf 86' lang='lat' dir='ltr'>verbis</span> <span class='ocrx_word' id='word_1_665' title='bbox 1911 1841 1941 1872; x_wconf 91' lang='lat' dir='ltr'>id</span> <span class='ocrx_word' id='word_1_666' title='bbox 1966 1852 2027 1871; x_wconf 89' lang='lat' dir='ltr'>non</span> <span class='ocrx_word' id='word_1_667' title='bbox 2053 1842 2202 1879; x_wconf 50' lang='lat' dir='ltr'>profitear</span> 
     </span>
     <span class='ocr_line' id='line_1_97' title="bbox 1240 1883 2205 1925; baseline -0.004 -9"><span class='ocrx_word' id='word_1_668' title='bbox 1240 1894 1300 1924; x_wconf 81' lang='lat' dir='ltr'>tur,</span> <span class='ocrx_word' id='word_1_669' title='bbox 1330 1897 1365 1916; x_wconf 90' lang='lat' dir='ltr'>re</span> <span class='ocrx_word' id='word_1_670' title='bbox 1396 1886 1465 1925; x_wconf 85' lang='lat' dir='ltr'>ipsa</span> <span class='ocrx_word' id='word_1_671' title='bbox 1496 1891 1602 1915; x_wconf 80' lang='lat' dir='ltr'>tamen</span> <span class='ocrx_word' id='word_1_672' title='bbox 1635 1885 1784 1922; x_wconf 83' lang='lat' dir='ltr'>declarat,</span> <span class='ocrx_word' id='word_1_673' title='bbox 1817 1895 1915 1925; x_wconf 87' lang='lat' dir='ltr'>quum</span> <span class='ocrx_word' id='word_1_674' title='bbox 1947 1883 2108 1923; x_wconf 80' lang='lat' dir='ltr'>intrepide</span> <span class='ocrx_word' id='word_1_675' title='bbox 2139 1890 2205 1917; x_wconf 85' lang='lat' dir='ltr'>tam</span> 
     </span>
     <span class='ocr_line' id='line_1_98' title="bbox 1240 1926 2203 1967; baseline -0.003 -8"><span class='ocrx_word' id='word_1_676' title='bbox 1240 1939 1448 1959; x_wconf 87' lang='lat' dir='ltr'>numerosum</span> <span class='ocrx_word' id='word_1_677' title='bbox 1475 1928 1612 1958; x_wconf 87' lang='lat' dir='ltr'>hostium</span> <span class='ocrx_word' id='word_1_678' title='bbox 1639 1929 1818 1959; x_wconf 76' lang='lat' dir='ltr'>exercitum</span> <span class='ocrx_word' id='word_1_679' title='bbox 1833 1938 1905 1959; x_wconf 88' lang='lat' dir='ltr'>cum</span> <span class='ocrx_word' id='word_1_680' title='bbox 1921 1928 2039 1967; x_wconf 78' lang='lat' dir='ltr'>exigua</span> <span class='ocrx_word' id='word_1_681' title='bbox 2063 1926 2203 1956; x_wconf 87' lang='lat' dir='ltr'>militum</span> 
     </span>
     <span class='ocr_line' id='line_1_99' title="bbox 1239 1969 2205 2010; baseline -0.002 -8"><span class='ocrx_word' id='word_1_682' title='bbox 1239 1983 1336 2002; x_wconf 86' lang='lat' dir='ltr'>manu</span> <span class='ocrx_word' id='word_1_683' title='bbox 1362 1972 1572 2010; x_wconf 83' lang='lat' dir='ltr'>persequitur,</span> <span class='ocrx_word' id='word_1_684' title='bbox 1594 1971 1624 2000; x_wconf 92' lang='lat' dir='ltr'>in</span> <span class='ocrx_word' id='word_1_685' title='bbox 1639 1970 1710 2001; x_wconf 90' lang='lat' dir='ltr'>Deo</span> <span class='ocrx_word' id='word_1_686' title='bbox 1725 1982 1786 2001; x_wconf 85' lang='lat' dir='ltr'>uno</span> <span class='ocrx_word' id='word_1_687' title='bbox 1805 1982 1893 2010; x_wconf 76' lang='lat' dir='ltr'>spem</span> <span class='ocrx_word' id='word_1_688' title='bbox 1907 1980 2035 2001; x_wconf 87' lang='lat' dir='ltr'>omnem</span> <span class='ocrx_word' id='word_1_689' title='bbox 2051 1969 2205 2000; x_wconf 79' lang='lat' dir='ltr'>victoriae</span> 
     </span>
     <span class='ocr_line' id='line_1_100' title="bbox 1240 2012 2207 2055; baseline -0.003 -10"><span class='ocrx_word' id='word_1_690' title='bbox 1240 2024 1408 2055; x_wconf 88' lang='lat' dir='ltr'>reponens,</span> <span class='ocrx_word' id='word_1_691' title='bbox 1437 2020 1467 2044; x_wconf 81' lang='lat' dir='ltr'>et</span> <span class='ocrx_word' id='word_1_692' title='bbox 1497 2024 1534 2043; x_wconf 83' lang='lat' dir='ltr'>ea</span> <span class='ocrx_word' id='word_1_693' title='bbox 1565 2013 1688 2044; x_wconf 86' lang='lat' dir='ltr'>ratione</span> <span class='ocrx_word' id='word_1_694' title='bbox 1712 2013 1851 2044; x_wconf 87' lang='lat' dir='ltr'>debitam</span> <span class='ocrx_word' id='word_1_695' title='bbox 1878 2013 2004 2045; x_wconf 82' lang='lat' dir='ltr'>laudem</span> <span class='ocrx_word' id='word_1_696' title='bbox 2029 2012 2090 2051; x_wconf 87' lang='lat' dir='ltr'>ipsi</span> <span class='ocrx_word' id='word_1_697' title='bbox 2114 2013 2207 2043; x_wconf 88' lang='lat' dir='ltr'>attri-</span> 
     </span>
     <span class='ocr_line' id='line_1_101' title="bbox 1241 2057 1353 2088; baseline -0.009 0"><span class='ocrx_word' id='word_1_698' title='bbox 1241 2057 1353 2088; x_wconf 85' lang='lat' dir='ltr'>bueus.</span> 
     </span>
    </p>

    <p class='ocr_par' dir='ltr' id='par_1_9' title="bbox 1239 2097 2215 2693">
     <span class='ocr_line' id='line_1_102' title="bbox 1325 2097 2207 2138; baseline -0.002 -7"><span class='ocrx_word' id='word_1_699' title='bbox 1325 2099 1496 2138; x_wconf 79' lang='lat' dir='ltr'>Sequitur,</span> <span class='ocrx_word' id='word_1_700' title='bbox 1529 2098 1665 2129; x_wconf 87' lang='lat' dir='ltr'>Davidis</span> <span class='ocrx_word' id='word_1_701' title='bbox 1697 2100 1813 2130; x_wconf 85' lang='lat' dir='ltr'>milites</span> <span class='ocrx_word' id='word_1_702' title='bbox 1851 2098 2000 2129; x_wconf 86' lang='lat' dir='ltr'>incidisse</span> <span class='ocrx_word' id='word_1_703' title='bbox 2037 2098 2069 2128; x_wconf 91' lang='lat' dir='ltr'>in</span> <span class='ocrx_word' id='word_1_704' title='bbox 2100 2097 2207 2132; x_wconf 85' lang='lat' dir='ltr'>virum</span> 
     </span>
     <span class='ocr_line' id='line_1_103' title="bbox 1240 2142 2205 2183; baseline -0.003 -10"><span class='ocrx_word' id='word_1_705' title='bbox 1240 2142 1409 2183; x_wconf 84' lang='lat' dir='ltr'>quemdam</span> <span class='ocrx_word' id='word_1_706' title='bbox 1444 2144 1641 2181; x_wconf 79' lang='lat' dir='ltr'>Aegyptium</span> <span class='ocrx_word' id='word_1_707' title='bbox 1674 2143 1929 2177; x_wconf 85' lang='lat' dir='ltr'>semimortuum,</span> <span class='ocrx_word' id='word_1_708' title='bbox 1960 2146 2089 2181; x_wconf 87' lang='lat' dir='ltr'>propter</span> <span class='ocrx_word' id='word_1_709' title='bbox 2123 2151 2205 2174; x_wconf 88' lang='lat' dir='ltr'>mor-</span> 
     </span>
     <span class='ocr_line' id='line_1_104' title="bbox 1241 2183 2207 2224; baseline -0.002 -8"><span class='ocrx_word' id='word_1_710' title='bbox 1241 2186 1315 2216; x_wconf 91' lang='lat' dir='ltr'>bum</span> <span class='ocrx_word' id='word_1_711' title='bbox 1340 2195 1402 2224; x_wconf 86' lang='lat' dir='ltr'>quo</span> <span class='ocrx_word' id='word_1_712' title='bbox 1426 2190 1500 2214; x_wconf 82' lang='lat' dir='ltr'>ante</span> <span class='ocrx_word' id='word_1_713' title='bbox 1524 2184 1667 2214; x_wconf 88' lang='lat' dir='ltr'>triduum</span> <span class='ocrx_word' id='word_1_714' title='bbox 1694 2186 1906 2220; x_wconf 78' lang='lat' dir='ltr'>laboraverat,</span> <span class='ocrx_word' id='word_1_715' title='bbox 1932 2190 1965 2215; x_wconf 90' lang='lat' dir='ltr'>et</span> <span class='ocrx_word' id='word_1_716' title='bbox 1987 2184 2057 2214; x_wconf 83' lang='lat' dir='ltr'>sine</span> <span class='ocrx_word' id='word_1_717' title='bbox 2080 2183 2151 2213; x_wconf 85' lang='lat' dir='ltr'>cibo</span> <span class='ocrx_word' id='word_1_718' title='bbox 2175 2191 2207 2214; x_wconf 87' lang='lat' dir='ltr'>et</span> 
     </span>
     <span class='ocr_line' id='line_1_105' title="bbox 1240 2226 2206 2268; baseline -0.003 -9"><span class='ocrx_word' id='word_1_719' title='bbox 1240 2235 1316 2268; x_wconf 90' lang='lat' dir='ltr'>potu</span> <span class='ocrx_word' id='word_1_720' title='bbox 1346 2229 1495 2258; x_wconf 75' lang='lat' dir='ltr'>iacuerat.</span> <span class='ocrx_word' id='word_1_721' title='bbox 1548 2226 1726 2265; x_wconf 80' lang='lat' dir='ltr'>Quaeritur</span> <span class='ocrx_word' id='word_1_722' title='bbox 1761 2238 1779 2258; x_wconf 83' lang='lat' dir='ltr'>a</span> <span class='ocrx_word' id='word_1_723' title='bbox 1817 2227 1933 2266; x_wconf 91' lang='lat' dir='ltr'>quibus</span> <span class='ocrx_word' id='word_1_724' title='bbox 1964 2229 2116 2256; x_wconf 86' lang='lat' dir='ltr'>inventus</span> <span class='ocrx_word' id='word_1_725' title='bbox 2146 2227 2206 2257; x_wconf 90' lang='lat' dir='ltr'>sit:</span> 
     </span>
     <span class='ocr_line' id='line_1_106' title="bbox 1241 2269 2213 2308; baseline -0.002 -6"><span class='ocrx_word' id='word_1_726' title='bbox 1241 2281 1315 2302; x_wconf 83' lang='lat' dir='ltr'>nam</span> <span class='ocrx_word' id='word_1_727' title='bbox 1339 2271 1392 2300; x_wconf 87' lang='lat' dir='ltr'>alii</span> <span class='ocrx_word' id='word_1_728' title='bbox 1418 2270 1525 2300; x_wconf 85' lang='lat' dir='ltr'>dicunt</span> <span class='ocrx_word' id='word_1_729' title='bbox 1551 2270 1719 2302; x_wconf 86' lang='lat' dir='ltr'>inventum</span> <span class='ocrx_word' id='word_1_730' title='bbox 1752 2270 1790 2300; x_wconf 81' lang='lat' dir='ltr'>ab</span> <span class='ocrx_word' id='word_1_731' title='bbox 1823 2271 1862 2300; x_wconf 91' lang='lat' dir='ltr'>iis</span> <span class='ocrx_word' id='word_1_732' title='bbox 1885 2270 1937 2308; x_wconf 90' lang='lat' dir='ltr'>qui</span> <span class='ocrx_word' id='word_1_733' title='bbox 1962 2269 1999 2299; x_wconf 81' lang='lat' dir='ltr'>ad</span> <span class='ocrx_word' id='word_1_734' title='bbox 2027 2275 2213 2300; x_wconf 74' lang='lat' dir='ltr'>torrentem</span> 
     </span>
     <span class='ocr_line' id='line_1_107' title="bbox 1240 2311 2207 2352; baseline -0.002 -8"><span class='ocrx_word' id='word_1_735' title='bbox 1240 2314 1459 2348; x_wconf 84' lang='lat' dir='ltr'>substiterant,</span> <span class='ocrx_word' id='word_1_736' title='bbox 1485 2312 1538 2342; x_wconf 86' lang='lat' dir='ltr'>alii</span> <span class='ocrx_word' id='word_1_737' title='bbox 1563 2323 1639 2342; x_wconf 88' lang='lat' dir='ltr'>vero</span> <span class='ocrx_word' id='word_1_738' title='bbox 1664 2314 1702 2343; x_wconf 85' lang='lat' dir='ltr'>ab</span> <span class='ocrx_word' id='word_1_739' title='bbox 1728 2313 1766 2343; x_wconf 91' lang='lat' dir='ltr'>iis</span> <span class='ocrx_word' id='word_1_740' title='bbox 1791 2314 1843 2352; x_wconf 92' lang='lat' dir='ltr'>qui</span> <span class='ocrx_word' id='word_1_741' title='bbox 1869 2312 2029 2342; x_wconf 86' lang='lat' dir='ltr'>Davidem</span> <span class='ocrx_word' id='word_1_742' title='bbox 2060 2311 2207 2342; x_wconf 80' lang='lat' dir='ltr'>comitati</span> 
     </span>
     <span class='ocr_line' id='line_1_108' title="bbox 1240 2354 2204 2395; baseline -0.002 -9"><span class='ocrx_word' id='word_1_743' title='bbox 1240 2357 1377 2391; x_wconf 81' lang='lat' dir='ltr'>fuerunt,</span> <span class='ocrx_word' id='word_1_744' title='bbox 1403 2355 1488 2394; x_wconf 83' lang='lat' dir='ltr'>quod</span> <span class='ocrx_word' id='word_1_745' title='bbox 1513 2360 1563 2385; x_wconf 85' lang='lat' dir='ltr'>est</span> <span class='ocrx_word' id='word_1_746' title='bbox 1586 2356 1688 2395; x_wconf 84' lang='lat' dir='ltr'>magis</span> <span class='ocrx_word' id='word_1_747' title='bbox 1714 2355 1898 2389; x_wconf 77' lang='lat' dir='ltr'>verisimile,</span> <span class='ocrx_word' id='word_1_748' title='bbox 1931 2361 1961 2384; x_wconf 90' lang='lat' dir='ltr'>et</span> <span class='ocrx_word' id='word_1_749' title='bbox 1992 2354 2096 2383; x_wconf 84' lang='lat' dir='ltr'>verbis</span> <span class='ocrx_word' id='word_1_750' title='bbox 2128 2365 2204 2384; x_wconf 87' lang='lat' dir='ltr'>con-</span> 
     </span>
     <span class='ocr_line' id='line_1_109' title="bbox 1240 2395 2214 2436; baseline -0.004 -7"><span class='ocrx_word' id='word_1_751' title='bbox 1240 2405 1349 2429; x_wconf 84' lang='lat' dir='ltr'>textus</span> <span class='ocrx_word' id='word_1_752' title='bbox 1373 2397 1627 2429; x_wconf 88' lang='lat' dir='ltr'>convenientius.</span> <span class='ocrx_word' id='word_1_753' title='bbox 1674 2399 1844 2429; x_wconf 77' lang='lat' dir='ltr'>Caeterum</span> <span class='ocrx_word' id='word_1_754' title='bbox 1870 2397 1951 2436; x_wconf 86' lang='lat' dir='ltr'>quod</span> <span class='ocrx_word' id='word_1_755' title='bbox 1984 2397 2022 2426; x_wconf 87' lang='lat' dir='ltr'>de</span> <span class='ocrx_word' id='word_1_756' title='bbox 2052 2395 2214 2427; x_wconf 31' lang='lat' dir='ltr'>triduano,</span> 
     </span>
     <span class='ocr_line' id='line_1_110' title="bbox 1240 2439 2214 2472; baseline -0.003 -1"><span class='ocrx_word' id='word_1_757' title='bbox 1240 2442 1358 2472; x_wconf 87' lang='lat' dir='ltr'>ieiunio</span> <span class='ocrx_word' id='word_1_758' title='bbox 1382 2439 1500 2471; x_wconf 86' lang='lat' dir='ltr'>dicitur</span> <span class='ocrx_word' id='word_1_759' title='bbox 1521 2451 1639 2471; x_wconf 87' lang='lat' dir='ltr'>novum</span> <span class='ocrx_word' id='word_1_760' title='bbox 1671 2448 1702 2471; x_wconf 90' lang='lat' dir='ltr'>et</span> <span class='ocrx_word' id='word_1_761' title='bbox 1725 2441 1869 2471; x_wconf 85' lang='lat' dir='ltr'>insolens</span> <span class='ocrx_word' id='word_1_762' title='bbox 1894 2439 2059 2470; x_wconf 75' lang='lat' dir='ltr'>videretur</span> <span class='ocrx_word' id='word_1_763' title='bbox 2090 2439 2121 2468; x_wconf 92' lang='lat' dir='ltr'>in</span> <span class='ocrx_word' id='word_1_764' title='bbox 2155 2439 2214 2470; x_wconf 90' lang='lat' dir='ltr'>his.</span> 
     </span>
     <span class='ocr_line' id='line_1_111' title="bbox 1240 2482 2205 2524; baseline -0.002 -9"><span class='ocrx_word' id='word_1_765' title='bbox 1240 2484 1431 2524; x_wconf 78' lang='lat' dir='ltr'>regionibus,</span> <span class='ocrx_word' id='word_1_766' title='bbox 1456 2483 1571 2522; x_wconf 90' lang='lat' dir='ltr'>quibus</span> <span class='ocrx_word' id='word_1_767' title='bbox 1595 2494 1688 2514; x_wconf 89' lang='lat' dir='ltr'>nemo</span> <span class='ocrx_word' id='word_1_768' title='bbox 1713 2490 1815 2522; x_wconf 85' lang='lat' dir='ltr'>potest</span> <span class='ocrx_word' id='word_1_769' title='bbox 1839 2493 1857 2512; x_wconf 87' lang='lat' dir='ltr'>a</span> <span class='ocrx_word' id='word_1_770' title='bbox 1880 2482 1949 2512; x_wconf 87' lang='lat' dir='ltr'>cibo</span> <span class='ocrx_word' id='word_1_771' title='bbox 1972 2487 2002 2511; x_wconf 85' lang='lat' dir='ltr'>et</span> <span class='ocrx_word' id='word_1_772' title='bbox 2022 2488 2098 2520; x_wconf 86' lang='lat' dir='ltr'>potu</span> <span class='ocrx_word' id='word_1_773' title='bbox 2123 2490 2205 2513; x_wconf 83' lang='lat' dir='ltr'>tam-</span> 
     </span>
     <span class='ocr_line' id='line_1_112' title="bbox 1239 2525 2202 2565; baseline -0.002 -8"><span class='ocrx_word' id='word_1_774' title='bbox 1239 2528 1294 2557; x_wconf 91' lang='lat' dir='ltr'>diu</span> <span class='ocrx_word' id='word_1_775' title='bbox 1319 2526 1490 2562; x_wconf 68' lang='lat' dir='ltr'>abstinere,</span> <span class='ocrx_word' id='word_1_776' title='bbox 1516 2526 1675 2565; x_wconf 86' lang='lat' dir='ltr'>siquidem</span> <span class='ocrx_word' id='word_1_777' title='bbox 1700 2537 1737 2556; x_wconf 82' lang='lat' dir='ltr'>ea</span> <span class='ocrx_word' id='word_1_778' title='bbox 1760 2532 1810 2556; x_wconf 77' lang='lat' dir='ltr'>est</span> <span class='ocrx_word' id='word_1_779' title='bbox 1838 2525 1922 2555; x_wconf 74' lang='lat' dir='ltr'>aeris</span> <span class='ocrx_word' id='word_1_780' title='bbox 1944 2525 2141 2561; x_wconf 84' lang='lat' dir='ltr'>constitutio,</span> <span class='ocrx_word' id='word_1_781' title='bbox 2167 2531 2202 2555; x_wconf 90' lang='lat' dir='ltr'>ut</span> 
     </span>
     <span class='ocr_line' id='line_1_113' title="bbox 1240 2567 2214 2608; baseline -0.005 -8"><span class='ocrx_word' id='word_1_782' title='bbox 1240 2570 1379 2608; x_wconf 81' lang='lat' dir='ltr'>largiore</span> <span class='ocrx_word' id='word_1_783' title='bbox 1402 2569 1469 2599; x_wconf 92' lang='lat' dir='ltr'>cibo</span> <span class='ocrx_word' id='word_1_784' title='bbox 1500 2568 1714 2607; x_wconf 78' lang='lat' dir='ltr'>indigeamus,</span> <span class='ocrx_word' id='word_1_785' title='bbox 1745 2568 1827 2607; x_wconf 87' lang='lat' dir='ltr'>quod</span> <span class='ocrx_word' id='word_1_786' title='bbox 1861 2568 1892 2597; x_wconf 89' lang='lat' dir='ltr'>iu</span> <span class='ocrx_word' id='word_1_787' title='bbox 1924 2567 1986 2597; x_wconf 81' lang='lat' dir='ltr'>illis</span> <span class='ocrx_word' id='word_1_788' title='bbox 2019 2567 2214 2606; x_wconf 76' lang='lat' dir='ltr'>regionibus.</span> 
     </span>
     <span class='ocr_line' id='line_1_114' title="bbox 1239 2610 2215 2649; baseline -0.002 -6"><span class='ocrx_word' id='word_1_789' title='bbox 1239 2612 1332 2643; x_wconf 80' lang='lat' dir='ltr'>aliter</span> <span class='ocrx_word' id='word_1_790' title='bbox 1355 2611 1424 2642; x_wconf 89' lang='lat' dir='ltr'>fuit.</span> <span class='ocrx_word' id='word_1_791' title='bbox 1462 2611 1504 2641; x_wconf 87' lang='lat' dir='ltr'>Et-</span> <span class='ocrx_word' id='word_1_792' title='bbox 1527 2610 1764 2642; x_wconf 83' lang='lat' dir='ltr'>observandum</span> <span class='ocrx_word' id='word_1_793' title='bbox 1789 2610 1869 2640; x_wconf 92' lang='lat' dir='ltr'>illud</span> <span class='ocrx_word' id='word_1_794' title='bbox 1894 2616 1941 2640; x_wconf 89' lang='lat' dir='ltr'>est</span> <span class='ocrx_word' id='word_1_795' title='bbox 1954 2618 2084 2649; x_wconf 88' lang='lat' dir='ltr'>propter</span> <span class='ocrx_word' id='word_1_796' title='bbox 2104 2612 2215 2642; x_wconf 55' lang='lat' dir='ltr'>multem</span> 
     </span>
     <span class='ocr_line' id='line_1_115' title="bbox 1240 2652 2206 2693; baseline 0 -7"><span class='ocrx_word' id='word_1_797' title='bbox 1240 2656 1416 2693; x_wconf 82' lang='lat' dir='ltr'>scripturae</span> <span class='ocrx_word' id='word_1_798' title='bbox 1438 2653 1516 2692; x_wconf 84' lang='lat' dir='ltr'>loca,</span> <span class='ocrx_word' id='word_1_799' title='bbox 1540 2653 1700 2692; x_wconf 87' lang='lat' dir='ltr'>inquibus</span> <span class='ocrx_word' id='word_1_800' title='bbox 1714 2653 1861 2683; x_wconf 78' lang='lat' dir='ltr'>videmus</span> <span class='ocrx_word' id='word_1_801' title='bbox 1874 2653 1991 2683; x_wconf 89' lang='lat' dir='ltr'>multos</span> <span class='ocrx_word' id='word_1_802' title='bbox 2012 2652 2206 2685; x_wconf 76' lang='lat' dir='ltr'>abstinuisse</span> 
     </span>
    </p>

    <p class='ocr_par' dir='ltr' id='par_1_10' title="bbox 1951 2703 2000 2728">
     <span class='ocr_line' id='line_1_116' title="bbox 1951 2703 2000 2728; baseline 0 -13"><span class='ocrx_word' id='word_1_803' title='bbox 1951 2703 2000 2728; x_wconf 57' lang='lat'>44*</span> 
     </span>
    </p>
   </div>
  </div>
 </body>
</html>
