2551 3044
382 201 440 232 311

384 301 489 325 tuntes
513 295 588 333 quin
613 300 754 333 tempore
777 303 956 334 opportuno
981 296 1066 325 iuvet
1093 294 1283 324 laborantes.
1309 301 1338 325 et

383 336 534 368 adversus
567 336 700 367 iniurias
735 343 890 377 protegat,
945 337 1043 367 (fluitis
1079 338 1121 367 rei
1156 336 1367 375 exemplum*

383 387 450 408 usto
475 378 683 416 Ionathauus,
707 377 812 410 Deum
838 379 988 410 nimirum
1015 381 1135 410 sincere
1160 388 1188 410 et
1207 378 1339 410 candide
1366 397 1367 403 κ

383 421 584 453 ambulantes
616 432 722 452 coram
758 421 826 462 ipso
862 433 1026 462 nunquam
1057 422 1211 453 deserere.
1257 421 1339 452 Nam

383 463 469 504 quid.
500 464 638 499 obsecro.
671 462 802 495 Saulem
834 464 999 505 impedivit
1032 465 1203 504 quominus
1227 464 1340 496 adver·
1365 454 1368 495 l

383 517 437 538 sus
461 505 678 538 1‹·nathanum
710 506 811 538 filium
835 506 1102 539 excandesceret?
1150 507 1263 538 Nonne
1287 517 1341 548 po·
1366 503 1368 544 ἶ

384 555 466 581 terat
491 549 569 581 Saul
603 549 697 581 etiam
729 559 802 581 eum
825 550 1020 581 contumelia
1043 549 1145 580 filium
1171 549 1340 590 repellere:

383 591 466 631 Quis
489 598 524 623 tu
548 602 590 629 cs,
622 593 675 632 qui
699 598 822 632 patrem
847 592 945 623 audes
966 592 1222 633 reprehendere?
1258 592 1342 624 Nota
1366 596 1368 606 ¹

384 635 468 666 enim
500 640 546 666 est
577 641 704 675 patrum
735 635 766 666 in
791 635 874 666 filios
899 636 1090 676 arrogantia,
1119 636 1144 666 si
1169 635 1342 666 admonere
1366 626 1369 671 ἶ

383 679 468 718 ipsos
492 678 530 708 de
554 677 659 717 aliqua
684 688 717 709 re
741 677 889 708 audeant.
936 678 1036 715 Tune,
1069 678 1227 718 inquiunt,
1251 677 1342 709 abor·
1367 692 1369 721 Ι

385 721 448 752 tivc
477 730 528 751 me
558 719 784 760 reprehendes,
818 725 852 751 tu
883 720 1051 751 consilium
1084 720 1183 757 dabis,
1215 721 1342 760 etquid
1367 727 1369 767 1

385 763 462 794 mihi
493 762 673 794 faciendum
705 762 855 794 docebis?
903 764 1010 794 Meum
1036 769 1082 794 est
1107 763 1213 803 potius
1237 769 1266 793 te
1290 762 1343 794 ad·
1367 774 1369 804 2

385 815 514 837 monere
545 811 573 836 et
605 805 851 846 reprehendere.
896 805 972 837 Istis
1003 816 1037 837 ac
1067 805 1226 837 similibus
1259 806 1342 837 voci·
1367 821 1369 849 3

386 847 441 879 bus
477 848 554 880 Saul
590 847 806 879 Ionathanum
841 848 1076 889 reprehendere
1110 848 1276 888 potuisset,
1311 852 1369 880 ets

385 892 502 932 regiani
536 896 726 931 potestatem
757 890 801 922 illi
826 891 970 925 obiicere,
1002 897 1038 922 ut
1068 890 1106 922 ad
1138 891 1341 922 autoritatem
1366 908 1369 921 i

385 940 549 973 paternam
583 934 669 975 regia
692 934 844 965 maiestas
875 933 1048 971 accederet,
1082 944 1178 974 quam
1202 934 1342 965 revereri
1366 926 1369 980 J

386 976 601 1007 Ionathanum
625 976 801 1017 oportebat,
825 984 855 1007 et
880 986 943 1008 non
969 977 1012 1007 ita
1038 977 1156 1008 violare
1176 980 1231 1008 aut
1250 977 1342 1017 parvi
1366 998 1369 1022 ⁴

385 1020 496 1057 facere,
528 1026 564 1050 ut
592 1019 676 1050 filius
706 1025 735 1050 et
759 1018 907 1050 subditus
936 1025 1059 1059 patrem
1084 1025 1115 1050 et
1138 1029 1246 1060 regem
1271 1024 1342 1050 tan·
1367 1037 1369 1046 ·

385 1072 479 1102 quam
512 1071 570 1102 par
593 1067 649 1093 aut.
677 1062 780 1093 socius
803 1067 962 1102 argueret.
1007 1061 1071 1094 Sed
1096 1062 1187 1093 Deus
1211 1061 1342 1094 Saulem
1366 1064 1369 1094 Ι

387 1104 485 1136 veluti
516 1104 706 1144 quibusdam
731 1104 870 1136 vinculis
893 1105 1042 1144 coercuit,
1075 1111 1106 1136 et
1128 1104 1279 1144 cohibuit,
1303 1115 1343 1136 ne
1366 1095 1369 1118 ¹

385 1147 416 1178 in
447 1148 512 1179 iras
546 1148 777 1185 effervesceret,
811 1154 842 1178 et
873 1153 1025 1187 tanquam
1055 1147 1160 1178 bellua
1185 1148 1340 1187 impetum
1366 1121 1370 1174 l

385 1191 417 1221 in
440 1189 666 1222 admonentem
696 1189 824 1221 faceret.
870 1189 957 1222 Hinc
980 1191 1086 1230 itaque
1110 1189 1269 1222 discamus
1287 1189 1342 1220 ad-

387 1243 497 1264 versus
520 1243 631 1264 omnes
655 1231 861 1264 difficultates
884 1232 1015 1264 luctari:
1041 1239 1073 1263 et
1096 1243 1135 1264 ne
1159 1232 1343 1264 dubitemus

385 1276 461 1316 quin
492 1275 581 1307 Deus
610 1275 651 1307 sit
679 1275 770 1307 nobis
801 1275 980 1310 adfuturus.
1012 1286 1109 1315 quum
1141 1275 1241 1316 ipsius
1270 1285 1341 1306 ver-

386 1319 461 1349 bum
486 1319 611 1358 sequuti
636 1318 806 1349 fuerimus:
831 1323 861 1349 et
885 1317 958 1349 licet
978 1318 1123 1349 homines
1142 1317 1342 1350 adversarios
1367 1313 1369 1347 l

386 1360 605 1399 habuerimus,
628 1361 680 1400 qui
706 1360 803 1392 variis
826 1360 949 1392 artibus
973 1371 1029 1392 nos
1052 1360 1092 1392 ab
1115 1361 1219 1393 officio
1237 1361 1342 1392 deter-

387 1410 486 1441 reant,
522 1409 552 1434 et
586 1403 711 1435 animos
745 1402 880 1434 abiicere
914 1403 1054 1442 iubeant,
1087 1414 1276 1444 summaque
1310 1403 1342 1434 vi

386 1450 631 1486 persequantur,
668 1444 736 1477 Deo
770 1452 877 1477 tamen
908 1446 980 1477 freti
1014 1446 1174 1486 patienter
1207 1446 1342 1477 iniurias

386 1499 498 1520 omnes
524 1489 674 1526 feramus,
703 1494 732 1520 et
757 1494 971 1528 opportunum
996 1488 1152 1520 auxilium
1176 1492 1340 1529 exspecte-

386 1541 466 1562 mus.
508 1530 595 1570 Quin
620 1531 682 1562 imo
707 1530 825 1571 aliquid
851 1531 947 1562 etiam
971 1531 1108 1571 amplius
1127 1531 1179 1563 hic
1200 1536 1340 1572 apparet,

387 1583 502 1614 nempe
527 1574 630 1605 Deum
664 1573 738 1604 dare
769 1573 874 1605 locum
898 1584 974 1606 suae
997 1574 1119 1614 gratiae
1143 1579 1253 1606 contra
1276 1583 1340 1604 om-

388 1617 476 1647 nium
501 1615 669 1648 hominum
694 1616 976 1656 exspectationem,
1006 1622 1041 1647 ut
1064 1627 1127 1648 non
1159 1617 1202 1648 sit
1231 1616 1342 1648 irritus

387 1669 496 1690 eorum
532 1659 584 1699 qui
619 1657 725 1690 Deum
760 1664 939 1699 sequuntur
973 1658 1077 1690 labor:
1116 1659 1200 1700 quod
1241 1660 1343 1690 instar

387 1701 508 1734 stimuli
531 1711 600 1733 esse
624 1701 716 1732 debet
739 1700 778 1732 ad
802 1701 943 1732 officium
967 1707 1071 1733 erecto
1095 1702 1202 1733 animo
1227 1702 1342 1734 facien-

387 1743 465 1775 dum
496 1743 644 1775 omnibus
668 1753 804 1783 quorum
828 1753 924 1783 opera
948 1744 1036 1775 Deus
1067 1745 1113 1775 uti
1138 1745 1215 1776 vult.
1260 1744 1343 1776 Nam

388 1797 483 1827 saepe
514 1786 624 1818 videas
654 1785 773 1817 multos
802 1785 963 1824 reluctari,
995 1792 1026 1818 et
1053 1787 1101 1818 vel
1134 1798 1242 1818 eorum
1266 1797 1344 1827 quos

389 1829 617 1870 reprehensuri
640 1834 715 1860 sunt
738 1829 974 1861 contumaciam
993 1835 1024 1861 et
1042 1830 1268 1871 arrogantiam,
1292 1829 1344 1861 vel

389 1882 480 1903 suam
510 1872 650 1912 ipsorum
675 1871 864 1903 tenuitatem
889 1876 919 1902 et
949 1872 1173 1912 ignorantiam,
1204 1872 1254 1903 vel
1279 1882 1343 1903 me-

391 1923 458 1946 tum
478 1925 517 1945 ne
538 1914 655 1945 frustra
675 1913 820 1945 laborent
837 1914 920 1955 apud
934 1915 1135 1946 refractarios
1148 1920 1345 1955 praetexere.
1369 1914 1372 1939 l

391 1964 422 1988 ot
452 1958 495 1988 ita
525 1955 759 1997 quodammodo
790 1966 862 1988 suas
893 1967 1008 1988 manus
1039 1957 1179 1996 abluere,
1211 1967 1250 1988 ne
1274 1967 1345 1997 pee-

391 2011 478 2032 casse
501 2006 532 2031 et
556 1999 594 2031 ab
617 1999 720 2030 officio
744 2000 912 2031 recessisse
936 1999 1114 2031 videantur.
1153 1999 1217 2032 Sed
1243 2000 1347 2030 inanis

392 2045 450 2074 iste
482 2047 679 2083 praetextus,
711 2049 741 2073 et
773 2052 857 2073 vana
879 2043 1050 2079 excusatio,
1081 2042 1165 2082 quod
1191 2053 1253 2073 nou
1278 2042 1346 2073 ani-
1372 2058 1374 2070 >

393 2085 598 2117 madvertunt
627 2085 677 2115 isti
701 2084 847 2116 homines
877 2095 946 2116 sese
967 2085 1005 2116 ab
1028 2084 1134 2117 officio
1163 2085 1348 2116 recedentes

392 2128 545 2160 adversus
571 2127 677 2158 Deum
709 2136 839 2167 peceare
867 2131 899 2158 et
928 2127 1162 2168 quodammodo
1193 2127 1348 2159 dedecore
1374 2121 1375 2156 Ξ

393 2178 424 2202 ct
447 2170 626 2212 ignominia
649 2169 786 2206 afficere,
817 2180 916 2210 quum
940 2180 997 2210 pro
1021 2171 1178 2210 aequitate
1202 2176 1233 2201 ct
1257 2171 1347 2202 recti·
1374 2169 1375 2177 ¹

394 2213 505 2245 tudine
528 2219 613 2244 stare
637 2212 720 2252 ipsos
743 2211 840 2249 iubet,
864 2218 895 2244 et
917 2213 1003 2244 omni
1028 2213 1205 2245 iniustitiae
1228 2218 1259 2244 et
1281 2223 1348 2243 ma·
1373 2229 1375 2235 ι

393 2256 505 2288 leficiis
532 2266 600 2287 sese
631 2265 688 2295 pro
713 2255 835 2287 viribus
859 2265 1017 2296 opponere
1041 2261 1072 2287 et
1097 2265 1193 2296 prava
1217 2255 1349 2287 consilia

393 2298 616 2330 condemnare.
641 2297 749 2337 Quare
769 2308 867 2338 quum
887 2297 947 2330 hoc
966 2297 1056 2330 Deus
1079 2298 1195 2336 iubeat,
1217 2298 1349 2329 minime

395 2340 604 2373 dubitandum
627 2346 685 2378 est,
717 2341 794 2381 quin
817 2339 1016 2372 obedientiae
1039 2340 1214 2379 benedicat,
1244 2346 1274 2371 et
1299 2340 1348 2372 vel
1376 2343 1377 2381 ζ

394 2383 500 2416 surdis
531 2383 584 2415 det
607 2392 699 2414 aures
723 2383 761 2414 ad
785 2383 999 2415 admittendas
1023 2383 1266 2420 admonitiones,
1298 2383 1348 2414 vel

394 2426 540 2458 meritam
573 2425 750 2457 mercedem
782 2425 950 2466 rependat:
985 2431 1192 2467 nostramque
1219 2435 1349 2467 operam

1374 2408 1377 2421 l

396 2475 519 2510 gratam
544 2475 576 2499 et
599 2474 761 2509 acceptam
784 2468 915 2501 habeat:
947 2469 996 2500 vel
1020 2469 1047 2500 si
1069 2479 1141 2500 cum
1164 2469 1271 2500 efferis
1293 2467 1349 2499 ho·
1374 2491 1377 2521 Ι

396 2512 534 2543 minibus
558 2510 648 2543 nobis
671 2512 767 2543 fuerit
791 2511 965 2552 negotium,
996 2522 1049 2543 eos
1071 2516 1184 2544 contra
1207 2511 1349 2543 omnium
1375 2526 1377 2539 ι

395 2555 576 2595 opinionem
612 2553 716 2585 domet
751 2560 780 2585 et
823 2559 1005 2586 mansuetos
1041 2554 1161 2586 reddat.
1215 2545 1377 2594 Conspi-l

396 2607 489 2627 cuum
515 2596 592 2627 ilfurt
617 2597 764 2637 exemplo
790 2596 976 2628 Ionathani:
1009 2602 1043 2629 ut
1066 2607 1128 2628 non
1153 2596 1284 2628 dubium
1308 2595 1351 2628 sit
1375 2586 1377 2632 Ι

396 2639 473 2679 quin
493 2638 581 2670 Deus
607 2644 746 2671 nostram
771 2639 984 2671 obedientiam
1009 2640 1152 2680 accipiat,
1176 2645 1208 2671 et
1228 2638 1350 2670 labores
1375 2637 1377 2663 l

1208 200 1405 231 HOMILIA
1433 200 1539 232 Lxx.

2287 201 2349 232 312

1365 302 1367 343 ς
1394 294 1589 332 benevertat,
1621 306 1716 335 quum
1742 305 1870 335 operam
1897 295 1927 326 in
1952 304 1987 325 eo
2012 294 2284 333 collocaverimus,
2317 302 2352 325 ut

1393 337 1476 378 quod
1508 338 1715 378 praescripsit
1744 349 1800 368 suo
1831 336 1928 368 verbo
1958 348 2019 368 non
2053 337 2145 368 inviti
2169 347 2349 378 sequamur.

1393 379 1500 418 Quum
1526 390 1601 411 vero
1621 379 1700 411 Saul
1726 379 1896 411 Ionathani
1918 380 2048 411 monitis
2071 379 2349 419 obtemperaverit,

1366 427 1367 447 ³
1392 433 1604 463 agnoscamus
1629 432 1685 453 nos
1709 423 1857 463 centuplo
1876 422 2024 463 graviore
2048 432 2149 462 poena
2170 422 2350 454 multandos

1393 476 1410 496 a
1434 465 1581 501 Domino,
1605 466 1631 496 si
1655 465 1925 497 admonitionibus
1949 465 2053 496 locum
2079 475 2140 496 non
2161 464 2351 503 dederimus,

1393 508 1448 539 scd
1480 508 1655 539 retr-actarii
1687 507 1851 539 fuerimus.
1904 507 1991 539 Sane
2023 507 2101 539 Saul
2132 518 2194 538 non
2227 519 2351 548 semper

1393 562 1427 582 se
1450 551 1679 590 obsequentem
1703 550 1784 582 bene
1802 550 2006 582 monentibus
2025 550 2182 591 praebuit,
2207 559 2242 581 ut
2261 551 2350 582 dein-

1394 603 1467 634 ceps
1487 592 1662 633 apparebit,
1684 599 1716 623 et
1735 593 1804 625 sine
1824 594 1949 625 ratione
1968 599 1998 624 et
2018 593 2180 633 aequitate
2200 594 2231 624 in
2253 603 2351 633 pravo

1394 646 1451 667 suo
1487 636 1634 667 instituto
1669 636 1828 675 perrexit:
1870 644 2094 667 verumtamen
2137 635 2228 667 illum
2262 635 2351 667 Deus

1395 678 1454 710 hoc
1477 684 1619 719 tempore
1645 677 1748 708 voluit
1769 678 1857 709 sanis
1880 678 1937 709 filii
1961 678 2103 710 consiliis
2122 678 2351 719 obtemperare,

1395 728 1425 752 et
1451 721 1540 752 uobis
1571 720 1718 760 exemplo
1742 730 1811 751 esse
1834 721 1917 760 quod
1942 721 2116 752 imitemur.
2162 721 2226 752 Res
2249 722 2351 752 admi-

1395 763 1495 795 randa
1514 764 1653 803 profecto
1673 763 1741 800 suit,
1761 763 1933 795 fanaticum
1953 769 1985 795 et
2004 764 2156 795 furiosum
2177 763 2350 802 hominem,

1395 812 1427 838 et
1464 814 1651 847 arroganter
1685 805 1839 837 adversus
1873 806 1976 846 ipsum
2006 805 2113 837 Deum
2152 806 2351 845 frementem,

1394 850 1474 880 iram
1498 849 1749 888 despumantem,
1780 848 1921 879 malitiae
1944 858 1981 879 ac
2004 848 2188 880 rebellionis
2212 848 2352 889 plenum,

1395 897 1427 923 et
1457 891 1615 922 vindictae
1650 889 1812 930 cupidum,
1847 891 1969 922 moveri
1996 897 2101 922 tamen
2137 891 2353 923 admonitione

1395 934 1460 972 filii,
1485 941 1514 965 et
1538 935 1581 964 ita
1605 934 1688 965 flecti
1713 939 1748 964 ut
1772 933 1889 965 Davidi
1912 933 2101 965 conciliatus
2124 934 2183 974 ipsi
2215 941 2352 966 mortem

1394 983 1519 1008 struere
1548 976 1724 1008 desisteret.
1779 975 1889 1015 Quare
1918 977 1944 1008 si
1975 975 2053 1008 Saul
2089 982 2154 1008 tam
2189 977 2352 1017 improbus

1394 1028 1425 1051 et
1449 1019 1633 1060 flagitiosus,
1658 1025 1763 1050 tamen
1788 1019 1950 1059 acquievit
1969 1018 2142 1050 Ionathani
2166 1019 2224 1050 filii
2243 1019 2351 1051 admo-

1395 1062 1520 1099 nitioni,
1551 1061 1625 1093 lieet
1656 1061 1799 1102 graviter
1828 1060 1867 1092 ab
1897 1062 1966 1102 ipso
1991 1061 2291 1102 reprehenderetur,
2320 1068 2353 1094 et

1395 1111 1546 1144 tanquam
1570 1105 1718 1144 ingratus
1740 1109 1772 1135 et
1794 1103 1952 1136 homicida
1972 1110 2185 1143 accusaretur,
2208 1106 2268 1137 etsi
2287 1116 2352 1136 non

1395 1147 1525 1178 totidem
1566 1146 1693 1187 quidem
1731 1147 1836 1178 verbis
1869 1146 1924 1179 sed
1958 1157 2087 1179 sensum
2122 1152 2230 1178 tamen
2266 1147 2351 1180 hunc

1394 1190 1595 1226 habentibus,
1632 1196 1663 1221 et
1689 1200 1770 1230 quae
1806 1189 1916 1221 solidis
1946 1189 2123 1222 rationibus
2155 1190 2350 1230 nitebantur,

1395 1233 1470 1273 quid
1496 1232 1585 1263 nobis
1614 1232 1756 1264 futurum
1780 1232 2013 1270 existimamus,
2042 1237 2074 1264 et
2097 1243 2192 1272 quam
2216 1243 2350 1265 excusa—

1395 1276 1513 1306 tionem
1538 1282 1771 1315 praetexemus,
1806 1275 1832 1306 si
1856 1285 1913 1307 nos
1937 1274 2066 1315 quidem
2091 1274 2151 1307 Dei
2176 1275 2259 1307 filios
2282 1286 2352 1308 esse

1396 1318 1479 1349 velle
1498 1319 1685 1358 profitemur
1704 1328 1841 1358 euinque
1853 1318 1957 1349 colere
1970 1323 2002 1349 et
2015 1319 2172 1356 venerari,
2196 1324 2227 1350 et
2242 1325 2350 1350 tamen

1395 1360 1665 1392 admonitionibus
1687 1359 1761 1391 dare
1783 1360 1889 1392 locum
1913 1371 1977 1391 non
2001 1370 2177 1401 possumus,
2202 1361 2256 1392 sed
2276 1361 2350 1393 den-

1395 1403 1479 1434 tibus
1499 1403 1726 1441 infrendemus,
1745 1411 1777 1434 et
1796 1408 1887 1434 extra
1906 1403 2041 1434 rationis
2055 1404 2207 1435 terminos
2226 1404 2350 1445 egredi-

1396 1457 1467 1477 mur
1491 1446 1697 1486 pertinaciter
1725 1446 1910 1477 institutum
1940 1456 2078 1486 pravum
2101 1446 2286 1484 retinentes,
2321 1453 2352 1478 et

1395 1490 1427 1520 in
1452 1490 1539 1528 peius
1564 1488 1715 1520 ruentes?
1762 1488 1830 1521 Nae
1851 1488 1946 1529 longe
1976 1488 2149 1520 deteriores
2172 1488 2270 1521 Saule
2293 1499 2352 1521 nos

1395 1531 1461 1563 fore
1490 1536 1612 1563 eertum
1636 1536 1693 1568 cst,
1724 1542 1760 1563 ac
1784 1531 1916 1572 proinde
1941 1531 2155 1563 miserandam
2187 1542 2257 1564 esse
2278 1542 2352 1564 nos-

1396 1578 1479 1606 tram
1510 1573 1741 1606 eonditionem:
1772 1573 2030 1614 quandoquidem
2060 1573 2222 1606 horrenda
2251 1585 2354 1615 poena

1395 1621 1503 1648 manet
1527 1627 1588 1653 eos,
1619 1617 1674 1657 qui
1706 1627 1796 1648 suam
1828 1627 1957 1648 causam
1989 1617 2224 1649 contumaciter
2247 1617 2355 1650 defen-

1395 1659 1469 1691 dere
1504 1660 1620 1691 volent.
1673 1659 1888 1698 Quamobrem
1923 1660 2104 1700 quicunque
2137 1659 2266 1692 tandem
2301 1659 2355 1692 ille

1395 1703 1437 1733 sit
1460 1702 1513 1742 qui
1545 1712 1603 1734 nos
1626 1702 1777 1734 admonet
1799 1707 1831 1733 et
1854 1701 2062 1742 reprehendit
2083 1708 2115 1734 et
2137 1703 2354 1744 cuiuscunque

1396 1744 1586 1776 conditionis
1620 1745 1670 1782 sit,
1706 1749 1738 1776 et
1771 1744 1858 1776 nulla
1893 1745 1967 1776 licet
2001 1745 2173 1777 autoritate
2206 1746 2353 1786 insignis,

1396 1793 1502 1818 tamen
1534 1787 1710 1819 tenendum
1741 1793 1789 1820 est
1819 1798 1837 1819 a
1861 1787 1930 1819 Deo
1963 1788 2105 1819 veritatis
2129 1792 2240 1820 autore
2258 1789 2354 1829 profi-

1370 1861 1371 1865 ,
1396 1830 1469 1861 cisci
1494 1830 1791 1870 reprehensionem:
1816 1840 1912 1871 quam
1931 1831 1958 1862 si
1978 1830 2139 1862 reiicimus
2161 1841 2355 1872 magnopere

1370 1875 1371 1906 ἒ
1397 1872 1502 1904 Deum
1524 1872 1641 1904 offendi
1664 1878 1786 1905 eertum
1810 1877 1868 1905 est.

1482 1915 1523 1946 Et
1556 1915 1711 1948 hactenus
1740 1915 1778 1947 de
1809 1915 1907 1947 Saule
1938 1915 2057 1947 dictum
2087 1920 2162 1952 esto,
2198 1916 2253 1956 qui
2281 1916 2356 1948 licet

1398 1958 1468 1988 odio
1493 1959 1706 1990 infensis-simo
1730 1958 1890 1990 Davidem
1915 1959 1955 1989 ad
1978 1963 2112 1990 mortem
2131 1968 2233 1999 usque
2251 1969 2355 1999 perse-

1372 2035 1373 2041 ,
1399 2006 1557 2040 queretur,
1589 2001 1675 2032 sanis
1699 2006 1806 2033 tamen
1829 2001 1887 2032 filii
1911 2000 2051 2033 consiliis
2074 2006 2104 2032 et
2128 2000 2354 2033 admonitioni-

1399 2043 1458 2074 bus
1481 2043 1582 2075 locum
1608 2043 1703 2082 dedit,
1733 2050 1765 2075 et
1787 2044 2002 2076 conscientiae
2033 2043 2171 2075 stimulis
2194 2044 2354 2076 excitatus

1399 2086 1495 2117 etiam
1520 2086 1725 2118 iureiurando
1748 2086 1890 2118 affirmat
1911 2097 1945 2119 se
1968 2096 1986 2117 a
2008 2087 2147 2127 cogitata
2169 2087 2264 2118 caede
2287 2087 2356 2119 abs-

1400 2134 1578 2160 tenturum:
1630 2129 1851 2170 Davidemque
1890 2129 1921 2161 in
1954 2129 2090 2170 gratiam
2133 2133 2355 2170 recepturum:

1399 2182 1460 2211 quo
1494 2172 1675 2203 iuramento
1713 2182 1781 2204 sese
1810 2171 2043 2212 quodammodo
2080 2171 2183 2203 voluit
2213 2171 2355 2213 alligare,

1401 2221 1430 2245 et
1462 2214 1530 2245 Deo
1564 2215 1730 2252 subiicere,
1763 2225 1902 2254 suaeque
1939 2213 2119 2246 crudelitati
2153 2219 2185 2245 et
2214 2214 2357 2246 malitiae

1403 2257 1593 2288 renuntiare.
1639 2257 1722 2289 Nam
1754 2263 1876 2289 certum
1911 2262 1959 2288 est
1989 2257 2047 2288 hoc
2078 2257 2260 2288 iuramento
2290 2267 2355 2288 non

1402 2304 1526 2331 tautum
1559 2300 1698 2332 voluisse
1720 2299 1896 2331 Ionathano
1921 2298 2051 2331 Saulem
2074 2299 2171 2331 fidem
2195 2299 2299 2332 facere
2322 2311 2356 2332 se

1401 2342 1438 2373 ab
1463 2342 1586 2382 incepto
1618 2342 1818 2380 destiturum,
1854 2341 1909 2374 sed
1941 2343 2035 2373 etiam
2061 2343 2172 2374 testari
2202 2342 2262 2375 sibi
2285 2353 2357 2383 pec-

1401 2390 1504 2415 catum
1531 2385 1699 2426 displicere
1723 2390 1754 2417 et
1777 2396 1817 2417 ex
1841 2385 1948 2416 animo
1973 2384 2087 2422 dolere,
2119 2384 2266 2426 velleque
2290 2385 2358 2417 Deo

1375 2456 1377 2466 Α
1401 2438 1470 2458 sese
1493 2427 1717 2468 obsequentem
1749 2427 1910 2469 praebere,
1939 2434 1971 2459 et
1994 2427 2026 2458 in
2058 2427 2207 2459 omnibus
2236 2427 2357 2460 obtem-

1402 2480 1520 2509 perare.
1566 2470 1689 2503 Idcirco
1720 2481 1754 2502 se
1785 2470 1868 2502 ultro
1897 2470 2103 2501 iureiurando
2134 2470 2284 2509 devincit,
2318 2481 2358 2502 ne

1401 2522 1419 2542 a
1442 2513 1548 2552 pravis
1571 2513 1800 2554 cupiditatibus
1823 2513 2009 2554 abripiatur,
2042 2518 2073 2544 ct
2098 2513 2266 2545 tentationi
2288 2523 2358 2546 suc-

1402 2555 1539 2593 cumbat,
1569 2556 1623 2587 sed
1652 2561 1689 2588 ut
1720 2556 1845 2588 sortiter
1874 2555 1939 2587 illis
1962 2556 2099 2587 resistat.
2146 2554 2227 2588 Sese
2249 2556 2358 2596 itaque

1401 2597 1606 2630 iureiurando
1631 2598 1814 2640 adstringit,
1838 2602 1874 2630 ut
1896 2598 1923 2630 si
1947 2598 2042 2630 fidem
2066 2598 2164 2637 fallat,
2189 2598 2303 2630 merito
2322 2602 2358 2629 ut

1402 2639 1519 2680 impius
1550 2646 1579 2671 et
1609 2642 1781 2673 sceleratus
1811 2652 1830 2673 a
1852 2640 1922 2673 Deo
1945 2641 2107 2681 puniatur.
2153 2640 2357 2673 Tantundem
