2551 3044
370 200 431 230 143

364 304 420 334 per
452 292 591 322 iustitiae
621 290 837 321 administros.
883 290 1092 323 Cessantibus
1129 296 1235 320 autem
1261 289 1324 321 illis

366 343 398 366 et
429 335 531 365 ··sfieio
566 344 630 364 non
663 331 889 374 fungentibus,
927 334 1016 365 Deus
1047 334 1203 373 ipse-ment
1235 332 1324 363 miris

366 377 467 409 modis
497 384 664 416 operatur,
703 384 732 406 et
764 375 940 407 homicidas·
970 375 1150 407 istiusmodi
1181 374 1256 406 licet
1285 375 1324 405 ab

365 420 548 452 hominibus
579 418 773 459 pecuniariis
804 418 932 451 mulctis
965 426 1090 450 tantum
1122 418 1252 449 affectos
1281 417 1324 448 ita

364 464 447 494 iusto
468 473 524 493 suo
550 461 666 493 iudicio
691 461 900 501 persequitur,
926 469 959 493 ut
984 461 1149 502 quibusvis
1180 460 1234 491 fiat
1258 470 1324 490 ma-

366 505 520 537 nifestum
541 504 644 536 Deum
669 504 701 534 in
726 504 814 535 00010
838 511 869 535 et
893 505 986 536 terris
1009 503 1208 535 dominatum
1232 512 1322 533 exer-

365 558 454 580 cere:
479 547 550 578 licet
575 547 741 578 hominum
765 547 889 577 malitia
912 548 1052 578 maxima
1076 546 1190 586 ubique
1211 551 1324 586 regnet

365 590 518 622 confusio.
564 590 668 620 Tanto
698 590 797 629 igitur
828 589 928 621 maior
953 590 1002 620 1110
1027 589 1117 620 nobis
1141 587 1324 619 adhibenda

365 633 480 671 cantic,
511 640 545 664 ut
572 642 673 672 neque
698 632 731 662 vi
753 631 828 667 ulla.
858 643 961 673 neque
984 631 1110 663 iniuriis
1135 636 1189 661 aut
1213 635 1323 662 contu-

365 676 469 708 meliis
504 675 666 715 proximos
699 674 894 711 afficiamus,
935 680 1054 715 quanto
1087 681 1133 705 est
1169 673 1324 704 illustrior

365 718 498 751 Domini
528 717 565 748 de
594 717 707 758 Agago
739 716 891 748 vindicta.
944 717 1053 756 Quare
1084 717 1108 747 si
1140 716 1322 756 proximum

365 761 484 793 iniuria
507 761 727 792 affecerimus:
752 760 856 791 Deum
877 771 934 791 nos
953 770 1083 800 gravem
1104 758 1323 790 adversarium

365 803 483 836 habere
507 804 660 834 sciamus:
685 807 717 833 et
740 802 767 834 si
792 803 889 834 vitam
909 803 1127 834 innocentium
1147 800 1322 841 profuderi-

365 857 446 883 mus,
483 851 626 877 nostram
657 846 754 876 etiam
789 845 1053 885 profundendum.
1105 844 1216 884 Neque
1246 854 1323 875 vero

364 897 467 920 morte
497 888 552 919 illa
575 887 731 928 corporali
756 892 924 928 propterea
948 888 1008 919 Dei
1033 887 1230 918 satisfactum
1254 897 1323 917 esse

365 931 483 963 iudicio
513 933 558 963 810
588 930 789 968 arbitremur,
820 938 858 962 ut
879 941 985 962 coram
1010 931 1078 971 ipso
1101 929 1323 961 absolvamur:

364 974 419 1007 sed
433 975 541 1023 potius
555 978 692 1004 mortem
705 973 792 1004 1113111
806 973 946 1005 sciamus
958 983 1027 1004 esse
1049 972 1146 1004 veluti
1167 978 1323 1003 tesseram

364 1023 396 1049 et
417 1017 546 1058 signum
571 1020 766 1056 sequuturae
790 1015 866 1047 olim
890 1015 1068 1047 horrendae
1092 1015 1178 1046 illius
1209 1014 1323 1046 mortis

364 1065 515 1092 aeternae
545 1059 693 1090 omnibus
725 1058 905 1090 istiusmodi
930 1058 1144 1099 sanguinariis
1169 1062 1199 1089 et
1222 1057 1326 1088 homi-

364 1101 444 1135 cidis
478 1109 696 1142 praeparatae.
750 1100 839 1133 Hace
873 1101 972 1141 igitur
988 1085 1153 1132 τ’(100111113
1181 1111 1220 1131 ex
1255 1099 1325 1131 istis

367 1146 474 1177 verbis
504 1143 669 1176 Samuelis
699 1143 842 1175 eruenda
873 1149 904 1174 et
939 1143 1106 1175 retinenda
1139 1142 1231 1174 nobis
1266 1147 1323 1180 est,

368 1187 483 1229 quibus
506 1187 657 1228 Agagum
676 1185 871 1227 compellans
895 1185 985 1224 dixit,
1008 1196 1081 1218 eum
1101 1187 1153 1225 qui
1175 1185 1325 1217 mulieres

367 1230 486 1262 multas
505 1229 614 1261 liberis
633 1230 699 1261 suis
717 1229 811 1261 orbas
828 1229 957 1269 fecerat,
982 1234 1117 1260 matrem
1138 1229 1234 1259 etiam
1254 1228 1324 1259 sine

368 1273 478 1305 liberis
510 1271 716 1304 habiturum:
751 1271 842 1320 quasi
876 1271 976 1303 dicat:
1011 1271 1060 1303 Tu
1089 1271 1201 1312 Agage
1235 1270 1323 1302 fuisti

366 1316 504 1348 multis
499 1315 684 1353 iniuriosus,
703 1320 739 1346 tu
758 1315 854 1345 etiam
873 1319 1027 1346 cruentus
1045 1314 1163 1345 multos
1182 1313 1323 1344 infantes

367 1358 552 1396 trucidasti,
589 1363 625 1388 tu
654 1357 772 1388 multas
802 1356 952 1388 mulieres
986 1356 1094 1388 liberis
1122 1356 1257 1394 orbasti,
1293 1361 1324 1387 et

367 1401 486 1433 multos
509 1400 601 1432 orbos
624 1399 812 1440 parentibus
835 1399 978 1437 effecisti,
1008 1404 1041 1431 tu
1072 1409 1147 1439 ergo
1178 1400 1239 1430 iam
1269 1404 1323 1430 tuo

366 1445 469 1485 ipsius
488 1443 593 1484 gladio
617 1453 750 1481 morere,
773 1447 806 1474 et
828 1452 922 1482 quam
947 1442 1018 1474 aliis
1040 1442 1177 1474 intulisti
1199 1440 1322 1474 cladem

366 1492 485 1535 patere.
520 1485 694 1526 Nunquam
713 1495 789 1526 ergo
810 1485 929 1517 abeunt
947 1485 1070 1516 inultae
1093 1490 1125 1516 et
1147 1485 1322 1525 impunitae

367 1530 511 1570 rapinae,
535 1527 647 1560 caedes
670 1535 700 1559 et
724 1527 903 1567 homicidia,
929 1527 1002 1559 licet
1019 1527 1081 1559 Dei
1106 1527 1246 1559 vindicta
1268 1538 1322 1568 pe-

368 1572 521 1604 detentim
553 1569 795 1611 progrediatur,
825 1580 905 1611 quae
934 1580 991 1602 suo
1019 1569 1148 1601 tandem
1180 1575 1322 1610 tempore

366 1615 512 1646 severior
541 1613 680 1645 advenit.
725 1613 898 1661 Caeterum
932 1612 1182 1644 observandum:
1217 1612 1321 1644 Deum

365 1668 485 1698 poenas
515 1656 553 1688 ab
578 1655 691 1704 Agago
714 1655 753 1687 de
775 1655 912 1697 propriis
935 1655 1073 1696 peccatis
1096 1660 1324 1696 reposcentem,

365 1710 431 1732 non
463 1699 609 1731 oblivisci
638 1698 781 1738 priorum
812 1698 952 1736 illorum,
982 1709 1062 1738 quae
1089 1704 1163 1729 ante
1186 1703 1232 1729 tot
1256 1708 1323 1729 sae·

365 1742 438 1774 cula
459 1754 492 1774 se
515 1741 660 1773 ult-urum
684 1741 824 1772 minatus
847 1740 962 1773 fuerat.
1009 1740 1092 1772 Nam
1115 1751 1212 1780 quare
1236 1740 1325 1772 Deus

367 1784 500 1818 Saulem
525 1784 627 1815 voluit
638 1783 834 1816 Amalecitas
857 1783 939 1815 bello
962 1783 1133 1824 persequi?
1168 1783 1236 1814 Nae
1260 1794 1325 1814 non

366 1833 492 1860 tantum
535 1826 663 1858 ulturus
703 1826 902 1858 extorsiones
935 1831 967 1858 et
1001 1826 1157 1857 violentos
1190 1827 1325 1866 impetos

366 1871 511 1911 ipsorum
531 1881 549 1901 a
568 1868 678 1900 decem
701 1869 794 1900 annis
818 1874 874 1900 aut
896 1869 1030 1910 viginti:
1055 1868 1110 1900 sed
1134 1879 1252 1917 poenas
1276 1879 1323 1900 re-

366 1913 528 1954 petiturus
559 1911 597 1943 (10
627 1921 664 1943 eo
696 1911 779 1952 quod
809 1922 865 1952 pro
897 1911 1021 1943 viribus
1050 1916 1157 1951 patres
1181 1912 1323 1952 ipsorum

367 1955 476 1989 conati
500 1954 638 1986 fuissent
661 1953 817 1995 populum
842 1953 1057 1986 Israeliticum
1081 1964 1189 1985 arcere
1213 1965 1230 1985 a
1253 1965 1324 1994 pos-

368 1998 510 2030 sessione
535 2003 639 2028 terrae
663 1995 831 2034 chanaan,
854 2001 902 2028 tot
923 2000 999 2028 ante
1022 1996 1157 2028 saeculis
1180 1997 1324 2036 patribus

368 2042 520 2089 ipsorum
535 2039 727 2080 promissae:
751 2039 835 2080 quod
854 2039 915 2071 Dei
937 2039 1178 2080 promissionem
1202 2040 1323 2080 gratui-

368 2089 435 2116 tam
466 2083 593 2114 irritam
623 2082 727 2114 facere
755 2082 945 2114 voluissent:
976 2081 1059 2122 quod
1085 2082 1237 2113 0001081110
1264 2082 1323 2113 Dei

367 2127 505 2158 fuissent
528 2125 636 2157 hostes
660 2124 884 2156 infensissimi:
907 2124 989 2165 quod
1014 2124 1131 2156 fratres
1154 2124 1187 2155 in
1210 2124 1324 2156 itinere

367 2180 407 2201 ex
438 2168 612 2209 improviso
635 2167 738 2199 adorti
761 2172 878 2205 essent,
909 2173 941 2199 et
969 2167 1038 2199 81110
1061 2167 1226 2198 occasione
1250 2178 1323 2198 san-

367 2212 466 2253 guine
489 2211 547 2242 sibi
569 2211 693 2242 iunctos
716 2210 959 2242 lacessivissent.
1005 2209 1094 2241 Deus
1118 2210 1225 2249 itaque
1256 2217 1324 2240 tum

368 2253 564 2286 sententiam
593 2252 737 2284 ediderat
759 2252 915 2285 adversus
939 2252 1132 2284 Amalecitas
1155 2251 1193 2283 de
1218 2252 1323 2283 fundi-

368 2303 420 2328 tus
439 2296 516 2337 ipsis
528 2295 756 2336 exstirpandis,
781 2300 813 2326 et
834 2295 963 2335 quidem
981 2294 1185 2326 iureiurando
1197 2299 1323 2325 exserta

368 2350 464 2380 super
488 2339 639 2370 thronum
664 2349 761 2369 manu
784 2339 990 2369 confirmarat
1013 2343 1044 2369 et
1066 2342 1172 2369 ratum
1196 2337 1322 2375 fecerat,

368 2393 403 2414 se
437 2391 601 2429 nunquam
636 2380 823 2412 Amalecitis
856 2381 1066 2421 parciturum.
1119 2379 1162 2411 Et
1195 2362 1324 2420 (1111110111

368 2425 473 2456 minas
495 2424 567 2455 illas
589 2424 622 2454 in
646 2423 772 2455 tabulas
795 2423 907 2454 referri
930 2424 1067 2455 iusserat
1085 2422 1119 2454 in
1138 2427 1324 2463 perpetuam

368 2467 568 2504 memoriam,
588 2466 688 2498 donec
707 2470 834 2506 tempus
853 2465 1034 2506 implendae
1065 2466 1158 2497 istius
1176 2464 1324 2496 condem-

369 2510 507 2541 nationis
544 2509 741 2549 impleretur.
797 2508 930 2540 Saulem
971 2509 1077 2549 itaque
1110 2507 1201 2539 Deus
1242 2507 1325 2538 hane

369 2551 570 2592 provinciam
601 2551 761 2592 suscipere
793 2551 937 2599 iusserat.
984 2551 1071 2592 Ergo
1094 2551 1158 2582 iam
1181 2554 1227 2581 tot
1251 2555 1325 2581 ante

370 2594 496 2627 saecula
519 2593 623 2625 illatas
647 2593 803 2626 Israelitis
826 2593 961 2626 iniurias
973 2593 1062 2626 Deus
1085 2593 1193 2625 ulcisci
1213 2592 1324 2625 voluit.

1190 194 1390 227 HOMILIA
1422 196 1511 227 ΙΛἸ.

1351 332 1543 364 ,1813011138
1574 333 1742 373 prohibere
1774 334 1914 364 transitu
1949 335 2055 366 conati
2092 334 2236 374 fuerant,

2277 200 2336 231 144

1379 290 1496 321 deserti
1521 291 1668 331 ingressu
1692 291 1930 332 proficiscentes
1953 291 1984 322 in
2007 297 2127 323 terram
2147 293 2337 332 promissam

2296 346 2335 367 uo

1378 382 1522 415 tempore
1553 375 1695 407 nondum
1725 382 1793 407 erat
1816 376 1949 417 Agagus
1981 384 2085 408 natue.
2131 377 2184 408 Ex
2214 346 2334 417 quoqfit

1379 417 1553 458 conspicua
1576 418 1637 450 Dei
1663 418 1805 450 vindicta
1827 419 1859 449 in
1884 419 1962 450 illud
1986 424 2151 460 peccatum
2175 419 2256 460 quod
2280 420 2334 452 ob·

1378 460 1541 492 literatum
1566 460 1744 498 videbatur,
1768 468 1800 492 et
1823 468 1977 502 perpetua
1997 462 2160 494 oblivione
2178 462 2334 494 deletum:

1377 513 1459 543 quae
1490 510 1595 535 tamen
1627 504 1722 535 etiam
1746 511 1874 544 peccata
1899 511 1963 535 tam
1988 505 2088 545 ipsius
2111 505 2217 546 Agagi
2240 515 2334 545 (10310

1377 546 1535 577 maiorum
1565 546 1731 586 complexa
1760 553 1817 578 est.
1862 547 1952 578 Haec
1982 558 2057 579 vero
2084 558 2146 588 quo
2178 547 2293 579 melius
2315 558 2334 580 a

1378 588 1470 620 nobis
1501 589 1599 620 menti
1631 589 1956 629 comprehendantur,
1987 590 2222 622 observandum
2250 589 2333 631 quod

1377 631 1467 663 Deus
1488 631 1674 662 Abrabamo
1697 632 1838 663 dixerat:
1870 632 2121 664 Amorraeorum
2147 633 2334 673 iniquitates

1377 673 1522 705 nondum
1544 675 1671 706 venisse
1695 673 1734 705 ad
1753 675 1869 705 iustam
1889 685 2073 707 mensuram
2097 683 2129 706 et
2157 676 2334 707 cumulum.

1375 715 1466 748 Deus
1488 721 1557 747 tum
1581 717 1736 748 adversus
1760 717 1892 757 populos
1915 718 1946 748 in
1967 728 2101 757 (1001·οω
2121 719 2226 750 111οἀ10
2247 720 2334 750 vive·

1376 758 1429 790 bat
1460 760 1538 791 Abr
1539 759 1666 790 1113111118
1697 760 1759 790 fert
1787 759 1997 790 sententiam:
2025 761 2079 800 qui
2103 771 2181 792 sane
2212 761 2334 802 dignis-

1376 801 1449 834 simi
1473 802 1537 834 iam
1562 810 1630 833 tum
1654 807 1747 832 erant
1770 802 1946 850 punitione,
1971 803 1997 833 81
2022 813 2061 834 ex
2085 803 2196 834 iudicii
2214 805 2265 835 sui
2284 814 2333 836 80-

1375 845 1514 876 veritite
1548 845 1704 875 voluisset
1737 854 1809 875 cum
1842 844 1921 892 ipsis
1961 855 2071 885 agere.
2113 852 2334 879 verumtamen

1376 887 1467 919 Deus
1505 886 1650 919 nondum
1689 886 1854 927 impletam
1894 887 2036 927 ipsorum
2067 898 2250 920 mensuram
2281 889 2335 928 ait,

1375 935 1407 961 et
1438 929 1581 961 nondum
1612 929 1780 970 impletum
1810 929 1976 962 vindictae
2006 935 2148 971 tempus:
2179 932 2269 971 quasi
2290 931 2334 963 di-

1375 979 1481 1011 ceret,
1512 972 1583 1004 11108
1612 971 1755 1003 nondum
1787 971 1826 1003 ad
1858 973 2076 1004 maturitatem
2109 974 2248 1011 venisse,
2279 973 2334 1006 sed

1376 1015 1443 1047 loco
1474 1020 1506 1047 et
1537 1024 1678 1055 tempore
1710 1014 1895 1063 puniendos.
1941 1016 2042 1056 Atqui
2065 1015 2136 1057 plus
2159 1026 2255 1056 quam
2279 1016 2335 1048 du-

1375 1058 1460 1090 centi
1483 1057 1726 1098 quinquaginta,
1741 1057 1838 1089 immo
1856 1058 1930 1098 plus
1943 1068 2039 1098 quam
2058 1064 2238 1090 tercentum
2256 1059 2334 1092 anni

1375 1101 1456 1141 lapsi
1486 1107 1588 1140 erant,
1616 1111 1656 1132 ex
1687 1111 1748 1141 quo
1772 1100 1860 1132 Deus
1882 1101 1961 1141 ipsis
1983 1102 2198 1133 comminatus
2220 1102 2333 1134 fuerat.

1377 1143 1460 1175 Nam
1483 1143 1710 1184 quadringenti
1734 1149 1767 1174 et
1789 1143 1924 1184 triginta
1946 1144 2022 1175 anni
2042 1144 2292 1176 intercesserant
2315 1155 2334 1177 a

1375 1186 1481 1227 prima
1503 1186 1714 1226 promissione
1737 1186 1819 1217 facta
1841 1185 2001 1225 Abrahae,
2024 1186 2064 1217 ad
2087 1187 2209 1218 exitum
2232 1197 2333 1228 usque

1377 1229 1485 1270 populi
1514 1239 1555 1260 ex
1587 1230 1745 1270 Aegypto.
1798 1228 1862 1260 Sed
1897 1229 2054 1269 quomodo
2087 1229 2164 1262 dicit
2196 1241 2230 1261 sc
2263 1230 2333 1263 illos

1377 1272 1575 1313 puniturum,
1606 1282 1704 1312 quum
1735 1276 1861 1302 tantum
1891 1272 2043 1312 temporis
2063 1272 2248 1304 effluxerit?
2295 1272 2333 1305 In

1378 1315 1447 1356 lege
1469 1324 1546 1346 sane
1570 1314 1659 1345 Deus
1682 1313 1759 1346 dicit
1781 1324 1813 1346 se
1837 1314 2025 1354 puniturum
2049 1314 2251 1355 iniquitatem
2281 1325 2334 1356 pa-

1376 1362 1464 1388 trum
1487 1357 1519 1388 in
1542 1357 1619 1388 filiis
1641 1367 1741 1397 usque
1763 1356 1796 1388 in
1824 1357 1952 1388 tertiam
1976 1362 2007 1388 et
2027 1362 2174 1398 quartam
2198 1368 2333 1399 genera-

1376 1400 1508 1432 tionem.
1554 1400 1604 1431 Ex
1628 1400 1745 1440 quibus
1767 1403 1900 1440 apparet
1923 1400 2027 1431 Deum
2051 1400 2167 1440 punire
2190 1406 2332 1433 mortuos

1376 1443 1410 1474 in
1434 1443 1577 1483 ipsorum
1600 1442 1763 1483 progenie,
1785 1447 1817 1473 et
1839 1442 1996 1482 patienter
2019 1453 2071 1474 008
2095 1444 2150 1483 (101
2173 1443 2237 1475 13111
2261 1449 2332 1474 tum

1377 1485 1465 1527 digni
1488 1490 1580 1517 erant
1601 1485 1819 1517 internecione
1842 1485 1994 1517 tolerare:
2025 1485 2139 1526 quibus
2161 1486 2220 1517 etsi
2244 1485 2331 1518 vide-

1375 1533 1430 1560 tur
1459 1529 1641 1570 ignoscere,
1670 1538 1736 1559 non
1765 1532 1872 1559 tamen
1902 1528 2053 1567 ignoscit,
2087 1528 2143 1560 sed
2174 1529 2332 1569 patienter

1376 1570 1542 1603 tolerando
1577 1570 1876 1602 condemnationem
1909 1571 2051 1612 ipsorum
2092 1575 2263 1612 aggravat,
2304 1571 2332 1604 si

1375 1614 1577 1655 perstiterint
1604 1614 1636 1644 in
1666 1613 1844 1654 pervicacia
1865 1616 1897 1644 et
1919 1613 2141 1645 obstinatione.
2187 1613 2280 1654 Quod
2303 1614 2331 1646 si

1375 1667 1559 1697 corpoream
1583 1655 1761 1688 vindictam
1783 1656 1855 1688 illos
1873 1655 2015 1697 effugere
2040 1657 2220 1697 contigerit,
2241 1661 2331 1689 tanto

1375 1700 1479 1740 magis
1502 1699 1696 1731 horrendam
1719 1699 1834 1730 animis
1856 1698 1997 1739 ipsorum
2021 1700 2180 1730 reservari
2207 1703 2331 1731 certum

1376 1747 1434 1774 est.
1484 1741 1655 1774 Caeterum
1692 1751 1791 1781 quum
1825 1741 1940 1773 liberos
1967 1741 2095 1773 illorum
2123 1747 2196 1782 post
2226 1741 2331 1782 lapsos

1375 1795 1477 1817 annos
1500 1790 1679 1816 tercentum
1703 1795 1722 1815 a
1743 1783 1810 1816 lata
1832 1784 1991 1815 sententia
2010 1784 2184 1823 ulciscitur,
2208 1785 2328 1817 nemini

1376 1833 1485 1859 tamen
1508 1827 1658 1859 iniuriam
1680 1826 1766 1859 facit.
1789 1826 1872 1858 Nam
1895 1837 1991 1867 quum
2015 1832 2047 1858 et
2070 1826 2117 1858 illi
2130 1827 2191 1858 Dei
2214 1827 2330 1868 spiritu

1376 1870 1601 1907 destituantur,
1626 1874 1756 1910 peccata
1778 1869 1915 1910 peccatis
1944 1869 2120 1908 cumulant,
2147 1875 2178 1901 et
2208 1869 2330 1901 malum

1376 1913 1470 1950 malo,
1495 1918 1526 1944 et
1548 1913 1581 1943 in
1605 1913 1695 1953 peius
1714 1922 1841 1952 semper
1859 1916 1966 1950 ruunt,
1990 1911 2089 1944 donee
2108 1911 2148 1943 ad
2166 1922 2329 1944 summum

1376 1956 1552 1997 iniquitatis
1581 1955 1745 1987 cumulum
1768 1954 1964 1993 devenerint,
1995 1955 2086 1986 euius
2109 1954 2251 1986 vindicta
2273 1954 2330 1985 dif-

1376 1999 1453 2030 ferri
1482 1998 1619 2038 amplius
1647 2008 1710 2030 non
1737 1997 1846 2038 possit.
1889 1997 1941 2029 Ex
1964 2007 2024 2038 quo
2048 1997 2085 2028 fit
2106 1997 2328 2029 manifestum:

1376 2041 1484 2073 Deum
1514 2052 1576 2072 non
1599 2041 1643 2072 ita
1666 2040 1774 2072 ulcisci
1797 2044 1926 2089 peccata
1948 2044 2075 2088 patrum
2098 2040 2132 2070 10
2155 2039 2273 2080 liberis,
2294 2043 2330 2071 ut

1375 2084 1437 2124 ipsi
1461 2084 1525 2115 sint
1550 2084 1738 2115 innocentes
1761 2087 1792 2114 et
1810 2083 1903 2115 iusti:
1927 2089 1958 2115 et
1975 2083 2138 2114 insontem
2159 2093 2221 2114 non
2241 2082 2330 2114 luere

1375 2137 1493 2166 poenas
1523 2137 1580 2166 pro
1610 2131 1718 2158 sonte:
1749 2125 1803 2157 sed
1828 2125 1933 2157 Deum
1963 2129 2054 2157 tanta
2077 2136 2203 2166 semper
2225 2125 2329 2166 aequi-

1375 2175 1440 2200 tate
1464 2177 1494 2200 et
1513 2169 1634 2200 iustitia
1653 2179 1710 2200 sua
1729 2168 1845 2201 iudicia
1863 2167 2057 2209 dispensare,
2076 2172 2112 2199 ut
2130 2173 2328 2208 peecatorem

1375 2212 1511 2251 puniens
1546 2217 1618 2251 post
1652 2211 1804 2243 ducentos
1837 2220 1954 2248 annos,
1994 2211 2185 2259 aequissima
2220 2216 2328 2242 tamen

1375 2264 1500 2294 semper
1523 2254 1579 2286 illa
1601 2254 1644 2286 sit
1666 2253 1808 2295 punitio,
1837 2257 1870 2285 et
1891 2263 1955 2284 non
1978 2253 2079 2293 possit
2101 2253 2153 2293 qui
2178 2253 2329 2302 plectitur

1375 2297 1527 2337 conqueri
1556 2308 1590 2329 se
1620 2307 1678 2338 pro
1709 2296 1840 2328 alterius
1870 2299 1996 2336 peccato
2019 2306 2136 2336 poenas
2159 2296 2328 2335 sustinere,

1375 2350 1474 2379 quum
1505 2339 1565 2371 sibi
1595 2341 1672 2371 satis
1704 2339 1747 2371 sit
1769 2339 1881 2380 culpae
1904 2338 2056 2370 conscius.
2104 2337 2166 2377 Sic,
2189 2321 2330 2379 exempli

1376 2383 1487 2422 gratia,
1512 2393 1609 2430 quum
1624 2382 1811 2414 Chananaei
1829 2381 1868 2413 ab
1886 2380 2042 2413 Israelitis
2061 2381 2144 2412 caesi
2164 2381 2330 2422 fugatique

1376 2429 1461 2464 sunt,
1492 2425 1551 2456 etsi
1575 2424 1628 2456 diu
1651 2424 1750 2456 dilata
1773 2422 1931 2456 sententia
1955 2424 2065 2461 fuerat,
2093 2433 2156 2454 non
2181 2427 2330 2464 poterant

1377 2466 1415 2497 de
1434 2478 1471 2498 ea¹
1489 2467 1649 2508 conqueri,
1668 2467 1750 2508 quod
1769 2466 1857 2508 digni
1873 2470 1980 2498 essent
1991 2466 2046 2506 qui
2059 2465 2202 2497 funditus
2213 2466 2328 2498 exstir-

1376 2514 1546 2547 parentur:
1571 2516 1607 2542 ut
1631 2511 1657 2542 si
1676 2510 1746 2550 quis
1764 2509 1979 2541 defensionem
2001 2508 2124 2540 illorum
2146 2509 2329 2549 susciperet,

1377 2551 1530 2583 dedecore
1550 2553 1749 2591 obrueretur,
1767 2551 1851 2601 quod
1864 2551 1925 2583 Dei
1944 2550 2061 2582 iudicia
2077 2562 2202 2592 semper
2220 2551 2328 2584 iustis-

1377 2593 1457 2625 sima
1478 2596 1689 2636 reperiantur.
1719 2595 1830 2626 Idem
1823 2605 1855 2626 10
1869 2595 1981 2635 Agago
1994 2594 2215 2643 conspicuum:
2235 2604 2328 2635 quem

370 2637 562 2669 Tercentum
593 2637 677 2668 enim
708 2637 784 2668 anni
815 2636 894 2677 lapsi
925 2641 1017 2668 erant
1046 2647 1086 2668 ex
1115 2646 1177 2677 quo
1200 2636 1233 2667 in
1257 2635 1352 2676 ipso
1350 2642 1354 2658 ·
1379 2635 1510 2668 Samuel
1529 2637 1644 2680 dignas
1663 2638 1754 2670 factis
1771 2637 1836 2670 8018
1854 2647 1972 2678 poenas
1990 2636 2144 2669 luiturum
2168 2637 2220 2677 ait,
2244 2636 2328 2678 quod
