2551 3044
199 212 260 243 285

198 308 304 339 bimur
325 306 350 337 si
374 315 480 337 eoram
504 303 684 336 hominibus
709 302 781 342 puri
805 306 835 332 et
858 301 975 342 integri
994 311 1148 341 apparea·

199 360 280 387 mus,
313 353 346 380 et
375 353 482 379 tamen
511 347 595 378 vitae
624 344 838 376 emendationi
869 355 930 374 non
954 344 1146 375 studeamus.

201 391 453 423 Sanctimoniam
477 389 604 429 quidem
628 397 703 427 prae
723 386 814 417 nobis
835 387 974 426 aliquam
994 386 1148 418 feremus:

201 433 256 465 sed
286 433 414 464 interim
444 431 559 462 nostris
589 429 755 460 affectibus
786 428 989 469 indulgentes
1013 429 1148 460 inebria-

201 477 314 512 bimur,
338 480 370 506 et
392 483 513 504 meram
536 471 719 512 hypocrisin
740 472 925 507 fovebimus,
949 471 1064 507 odium,
1090 471 1149 502 ini-

200 561 264 591 illis
293 569 348 590 nos
377 558 478 598 magis
508 566 544 587 ac
567 556 669 596 magis
692 556 888 587 indurantes.
933 557 975 587 Et
999 556 1149 596 quoniam

201 613 263 633 non
297 607 428 641 possunt
457 598 602 629 homines
631 598 704 638 quid
735 599 931 630 occultemus
961 599 992 629 in
1024 605 1149 638 pectore

201 643 380 680 diiudicare,
411 642 486 672 iusti
517 641 607 672 nobis
639 640 827 678 videbimur,
858 646 888 672 et
916 642 1054 672 frontem
1078 651 1149 680 per-

199 686 391 723 fricabimus‚
423 694 485 714 non
516 688 725 723 agnoscentes
756 694 813 714 nos
844 684 925 714 ferre
955 684 1148 715 sententiam

198 729 230 759 in
250 737 307 759 nos
326 728 419 767 ipsos,
443 736 540 766 quum
559 725 690 756 Saulem
711 725 969 762 condemnamus,
995 731 1025 756 et
1045 726 1147 757 detes-

200 777 316 801 tamur.
371 769 480 808 Quare
519 768 619 808 ipsius
648 768 795 808 exemplo
826 769 984 800 discamus
1015 768 1149 800 candide

199 819 230 844 et
259 813 380 844 sincere
410 821 481 843 cum
512 811 661 841 omnibus
691 821 800 851 agere:
830 817 861 842 et
891 811 1149 851 quandoquidem

198 865 291 886 nemo
321 865 386 886 non
409 854 539 884 damnat
569 852 702 884 Saulem
731 853 954 894 improbitatis,
989 853 1070 893 quod
1094 864 1149 884 ne-

198 896 400 929 cessitudinis
434 900 466 927 et
489 896 655 926 affinitatis
678 902 847 935 praetextu
872 896 990 927 Davidi
1013 901 1150 927 mortem

198 940 385 980 procurarit,
409 948 636 979 cognoscamus
656 948 724 976 nos,
743 939 802 970 etsi
824 939 1056 978 turpitudinem
1078 949 1149 970 nos—

198 989 281 1013 tram
312 989 342 1012 et
371 981 487 1012 malam
510 982 650 1011 mentem
674 991 780 1012 coram
806 981 988 1012 hominibus
1011 981 1148 1012 occulte-

198 1035 279 1061 mus,
310 1024 388 1055 adeo
416 1029 452 1054 ut
481 1023 589 1054 nullus
619 1034 674 1054 nos
705 1034 854 1055 accusare
885 1024 983 1055 ullius
1006 1024 1148 1055 criminis

198 1067 305 1107 possit,
330 1066 409 1097 nihil
428 1071 536 1096 tamen
555 1072 724 1106 propterea
739 1067 945 1107 promovisse,
969 1066 1024 1097 sed
1039 1071 1150 1097 contra

198 1110 303 1149 potius
339 1118 442 1140 coram
478 1107 548 1138 Deo
583 1110 687 1140 maius
718 1110 838 1140 crimen
868 1110 1061 1140 incurrisse:
1096 1110 1149 1149 qui

199 1151 326 1182 tandem
367 1161 461 1191 qnam
503 1151 662 1182 occultare
701 1152 882 1183 studuimus
916 1151 1149 1191 turpitudinem

198 1204 305 1225 coram
328 1193 475 1225 omnibus
497 1193 624 1234 deteget
648 1200 676 1224 et
700 1194 733 1224 in
758 1200 905 1234 apertum
927 1194 1088 1234 producet.

282 1237 325 1268 Et
357 1236 484 1276 quidem
515 1236 671 1267 hactenus
702 1236 740 1268 de
764 1236 869 1268 Saulis
891 1237 1057 1268 fraudibus
1081 1237 1149 1276 qui-

197 1280 256 1311 bus
285 1279 391 1310 oblata
413 1278 534 1309 Davidi
557 1279 621 1309 filia
643 1279 678 1309 in
701 1290 832 1310 uxorem
854 1280 984 1319 laqueos
1006 1279 1053 1309 illi
1077 1289 1149 1310 nec-

198 1328 265 1353 tere
295 1321 426 1358 studuit,
457 1321 606 1352 simulata
630 1326 736 1352 tamen
760 1323 934 1360 amicititia,
965 1327 996 1353 et
1019 1322 1150 1353 virtutis

196 1365 296 1405 ipsius
318 1364 459 1404 praemio
483 1368 515 1394 et
536 1365 690 1402 mercede,
713 1375 805 1404 quem
831 1370 936 1396 tamen
960 1374 1038 1396 cane
1061 1365 1150 1404 peius

198 1413 229 1438 et
249 1417 354 1447 angue
376 1406 495 1444 oderat,
519 1412 550 1436 et
572 1407 607 1437 in
630 1406 768 1438 hostium
794 1418 909 1438 manus
931 1412 1149 1447 praesentem-

198 1460 258 1490 que
286 1456 422 1480 mortem
453 1449 528 1480 dare
559 1449 717 1480 studebat.
763 1449 826 1481 Sed
856 1451 889 1480 in
912 1450 1018 1481 verbis
1044 1449 1150 1481 Saulis

197 1502 277 1532 quae
300 1496 550 1532 praecesserunt,
573 1492 635 1523 alia
658 1493 752 1523 etiam
776 1493 903 1533 turpior
920 1492 1075 1532 quaedam
1095 1492 1149 1523 ob-

198 1534 355 1566 servanda
383 1534 544 1565 simulatio
573 1544 645 1565 cum
670 1534 840 1573 tyrannide
863 1536 1042 1571 coniuncta,
1076 1545 1149 1566 nam

198 1578 259 1609 ait:
287 1576 489 1608 Tantumodo
517 1580 584 1608 esto
614 1577 713 1615 fortis,
745 1582 776 1608 et
799 1578 954 1617 praeliare
979 1577 1060 1609 bella
1085 1577 1149 1608 Do-

198 1620 285 1651 mini.
330 1619 418 1650 Nihil
451 1620 486 1650 in
521 1618 617 1651 Saule
651 1630 742 1659 posse
775 1621 892 1660 requiri
927 1620 1022 1652 dicas.
1067 1620 1150 1651 Nam

198 1662 244 1693 rei
276 1662 418 1702 privatae
449 1662 614 1702 augendae
643 1673 705 1693 non
737 1662 864 1694 videtur
886 1663 984 1694 fuisse
1008 1663 1150 1702 cupidus,

198 1704 253 1736 sed
292 1705 354 1736 Dei
395 1705 514 1745 gloriae
553 1705 788 1744 promovendae
822 1710 946 1737 tantum
982 1705 1151 1737 studiosus.

200 1746 278 1778 Sunt
299 1748 354 1786 ait,
377 1747 454 1778 bella
475 1747 605 1778 Domini
623 1757 702 1786 quae
717 1748 936 1788 praeliaberis.-
958 1748 1047 1788 quasi
1061 1748 1152 1786 dicat,

199 1800 262 1821 non
292 1793 421 1821 tantum
450 1790 574 1829 legatus
603 1800 695 1821 meus
724 1791 795 1828 eris,
824 1801 886 1821 non
919 1795 1044 1822 tantum
1072 1791 1152 1821 meis

198 1832 367 1873 populique
389 1832 566 1864 commodis
588 1833 754 1870 inservies,
778 1833 831 1864 sed
856 1833 916 1874 ipsi
940 1833 1010 1864 Deo
1030 1834 1150 1865 viventi

198 1885 326 1915 operam
357 1876 499 1913 navabis,
531 1876 624 1906 cuius
655 1886 711 1907 nos
736 1876 870 1916 populus
894 1887 1013 1914 sumus,
1044 1881 1075 1907 et
1098 1876 1151 1916 qui

199 1928 256 1949 nos
278 1918 311 1948 in
334 1928 425 1949 suam
448 1918 679 1958 protectionem
703 1919 838 1959 recepit:
862 1929 959 1958 quare
978 1929 1077 1959 quum
1097 1918 1152 1949 ad-

200 1969 311 1991 versus
339 1960 445 1991 hostes
475 1961 642 2000 pugnabis,
677 1971 740 1992 non
770 1961 850 1992 mihi
873 1966 1000 1992 tantum
1025 1966 1057 1992 et
1079 1961 1153 1992 huic

199 2003 325 2043 populo,
354 2003 408 2034 sed
431 2003 492 2043 ipsi
515 2004 610 2034 etiam
634 2003 774 2034 Domino
798 2004 964 2035 inservies.
1009 2004 1096 2045 Ergo
1120 2004 1153 2034 in

199 2045 303 2085 specie
326 2046 374 2077 vir
397 2046 487 2076 fortis
509 2051 540 2076 et
563 2046 636 2086 pius
659 2046 789 2077 videtur
812 2057 880 2078 esse
903 2047 991 2084 Saul,
1022 2047 1086 2085 sed,
1116 2051 1152 2078 ut

201 2092 274 2118 ante
306 2087 382 2127 dixi,
419 2088 535 2120 talibus
566 2088 672 2119 verbis
700 2099 835 2129 pravum
864 2100 956 2120 suum
987 2089 1152 2128 ingenium

201 2129 347 2167 occultat,
367 2141 455 2162 mera
473 2135 521 2162 est
541 2131 711 2162 verborum
732 2132 894 2163 simulatio
913 2139 944 2162 et
962 2132 1151 2173 hypocrism,

201 2172 454 2212 quandoquidem
479 2174 615 2204 Davidis
637 2179 772 2205 mortem
797 2175 854 2206 hoc
878 2175 1042 2206 affinitatis
1066 2185 1153 2214 prae-

203 2218 293 2245 textu
316 2217 447 2256 quaerit,
470 2222 501 2247 et
523 2217 641 2256 impius
664 2221 712 2247 est
732 2217 765 2247 in
784 2216 892 2248 Deum
911 2217 1003 2248 cuius
1022 2218 1152 2248 nomine

204 2256 242 2287 ad
278 2258 444 2297 tegendam
483 2269 573 2290 suam
604 2259 826 2290 crudelitatem
857 2264 888 2290 et
918 2259 1151 2299 turpitudinem

205 2298 353 2329 abutitur.
397 2300 507 2340 Neque
544 2312 621 2332 vero
655 2302 772 2333 mirum
802 2301 890 2333 istud
920 2302 1019 2333 videri
1050 2302 1152 2343 debet,

204 2341 352 2381 quoniam
375 2343 520 2375 omnibus
543 2344 719 2384 hypocritis
741 2355 909 2376 commune
932 2349 989 2382 est,
1019 2350 1054 2375 ut
1077 2346 1151 2376 faci-

204 2383 266 2414 lius
296 2393 369 2414 suos
392 2383 478 2416 dolos
499 2390 620 2427 tegant,
650 2387 711 2418 Dei
735 2387 865 2418 nomine
887 2387 983 2424 abuti,
1007 2387 1075 2418 sive
1098 2387 1152 2418 ad-

204 2425 305 2474 hibito
329 2425 516 2466 iuramento,
540 2429 607 2460 sive
622 2430 859 2469 protestatione,
884 2430 951 2461 sive
966 2430 1028 2461 alia
1040 2431 1153 2469 quavis

205 2472 336 2499 ratione.
380 2468 475 2500 Pium
504 2472 609 2511 itaque
637 2473 740 2503 zelum
770 2478 801 2503 et
823 2472 966 2504 studium
989 2473 1024 2503 in
1046 2472 1153 2504 Deum

204 2510 405 2558 profitentur,
445 2512 550 2544 officia
588 2515 691 2546 multa
727 2525 807 2555 quae
836 2515 992 2555 proximis
1025 2520 1154 2555 accepta

205 2552 332 2591 debent,
365 2563 397 2600 m
431 2554 569 2586 medium
602 2557 777 2596 proferunt,
812 2558 949 2597 denique
981 2557 1063 2588 nihil
1092 2558 1154 2589 nisi

206 2594 267 2626 Dei
305 2594 438 2635 gloriam
471 2600 503 2627 et
530 2599 747 2637 proximorum
776 2600 941 2632 caritatem
970 2600 1154 2640 loquuntur,

205 2637 260 2669 sed
290 2637 384 2678 longe
412 2637 475 2669 alia
503 2649 593 2671 mens
621 2641 765 2681 ipsorum
796 2647 854 2674 est.
900 2643 1043 2675 Lucrum
1066 2643 1152 2674 enim

822 209 866 240 IN
891 209 915 240 Ι.
940 208 1026 241 LIB.
1053 208 1247 240 SAMUEL.
1273 209 1368 240 (JAP.
1394 210 1522 240 XVIII.

2093 210 2155 240 286

1203 313 1295 333 suum
1329 308 1495 343 quaerunt,
1531 303 1582 334 alii
1615 303 1734 334 divitiis
1764 302 1914 343 parandis
1937 303 2074 334 avaritia
2097 302 2155 333 du-

1202 350 1328 381 cuntur,
1357 346 1409 376 alii
1434 356 1510 377 vero
1532 346 1705 377 honoribus
1728 346 1960 385 consequendis
1983 346 2154 376 ambitione

1202 392 1340 427 turgent,
1372 388 1508 427 denique
1532 389 1609 419 nihil
1636 389 1694 419 nisi
1720 389 1846 419 fraudes
1870 394 1901 418 et
1925 388 2012 418 dolos
2036 388 2154 419 machi-

1201 437 1325 468 nantur,
1349 435 1379 460 et
1402 441 1510 461 corum
1535 432 1641 462 oculos
1665 432 1886 471 perstringunt
1910 431 2022 471 quibus
2046 431 2153 461 fucum

1173 494 1175 503 ,
1200 472 1329 510 faciunt,
1364 479 1395 503 et
1427 482 1489 503 tam
1522 473 1647 504 blandis
1671 481 1701 504 ct
1724 475 1784 513 piis
1808 473 1914 504 verbis
1938 484 2028 504 suam
2053 473 2153 512 turpi-

201 518 336 549 micitias
364 520 396 547 et
424 525 518 546 omne
547 524 648 555 genus
677 513 818 545 malitiae
840 518 1034 550 exercentes,
1063 519 1094 545 et
1118 515 1148 544 in
1174 522 1175 533 ¹

1200 515 1341 545 tudinem
1373 521 1494 555 tegunt,
1529 522 1565 546 ut
1601 516 1679 546 nihil
1708 516 1768 547 nisi
1794 516 1862 546 Deo
1887 516 1965 547 duce
1989 521 2021 546 et
2043 520 2154 546 autore

1200 558 1303 588 facere
1336 557 1512 589 videantur.
1559 559 1668 596 Quare
1698 569 1794 598 quum
1819 565 1882 589 tam
1908 559 2066 598 ingeniosi
2090 559 2154 588 sint

1201 600 1354 636 homines,
1390 601 1484 630 immo
1516 606 1578 631 tarn
1610 601 1811 640 impudentes
1841 602 1873 631 in
1904 600 2096 631 assumendo
2121 601 2153 631 in

1200 652 1319 672 vanum
1352 642 1412 672 Dei
1437 643 1574 680 nomino,
1607 654 1668 682 quo
1691 654 1781 674 suam
1806 644 2006 683 iniquitatem
2032 648 2153 683 tegant,

1201 690 1233 714 et
1272 684 1454 715 hominibus
1496 686 1670 725 imponant,
1712 691 1801 717 tanto
1839 687 1939 716 maior
1972 685 2154 716 adhibenda

1202 727 1293 757 nobis
1321 734 1368 757 est
1396 728 1499 758 cautio
1529 728 1561 758 in
1586 729 1674 758 nobis
1698 728 1914 768 explorandis,
1949 738 1987 758 ne
2011 738 2152 767 unquam

1201 769 1262 799 Dei
1285 780 1399 800 nomen
1424 780 1624 801 assumamus
1648 771 1708 800 nisi
1732 771 1863 807 sincere,
1887 777 1919 801 et
1940 770 1973 800 in
1996 771 2083 801 omni
2102 781 2154 800 ae-

1201 813 1321 851 quitate
1355 817 1384 842 et
1418 812 1617 849 rectitudine,
1654 824 1692 843 ne
1727 824 1867 852 unquam
1901 814 1932 843 in
1958 822 2075 843 vanum
2100 821 2154 843 aut

1201 854 1348 885 simulato
1372 854 1449 885 illud
1472 864 1681 894 usurpemus:
1705 855 1759 886 sed
1780 856 1805 886 si
1825 855 1997 886 iurandum
2017 855 2076 886 erit
2095 855 2153 885 ali-

1202 896 1338 936 quando,
1369 908 1441 928 cum
1471 898 1653 928 reverentia
1681 905 1710 928 et
1742 899 1854 928 timore
1885 897 1987 928 divini
2011 897 2153 928 nominis

1201 939 1362 971 faciamus.

1285 982 1349 1012 Sed
1380 983 1450 1021 quis
1479 982 1537 1012 fuit
1569 982 1695 1012 tandem
1727 982 1854 1013 exitus?
1900 983 1996 1022 Agite
2026 983 2089 1013 iam
2113 993 2152 1013 ex

1201 1025 1407 1064 sequentibus
1437 1025 1543 1055 verbis
1572 1025 1805 1064 expeudamus;
1838 1024 1968 1056 Factum
1990 1028 2032 1056 est
2053 1027 2153 1055 autem

1201 1069 1319 1105 tempus
1348 1078 1443 1106 quum
1471 1067 1586 1098 deberet
1615 1068 1687 1098 dari
1717 1067 1822 1098 Met-ob
1842 1067 1910 1106 filia
1936 1067 2012 1098 Saul
2035 1067 2151 1105 David,

1200 1110 1274 1141 data
1296 1112 1339 1141 est
1360 1110 1507 1140 Hadrieli
1531 1109 1715 1141 Molatmtae
1737 1120 1823 1141 uxor.
1868 1110 2017 1150 Augetur
2035 1111 2153 1140 iniuria

1201 1153 1289 1192 prior
1323 1152 1473 1183 dedecore
1509 1163 1570 1192 quo
1606 1152 1764 1183 Davidem
1796 1153 1902 1189 afficit,
1941 1153 2154 1192 ignominiose

1200 1195 1307 1234 ipsum
1346 1195 1500 1235 promissa
1534 1195 1598 1225 filia
1632 1195 1761 1234 privans
1795 1201 1827 1226 et
1860 1194 1952 1226 alteri
1987 1195 2153 1226 collocans.

1201 1237 1271 1268 Nae
1300 1238 1326 1268 si
1357 1237 1427 1277 quis
1457 1247 1514 1269 suo
1544 1238 1612 1268 iure
1642 1237 1816 1274 fraudatur,
1848 1244 1879 1268 et
1907 1238 2062 1277 promissa
2090 1247 2153 1267 non

1203 1285 1389 1319 sequuntur,
1421 1284 1451 1310 et
1480 1290 1535 1319 pro
1559 1285 1675 1310 navata
1699 1291 1794 1320 opera
1819 1290 1879 1310 non
1904 1280 1997 1310 modo
2020 1290 2084 1310 non
2109 1290 2154 1310 re-

1204 1323 1354 1362 penditur
1377 1333 1509 1359 merces,
1538 1323 1591 1353 sed
1617 1322 1725 1353 eadem
1749 1324 1906 1362 privatur,
1931 1332 2079 1362 magnam
2103 1323 2153 1352 in-

1203 1366 1326 1402 iuriam,
1349 1370 1381 1395 et
1406 1366 1457 1395 vix
1482 1365 1675 1395 tolerabilem
1700 1366 1835 1404 patitur:
1870 1364 1924 1395 sed
1948 1366 1975 1395 si
1998 1365 2037 1395 ad
2060 1375 2154 1404 supe-

1203 1408 1303 1438 riores
1326 1407 1398 1438 illas
1421 1408 1553 1439 iniurias
1577 1408 1670 1438 etiam
1692 1407 1819 1439 accedat
1838 1407 2030 1438 contumelia
2049 1414 2081 1438 et
2101 1407 2156 1437 de-

1203 1450 1308 1490 decus⁷
1331 1455 1368 1481 ut
1390 1450 1534 1481 omnium
1555 1451 1633 1480 risui
1652 1456 1839 1490 exponatur,
1863 1455 1985 1481 certum
2005 1455 2052 1480 est
2070 1450 2155 1480 into-

1203 1492 1366 1523 lerabilem
1398 1493 1549 1523 iniuriam
1579 1504 1656 1523 esse.
1702 1493 1783 1523 Nam
1814 1503 1874 1532 quo
1897 1492 2028 1522 meliore
2049 1491 2155 1523 indole

1203 1536 1300 1566 fuerit
1323 1535 1436 1575 aliquis
1459 1542 1489 1566 et
1511 1546 1572 1575 quo
1595 1535 1725 1572 fidelior,
1750 1546 1786 1566 eo
1808 1535 1939 1575 gravius
1962 1534 2044 1565 feret
2066 1535 2154 1565 inus-

1203 1583 1270 1609 tum
1312 1578 1439 1617 aliquod
1479 1577 1538 1608 sibi
1580 1577 1715 1608 dedecus
1756 1583 1785 1608 et
1819 1577 2038 1617 ignominiam.
2083 1577 2154 1607 Tali

1203 1621 1396 1652 contumelia
1415 1620 1474 1651 fuit
1493 1620 1624 1651 affectus
1644 1620 1749 1650 David
1770 1632 1786 1650 a
1807 1619 1913 1650 Saule.
1958 1619 2042 1650 Nam
2061 1625 2155 1650 antea

1204 1663 1332 1703 quidem
1369 1674 1424 1694 suo
1457 1663 1527 1694 iuro
1558 1663 1774 1699 fraudabatur,
1809 1673 1906 1702 quum
1937 1662 2094 1701 promissa
2123 1662 2156 1692 in

1204 1716 1334 1737 uxorem
1366 1706 1451 1746 regis
1475 1705 1548 1742 filia,
1573 1711 1646 1737 ante
1670 1715 1875 1745 congressum
1899 1714 1970 1735 cum
1994 1704 2156 1742 Goliatho,

1204 1759 1268 1779 non
1303 1749 1434 1779 daretur
1468 1759 1507 1779 ex
1541 1753 1633 1788 paeto
1669 1748 1788 1778 debita:
1824 1747 1878 1778 sed
1913 1757 2012 1786 quum
2041 1746 2155 1778 deinde

1203 1791 1405 1831 sponsalibus
1429 1791 1529 1827 factis,
1553 1796 1584 1821 et
1608 1790 1733 1821 Davide
1756 1791 1817 1820 iam
1843 1790 1950 1829 generi
1975 1789 2079 1820 locum
2102 1790 2155 1819 ob-

1203 1834 1336 1870 tinente,
1356 1834 1487 1874 nuptiae
1499 1833 1650 1865 celebrari
1665 1833 1828 1869 debebant,
1848 1832 1928 1863 alius
1940 1832 2038 1871 ipsius
2050 1831 2155 1863 locum

1204 1881 1347 1916 occupat,
1385 1881 1416 1907 et
1451 1877 1594 1906 omnium
1629 1876 1707 1906 risui
1737 1881 1766 1906 et
1793 1874 1957 1906 cachinnis
1986 1875 2158 1913 exponitur

1204 1918 1407 1955 deridiculus,
1430 1929 1533 1949 nonne
1553 1918 1666 1949 merito
1686 1925 1808 1957 poterat
1827 1917 2036 1947 vehementer
2054 1917 2156 1957 indig-

1205 1962 1275 1992 nari
1299 1966 1331 1992 et
1353 1961 1506 1992 adversus
1530 1960 1659 1992 Saulem
1680 1959 1884 1991 exacerbari?
1907 1959 2029 1990 Verum
2049 1964 2156 1990 tamen

1206 2014 1300 2044 quam
1322 2004 1482 2044 patienter
1499 2004 1591 2034 istam
1611 2003 1758 2033 iniuriam
1773 2002 1884 2033 tulerit
1896 2006 2037 2041 apparet,
2056 2012 2156 2041 quan-

1206 2047 1374 2086 doquidem
1410 2046 1617 2077 nihilominus
1647 2047 1679 2076 in
1710 2045 1813 2076 officio
1836 2050 1901 2075 tam
1925 2054 2002 2081 erga
2024 2043 2157 2075 Saulem

1206 2100 1300 2129 quam
1324 2089 1475 2129 populum
1500 2088 1635 2119 fideliter
1658 2087 1808 2128 perstitit.
1852 2087 1972 2126 Ecquis
1996 2097 2070 2118 vero
2093 2098 2157 2117 non

1206 2137 1461 2164 commoveretur
1484 2136 1548 2161 tam
1572 2131 1690 2170 insigni
1715 2134 1841 2169 accepta
1865 2128 2003 2159 iniuria?
2033 2129 2157 2160 Verum

1205 2179 1310 2205 tamen
1334 2173 1441 2205 David
1464 2183 1569 2213 neque
1591 2173 1787 2213 indignatur,
1818 2182 1921 2211 neque
1944 2172 2156 2211 conqueritur.

1204 2217 1272 2248 Nae
1292 2217 1344 2257 qui
1364 2216 1553 2257 dignitatem
1572 2216 1709 2255 aliquam
1729 2215 1812 2245 inter
1831 2224 1976 2254 proceres
1994 2215 2157 2254 assequuti

1205 2265 1288 2297 sunt,
1318 2261 1344 2290 si
1368 2269 1462 2298 quam
1487 2259 1583 2290 talem
1607 2257 1829 2289 contumeliam
1854 2257 1939 2296 passi
1961 2261 2045 2294 sunt,
2075 2257 2157 2287 nihil

1204 2313 1268 2333 non
1300 2301 1339 2332 ad
1371 2301 1569 2333 ulciscendos
1598 2301 1744 2331 inimicos
1773 2305 1919 2330 movent:
1951 2299 2056 2330 David
2080 2310 2156 2330 vero

1204 2345 1277 2376 licet
1306 2344 1424 2374 multas
1453 2344 1599 2374 videatur
1621 2343 1799 2374 occasiones
1822 2341 1939 2372 habere
1962 2346 1993 2372 et
2015 2342 2157 2373 rationes

1204 2388 1325 2418 illatam
1360 2387 1510 2417 iniuriam
1542 2386 1600 2416 sibi
1636 2384 1827 2421 vindicandi,
1870 2391 1978 2415 tamen
2011 2385 2157 2424 agnoscit

1205 2430 1309 2460 Deum
1340 2429 1389 2459 his
1419 2429 1521 2460 modis
1551 2428 1631 2459 velle
1659 2427 1846 2468 patientiam
1877 2437 1968 2457 suam
1997 2437 2156 2459 exercere.

1204 2473 1314 2511 Neque
1338 2471 1423 2501 enim
1446 2471 1499 2501 ille
1522 2481 1555 2502 se
1579 2471 1611 2500 in
1636 2469 1743 2510 populi
1767 2469 2030 2509 gubernationem
2051 2470 2156 2510 inges-

1204 2520 1306 2546 serat:
1337 2514 1391 2545 sed
1420 2513 1525 2544 Deum
1549 2512 1667 2544 sciebat
1690 2512 1749 2543 sibi
1773 2517 1927 2548 autorem,
1960 2522 1978 2542 a
2001 2521 2063 2551 qno
2085 2517 2157 2543 tan-

1206 2567 1300 2597 quam
1330 2566 1428 2587 manu
1456 2556 1495 2586 ad
1528 2556 1681 2586 honorem
1711 2560 1743 2585 et
1771 2554 1961 2594 dignitatem
1991 2554 2080 2585 illam
2103 2555 2156 2586 de-

1205 2600 1319 2630 ductus
1348 2598 1459 2634 fuerat,
1490 2604 1521 2629 et
1544 2598 1603 2637 ipsi
1627 2597 1761 2637 gratiam
1786 2601 1818 2626 et
1840 2598 2048 2628 autoritatem
2072 2597 2156 2638 apud

1205 2642 1360 2683 populum
1383 2641 1579 2672 conciliarat.
1625 2639 1734 2678 Quare
1756 2639 1832 2670 lieet
1855 2639 1932 2671 Saul
1956 2649 2027 2671 eum
2048 2640 2158 2672 multis
