2551 3044
403 233 465 264 56?

407 330 500 360 varia
527 334 575 360 est
599 330 773 361 affectuum
799 331 882 361 ratio
905 331 1021 371 quibus
1044 331 1077 361 in
1103 330 1186 362 hanc
1209 337 1266 361 aut
1288 330 1378 362 illam

407 379 532 412 partem
557 372 747 412 propendet.
784 373 911 404 Deinde
932 383 969 404 ea
992 380 1040 405 est
1063 373 1159 404 etiam
1185 373 1378 413 ignorantia,

407 421 442 445 ut
460 424 543 454 quae
566 416 770 447 extrinsecus
795 422 953 456 apparent
977 421 1106 447 tantum
1131 415 1378 453 animadvertat,

407 467 470 487 non
501 467 538 488 ea
560 467 643 497 quae
667 457 700 488 in
723 458 830 490 cordis
853 458 1073 499 penetralibus
1097 458 1211 490 latent.
1255 458 1379 490 Idcirco

406 499 493 530 levia
524 499 684 540 quaedam
715 501 795 532 vitia
827 501 974 532 homines
1005 500 1281 539 animadvertunt,
1313 512 1378 533 non

407 547 515 573 autem
557 552 639 582 quae
680 543 714 574 in
749 543 843 575 corde
879 544 981 575 latent
1014 546 1157 575 maxima
1190 550 1222 576 et
1256 545 1378 585 gravia.

407 584 517 623 Quare
547 586 575 616 si
606 592 730 617 rectum
762 586 801 618 de
832 587 922 618 vitiis
950 586 1104 618 iudicium
1137 588 1237 628 ferre,
1273 588 1301 619 si
1341 588 1379 618 de

407 632 495 659 recto
529 636 562 659 et
595 638 697 668 praw»
731 629 857 660 sincere
892 629 1035 661 iudicare
1070 629 1228 667 volumus,
1263 641 1304 661 nc
1339 630 1378 661 ad

407 676 551 701 nostram
583 671 754 708 amussim,
790 672 823 703 id
853 679 903 704 est
932 672 971 703 ad
1004 672 1184 704 humanum
1212 672 1379 711 iudicium,

406 723 463 744 seu
482 714 588 754 potius
606 714 801 754 opinionem,
824 715 879 746 sed
903 715 943 746 ad
964 715 1027 747 Dei
1052 715 1204 748 iudicium
1228 720 1260 747 et
1282 726 1378 756 regu·

407 755 472 786 lam
511 756 690 797 exigamus.
747 757 861 798 Neque
895 769 971 790 vero
1004 757 1257 798 exspectandum
1292 764 1326 789 ut
1360 768 1379 789 a

407 799 503 830 coelis
527 799 617 830 Deus
648 799 823 831 descendat
853 811 949 832 suum
979 801 1135 832 iudicium
1160 800 1250 832 nobis
1273 801 1378 832 forma

407 841 525 873 visibili
540 841 779 882 patefacturus:
803 843 980 884 scripturas
993 845 1078 875 enim
1092 843 1248 875 habemus
1260 854 1378 881 sacras,

407 895 447 915 ex
478 885 594 924 quibus
626 895 708 924 quae
739 886 818 917 vitia
849 886 921 918 Deo
951 887 1016 918 sint
1043 887 1276 919 abominationi
1306 897 1379 927 per-

406 927 517 967 spicue
537 938 710 967 possumus
732 929 925 970 intelligere.
957 930 1025 961 Nos
1049 930 1149 970 igitur
1171 929 1210 961 de
1234 929 1378 961 externis

406 969 576 1001 hominum
604 971 697 1002 saetis
728 982 769 1002 ex
792 972 855 1003 Dei
886 973 986 1004 verbo
1011 972 1163 1011 iudicare,
1187 977 1220 1004 et
1242 983 1280 1004 ea
1302 982 1377 1004 con-

407 1012 561 1044 demnare
590 1024 780 1053 possumus:
809 1015 865 1046 sed
896 1021 1005 1047 tamen
1028 1015 1067 1047 de
1090 1016 1233 1056 ipsorum
1257 1015 1378 1055 cogita-

408 1055 552 1087 tionibus
585 1057 669 1088 fcrre
699 1058 894 1089 sententiam
924 1069 988 1089 non
1018 1064 1066 1090 est
1090 1059 1251 1089 humanae
1275 1065 1378 1099 potes-

405 1098 496 1130 tatis:
517 1099 596 1138 quin
616 1100 724 1139 potius
744 1101 904 1140 patienter
924 1102 1192 1141 exspectandum:
1213 1101 1289 1132 dum
1309 1101 1378 1140 ipse

406 1141 498 1173 Deus
527 1152 609 1181 quae
639 1143 763 1174 occulta
794 1150 870 1175 sunt
891 1143 1082 1184 patefaciat:
1106 1143 1377 1184 quemadmodum

406 1183 498 1215 docet
526 1184 654 1216 Daniel.
699 1186 813 1225 Itaque
844 1187 946 1217 nostri
977 1187 1098 1227 ingenii
1131 1186 1316 1217 tarditatem
1346 1192 1378 1216 et

405 1232 570 1267 stuporem
600 1234 833 1268 agnoscentes,
863 1229 943 1260 nihil
975 1240 1074 1269 supra
1105 1236 1247 1261 nostram
1278 1228 1376 1260 facul-

404 1275 506 1301 tatem
526 1270 712 1302 audeamus.
743 1271 908 1312 Quidquid
929 1282 1006 1303 vero
1029 1272 1068 1303 de
1090 1272 1214 1304 Nabale
1235 1272 1377 1303 sentiant

406 1312 564 1349 homines,
589 1313 739 1345 videmus
758 1315 864 1354 ipsum
886 1315 999 1355 magni
1018 1315 1163 1346 criminis
1186 1326 1292 1348 coram
1306 1314 1376 1345 Deo

406 1356 591 1387 convictum
633 1357 752 1387 teneri:
795 1362 827 1388 et
861 1368 926 1388 non
961 1357 1053 1398 parvi
1086 1359 1243 1389 momenti
1279 1358 1376 1388 fuisse

407 1398 622 1430 contumelias
654 1398 726 1430 illas
757 1410 837 1440 quas
867 1401 973 1440 ipsum
997 1401 1028 1431 in
1052 1400 1213 1433 Davidem
1240 1400 1374 1432 inconsi-

406 1441 519 1472 derate
551 1442 710 1473 vomuisse
742 1443 857 1483 aliquis
887 1443 1055 1474 iudicaret.
1101 1444 1186 1475 Nam
1211 1444 1274 1475 tale
1298 1443 1375 1474 ferri

405 1485 444 1515 ab
464 1484 543 1524 ipsis
567 1483 722 1516 iudicium
747 1485 785 1516 de
808 1485 933 1516 Nabale
956 1496 1050 1526 posse
1074 1486 1261 1518 videbatur:
1285 1486 1374 1522 Esto,

406 1525 510 1558 Nabal
534 1528 738 1558 contumeliis
758 1527 920 1559 Davidem
944 1528 1097 1568 affecerit,
1120 1540 1279 1566 erronem,
1303 1539 1374 1568 pro-

406 1569 532 1610 fugum,
552 1569 720 1608 latronem,
740 1570 934 1610 praedonem
958 1571 1087 1610 dixerit,
1110 1573 1257 1613 ingratus
1276 1572 1375 1603 ctiam

406 1612 440 1644 in
460 1613 566 1652 ipsum
590 1613 696 1651 fuerit,
727 1613 842 1645 ideone
865 1624 942 1645 vero
965 1620 1068 1645 morte
1091 1615 1273 1655 puniendus
1297 1620 1374 1651 erat,

406 1655 457 1687 cui
488 1666 553 1686 non
586 1656 665 1686 satis
689 1666 748 1687 sua
772 1667 863 1688 mens
886 1656 1078 1688 constabat?
1125 1658 1247 1689 Verum
1272 1658 1374 1689 enim-

407 1708 485 1729 vero
500 1698 589 1728 Deus
612 1698 707 1729 aliter
730 1699 896 1737 iudicavit,
919 1700 1013 1731 cuius
1035 1700 1154 1732 iudicia
1176 1707 1265 1732 recta
1288 1706 1374 1739 sunt,

407 1746 439 1772 et
480 1750 648 1780 nunquam
690 1741 723 1772 in
763 1752 900 1774 excessu
934 1750 1076 1782 peccant.
1133 1743 1242 1783 Quare
1276 1754 1374 1784 quum

405 1788 509 1814 morte
551 1784 762 1816 contumelias
802 1785 874 1816 illas
913 1785 1004 1817 Deus
1037 1786 1123 1817 ultus
1158 1792 1218 1825 est,
1258 1786 1375 1827 quibus

406 1826 513 1858 laesus
536 1826 644 1857 David
675 1837 694 1857 a
715 1827 840 1859 Nabale
871 1828 986 1866 fuerat,
1016 1829 1155 1861 sciamus
1186 1830 1291 1870 ipsum
1315 1829 1375 1860 sibi

406 1870 507 1900 factas
538 1868 742 1901 existimasse
773 1871 805 1901 in
829 1870 967 1902 Davidis
998 1881 1144 1911 persona.
1189 1872 1272 1903 Nam
1298 1883 1375 1903 sane

406 1912 441 1943 in
464 1912 571 1952 ipsum
586 1911 692 1943 Deum
718 1912 962 1945 redundabant:
986 1914 1246 1955 quandoquidem
1266 1915 1374 1946 David

407 1966 474 1986 non
505 1964 563 1986 suo
595 1960 683 1985 motu
714 1957 837 1996 regiam
867 1966 1022 1988 coronam
1052 1957 1233 1996 invaserat,
1270 1968 1375 1998 neque

406 1997 582 2038 quidquam
612 2008 631 2028 a
661 2009 695 2029 se
724 2005 920 2039 susceperat,
949 1999 1005 2030 sed
1035 2010 1054 2031 a
1076 1999 1148 2031 Deo
1172 2007 1312 2037 vocatus.
1343 2005 1375 2032 et

403 2041 556 2071 unctione
570 2047 706 2072 externa
727 2044 950 2074 confirmatus.
975 2042 1077 2074 Nabal
1100 2043 1199 2084 igitur
1212 2043 1373 2075 Davidem

404 2083 611 2115 contumeliis
642 2089 765 2122 petens,
797 2090 829 2115 et
851 2085 1008 2116 honorem
1033 2086 1133 2125 ipsius
1156 2086 1290 2126 pedibus
1313 2086 1375 2117 cal—

404 2136 491 2163 cans,
522 2126 555 2156 in
581 2126 687 2165 ipsum
712 2126 820 2158 Deum
846 2127 907 2159 fuit
931 2129 1078 2166 iniurius,
1101 2135 1134 2160 et
1159 2129 1373 2169 blasphemus.

403 2169 471 2199 Nos
503 2179 591 2207 vero,
623 2168 698 2200 licet
727 2180 791 2200 non
815 2170 855 2201 ad
879 2171 1021 2202 eundem
1045 2171 1213 2212 dignitatis
1236 2174 1373 2212 gradum

403 2221 499 2252 quem
523 2211 632 2243 David
664 2212 767 2243 evecti
798 2223 919 2252 sumus,
951 2218 1060 2245 tamen
1094 2215 1212 2246 scimus
1235 2214 1311 2255 quid
1336 2214 1374 2245 de

404 2254 497 2285 nobis
528 2264 620 2285 sacra
649 2255 812 2294 scriptura
843 2257 1018 2295 praedicet,
1055 2268 1184 2297 nempe,
1215 2268 1272 2289 nos
1303 2257 1372 2288 Deo

403 2308 473 2328 esse
508 2307 600 2328 caros
635 2301 789 2337 tanquam
825 2299 981 2338 pupillam
1019 2300 1124 2340 oculi,
1165 2305 1195 2331 et
1230 2300 1372 2332 ulturum

402 2340 509 2379 ipsum
539 2349 652 2371 omnes
676 2342 889 2372 contumelias
913 2349 945 2372 et
969 2342 1103 2374 iniurias
1126 2342 1243 2383 quibus
1266 2342 1372 2374 affecti

402 2382 571 2413 fuerimus.
628 2382 850 2421 Quamobrem
892 2384 925 2415 in
960 2384 1067 2416 Deum
1110 2396 1167 2417 nos
1201 2392 1372 2425 nostraque

404 2425 603 2456 reiiciamus:
635 2431 666 2456 et
695 2425 771 2457 licet
801 2426 909 2458 hostes
939 2427 1166 2467 impunitatem
1196 2429 1256 2460 sibi
1280 2428 1372 2469 polli-

403 2475 549 2506 ceantur,
580 2478 677 2507 quum
708 2468 929 2500 crudelissime
959 2470 993 2500 in
1026 2481 1083 2502 nos
1107 2471 1290 2509 saevierint,
1321 2480 1373 2511 pa-

403 2511 521 2541 tienter
534 2516 760 2550 exspectemus
773 2511 874 2543 donec
896 2513 1028 2544 ultionis
1047 2519 1176 2554 tempus
1195 2514 1371 2551 advenerit,

402 2563 465 2593 quo
499 2553 589 2584 Deus
624 2563 683 2584 suo
717 2554 836 2586 iudicio
870 2555 957 2595 ipsos
990 2556 1133 2588 involvet
1163 2563 1195 2588 et
1225 2558 1372 2589 incautos

401 2595 530 2627 obruet:
556 2606 677 2636 nosque
697 2607 731 2627 re
750 2597 821 2636 ipsa
838 2598 951 2638 quanti
976 2598 1072 2629 faciat
1095 2600 1272 2639 patefaciet,
1295 2609 1372 2639 quos

402 2638 449 2669 illi
481 2644 635 2677 tanquam
666 2639 748 2670 viles
779 2646 811 2671 et
837 2640 978 2672 abiectos
1002 2641 1233 2674 homunciones
1255 2642 1372 2673 habuc-

402 2686 489 2712 runt.
515 2680 734 2720 Quamobrem
760 2693 799 2713 ex
825 2682 885 2715 hoc
908 2683 976 2715 loco
1000 2684 1170 2722 discamus,
1201 2685 1234 2716 in
1259 2685 1371 2726 primis

1234 235 1437 268 HOMILIA
1461 235 1569 267 XCII.

2332 240 2395 271 568

1432 342 1598 371 nunquam
1619 330 1774 362 adversus
1787 331 1893 363 Deum
1912 331 2052 371 obloqui,
2072 336 2128 362 aut
2146 331 2302 363 adversus
2320 343 2394 364 eum

1431 374 1625 406 contendere
1659 384 1757 413 quum
1791 385 1857 405 non
1892 385 1933 406 ex
1968 374 2070 406 nostri
2104 374 2213 406 iudicii
2246 375 2395 414 opinione

1432 417 1625 448 senteutiam
1657 417 1756 448 feret:
1787 416 1842 448 sed
1873 416 1997 458 placide
2026 417 2180 457 quidquid
2205 417 2317 449 fecerit
2340 417 2395 448 ad-

1430 460 1609 497 mittamus,
1633 462 1664 490 et
1688 459 1808 491 bonum
1832 471 1868 492 ac
1892 467 2014 491 rectum
2038 459 2226 492 iudicemus.
2267 459 2396 492 Deinde

1433 509 1553 533 tantam
1573 512 1707 533 suorum
1727 502 1869 534 fidelium
1889 513 1999 534 curam
2014 502 2119 534 Deum
2139 513 2260 544 gerere,
2279 503 2395 534 vitam-

1432 556 1493 585 que
1524 547 1668 585 ipsorum
1691 552 1756 576 tam
1779 555 1886 578 caram
1911 546 2038 584 habere,
2061 551 2098 577 ut
2120 546 2196 586 ipsis
2220 545 2326 577 illatas
2349 546 2397 577 in-

1432 588 1531 619 iurias
1564 587 1624 618 sibi
1659 588 1759 619 factas
1793 596 1936 629 reputet,
1971 596 2003 620 et
2037 594 2103 619 tam
2134 589 2257 620 acerbis
2285 589 2397 628 poenis

1432 631 1605 662 ulciscatur
1636 641 1689 662 eos
1717 632 1771 671 qui
1803 642 1861 663 nos
1892 631 2032 663 ludibrio
2055 631 2240 669 habuerint,
2269 639 2301 662 ut
2325 641 2395 662 sen-

1432 674 1513 704 tiant
1532 685 1567 704 se
1587 673 1730 704 divinam
1755 675 1954 705 maiestatem
1980 674 2160 712 offendisse,
2184 674 2307 714 sibique
2330 684 2395 705 non

1432 727 1503 747 cum
1536 716 1803 748 homuncionibus
1833 716 1889 748 sed
1909 728 1982 749 cum
2006 717 2062 748 illa
2085 727 2153 748 rem
2176 727 2255 748 esse.
2298 716 2397 748 Nam·

1431 770 1490 799 que
1522 759 1613 790 Deus
1648 770 1682 790 se
1716 760 1906 790 miscrorum
1937 769 1969 791 et
2001 760 2196 791 abiectorum
2227 759 2395 791 hominum

1429 802 1579 843 clypeum
1603 807 1635 833 et
1659 803 1935 843 propugnaculum
1960 813 2030 834 esse
2053 802 2235 843 profitetur.

1515 844 1611 876 Hanc
1635 846 1674 876 ob
1698 855 1829 876 causam
1843 844 1951 877 David
1971 845 2041 876 Deo
2064 845 2187 886 gratias
2210 845 2288 886 agit,
2311 845 2396 885 quod

1429 887 1489 919 sibi
1508 887 1627 919 factam
1646 898 1716 919 esse
1739 888 1891 919 iniuriam
1915 894 1946 919 et
1970 889 2121 919 iniustam
2146 887 2284 919 dedecus
2306 888 2397 920 ultus

1430 931 1480 968 sit,
1514 931 1564 962 his
1596 930 1717 962 verbis:
1748 930 1937 963 Benedictus
1960 931 2082 970 Ielzova,
2110 931 2166 970 qui
2187 931 2246 971 eyit
2267 940 2396 963 causam

1430 973 1592 1013 opprobrii
1619 974 1682 1004 mei
1711 983 1732 1004 a
1757 974 1888 1011 Nabale,
1918 977 1944 1005 et
1972 984 2095 1006 servum
2117 983 2210 1004 suum
2232 974 2399 1005 custodivit

1431 1028 1449 1047 a
1472 1016 1561 1047 malo.
1607 1016 1658 1047 De
1681 1016 1806 1048 duobus
1829 1017 1951 1057 gratias
1974 1018 2042 1048 istis
2066 1016 2174 1048 verbis
2197 1016 2305 1047 David
2328 1017 2395 1057 agit

1430 1059 1587 1096 Domino,
1625 1059 1767 1099 primum
1803 1059 1887 1100 quod
1919 1070 1953 1091 re
1981 1061 2052 1100 ipsa
2081 1059 2270 1100 patefecerit
2298 1069 2395 1100 quam

1431 1102 1491 1142 ipsi
1524 1112 1619 1133 carus
1649 1108 1734 1133 esset
1763 1102 1854 1134 cuius
1885 1112 2015 1133 causam
2050 1103 2206 1133 adversus
2236 1101 2394 1133 Nabalem

1430 1145 1581 1185 suscepit.
1638 1145 1788 1176 Alterum
1829 1145 1913 1185 quod
1954 1157 2017 1176 non
2057 1145 2255 1185 permisisset
2288 1146 2394 1185 ipsum

1430 1188 1578 1228 proprias
1608 1187 1745 1219 iniurias
1774 1188 1894 1226 ulcisci,
1923 1194 1955 1219 et
1984 1189 2174 1229 sanguinem
2200 1187 2337 1219 fundere
2359 1188 2395 1220 in

1429 1230 1562 1262 Nabalis
1586 1231 1716 1269 familia,
1741 1241 1780 1261 ne
1804 1241 1868 1261 non
1891 1230 2023 1262 modum
2047 1231 2212 1268 tenuisset,
2236 1230 2395 1271 siquidem

1429 1275 1462 1305 in
1495 1274 1663 1305 iracundia
1687 1274 1811 1306 saevire
1835 1273 1998 1305 crudelius
2022 1274 2188 1314 potuisset.
2236 1273 2329 1313 Quod
2354 1273 2396 1305 ad

1430 1318 1570 1357 primum
1605 1317 1729 1355 attinet,
1764 1322 1899 1357 quaerat
1932 1317 2046 1356 aliquis
2075 1316 2238 1347 Davidine
2268 1316 2395 1348 licitum

1429 1360 1526 1391 fuerit
1551 1370 1569 1391 a
1592 1360 1663 1391 Deo
1686 1359 1862 1391 vindictam
1886 1359 1925 1391 de
1948 1358 2071 1391 Nabale
2095 1359 2265 1399 postulare.
2300 1359 2396 1399 Nam,

1429 1410 1466 1434 ut
1498 1409 1592 1434 antea
1626 1402 1783 1440 diximus,
1818 1413 1882 1433 non
1917 1407 2044 1433 tantum
2079 1402 2223 1442 privatas
2257 1402 2396 1434 iniurias

1430 1447 1538 1477 ulcisci
1570 1445 1787 1485 prohibemur,
1818 1445 1874 1476 sed
1902 1446 1999 1476 etiam
2024 1449 2163 1476 mentem
2187 1450 2219 1476 et
2241 1445 2394 1477 affectum

1430 1489 1517 1520 omni
1557 1488 1718 1520 vindictae
1758 1487 1865 1520 studio
1905 1498 2043 1519 vacuum
2084 1487 2203 1519 habere
2236 1487 2395 1520 iubemur.

1430 1532 1467 1564 Si
1491 1532 1563 1572 quis
1586 1532 1685 1571 igitur
1707 1542 1772 1562 non
1796 1541 1854 1563 sua
1876 1531 2006 1572 quidem
2031 1541 2129 1562 manu
2153 1535 2186 1561 et
2207 1530 2331 1563 viribus
2355 1531 2394 1564 de

1430 1576 1521 1606 hoste
1551 1575 1707 1606 ultionem
1738 1574 1849 1605 faciat:
1880 1574 1936 1605 sed
1967 1573 2099 1604 interim
2123 1573 2200 1604 diris
2223 1573 2314 1604 illum
2338 1574 2394 1605 de-

1429 1623 1553 1655 voveat,
1585 1622 1617 1649 et
1640 1617 1702 1648 Dei
1733 1617 1869 1648 fulmine
1900 1617 1986 1656 tangi
2010 1621 2149 1656 exoptet,
2177 1626 2241 1647 non
2267 1616 2396 1649 videtur

1428 1661 1533 1692 officio
1571 1660 1760 1691 defunctus:
1797 1659 1852 1691 sed
1889 1660 1996 1699 potius
2033 1659 2200 1690 caritatem
2230 1658 2393 1692 abiecisse.

1429 1703 1583 1743 Quisquis
1601 1703 1702 1744 igitur
1720 1703 1804 1734 malo
1822 1703 1952 1743 quidem
1976 1702 2119 1733 exterius
2142 1701 2315 1733 abstinebit
2337 1703 2394 1735 sed

1429 1747 1517 1777 intus
1543 1745 1615 1778 odio
1646 1751 1678 1777 et
1700 1746 1877 1777 inimicitiis
1901 1745 2070 1784 aestuabit,
2093 1751 2124 1776 et
2147 1744 2249 1776 hostis
2270 1745 2321 1776 sui
2343 1746 2392 1778 in-

1429 1790 1560 1820 teritum
1601 1795 1632 1820 et
1665 1788 1794 1829 quidem
1832 1799 1851 1820 a
1882 1788 2023 1820 Domino
2054 1787 2239 1828 exoptabit,
2277 1790 2395 1822 merito

1428 1832 1514 1872 apud
1543 1831 1651 1863 Deum
1683 1831 1844 1863 homicida
1873 1830 2055 1867 habebitur,
2084 1831 2158 1862 licet
2186 1840 2226 1861 ne
2256 1830 2392 1872 digitum

1427 1875 1555 1915 quidem
1586 1874 1626 1906 ad
1656 1874 1777 1906 malum
1808 1875 1954 1905 moverit.
2000 1873 2109 1905 David
2132 1873 2240 1912 itaque
2263 1873 2394 1908 videtur

1429 1927 1492 1948 non
1529 1917 1672 1958 potuisse
1700 1928 1719 1948 a
1748 1917 1891 1948 Domino
1923 1916 1962 1947 de
1993 1916 2117 1947 Nabale
2147 1915 2303 1947 ultionem
2335 1929 2392 1950 ex-

1428 1960 1601 2000 postulare,
1632 1960 1711 2000 quin
1742 1959 1900 1991 adversus
1924 1959 1985 1990 Dei
2015 1959 2120 2000 legem
2149 1959 2294 2000 graviter
2323 1971 2392 2001 pec-

1427 2004 1515 2034 carit.
1562 2003 1635 2035 Hoc
1669 2004 1695 2034 si
1730 2013 1791 2034 non
1828 2002 1942 2043 potuit,
1975 2011 2053 2033 sane
2082 2011 2141 2033 nec
2171 2001 2241 2032 Deo
2270 2005 2393 2042 gratias

1428 2056 1522 2085 agere
1549 2046 1587 2077 de
1611 2052 1740 2077 mortuo
1768 2045 1892 2077 Nabale
1918 2045 2060 2086 potuisse
2093 2044 2229 2076 videtur.
2274 2044 2393 2082 Preces

1427 2089 1511 2119 enim
1554 2094 1681 2120 nostras
1715 2094 1748 2120 et
1781 2089 1960 2129 gratiarum
1995 2088 2136 2119 actiones
2169 2091 2295 2126 oportet
2327 2090 2390 2123 Dei

1427 2132 1585 2162 voluntati
1608 2132 1818 2163 conformari:
1842 2130 2113 2171 quemadmodum
2136 2129 2298 2162 conclusio
2319 2144 2389 2174 pre-

1426 2175 1561 2205 cationis
1598 2184 1694 2214 quam
1732 2176 1800 2215 ipse
1839 2185 1897 2205 nos
1931 2173 2092 2204 Dominus
2122 2173 2213 2204 Iesus
2239 2172 2388 2210 Christus

1427 2216 1543 2253 docuit,
1575 2228 1611 2248 eo
1642 2217 1756 2249 referri
1786 2228 1898 2248 omnes
1927 2223 2053 2247 nostros
2082 2216 2215 2247 affectus
2241 2225 2388 2257 oportere

1426 2259 1575 2291 ostendit.
1621 2260 1730 2299 Quum
1761 2261 1859 2301 igitur
1882 2259 2044 2290 Davidem
2067 2270 2163 2299 agere
2186 2262 2307 2300 gratias
2331 2273 2389 2295 au—

1427 2302 1531 2333 dimus
1555 2302 1638 2342 quod
1651 2303 1808 2334 Nabalem
1822 2302 1912 2333 Deus
1937 2301 2032 2342 plaga
2054 2302 2224 2341 affecisset,
2248 2310 2280 2335 et
2302 2315 2387 2337 mor-

1426 2351 1499 2376 tuus
1525 2352 1618 2383 esset,
1648 2357 1720 2377 eum
1745 2350 1879 2387 apparet
1901 2351 1996 2375 antea
2019 2345 2052 2375 in
2077 2345 2160 2376 votis
2182 2346 2214 2377 id
2237 2345 2390 2380 habuisse

1426 2387 1464 2417 dc
1495 2398 1556 2427 quo
1579 2389 1700 2428 gratias
1724 2390 1800 2429 agit,
1825 2398 1941 2428 nempe
1965 2387 2130 2419 ultionem.
2175 2388 2264 2421 Hinc
2287 2389 2389 2423 disca-

1425 2440 1498 2461 mus
1529 2431 1741 2470 periculosum
1766 2442 1835 2462 esse
1859 2436 1980 2462 temere
2005 2431 2087 2462 velle
2110 2432 2388 2465 sanctissimorum

1425 2472 1797 2514 perfectissimorumque
1827 2475 1969 2505 virorum
1994 2472 2143 2513 exempla
2164 2474 2294 2512 imitari,
2326 2477 2388 2508 nisi

1424 2516 1654 2555 praescriptam
1668 2517 1701 2547 in
1714 2517 1813 2548 sacris
1826 2515 1969 2558 regulam
1991 2526 2170 2557 sequamur,
2190 2522 2226 2548 ut
2244 2518 2387 2558 ipsorum

1424 2557 1509 2589 facta
1540 2559 1692 2590 nimirum
1723 2564 1754 2590 et
1784 2559 1869 2591 dicta
1892 2559 1931 2590 ad
1954 2558 2096 2590 divinam
2120 2559 2209 2590 illam
2233 2562 2387 2593 amussim

1424 2601 1608 2641 exigantur.
1662 2602 1754 2640 Nam,
1783 2602 1923 2643 exempli
1953 2603 2067 2643 gratia,
2097 2602 2235 2634 Davidis
2265 2604 2388 2635 factum

1424 2644 1450 2673 si
1475 2644 1545 2682 quis
1568 2644 1713 2684 regulam
1737 2644 1797 2676 sibi
1820 2652 1982 2685 proponat
2005 2644 2203 2683 imitandam,
2226 2646 2388 2678 concludit

1425 2685 1520 2716 licere
1550 2685 1610 2716 sibi
1641 2697 1659 2717 a
1690 2687 1833 2719 vindicta
1863 2687 2049 2727 abstinenti,
2077 2687 2288 2720 nihilominus
2311 2699 2387 2721 ean-
