2551 3044
207 181 267 214 241
852 181 900 212 IN
924 181 948 213 I.
973 181 1060 212 LIB.
1085 181 1284 213 SAMUEL.
1308 182 1405 214 CAP.
1431 182 1540 215 XVII.
2116 188 2180 218 242

205 276 380 309 Caeterum
411 277 472 307 ista
504 277 630 317 longius
653 277 750 307 etiam
775 274 974 316 proferenda.
1021 274 1103 305 Nam
1128 275 1161 305 in

206 321 319 360 primis
353 330 452 359 quum
486 318 576 350 Deus
611 319 808 350 exercituum
842 317 932 348 Deus
965 316 1090 356 dicitur,
1125 327 1162 348 eo

207 364 360 395 docemur
383 363 487 402 ipsum
511 363 542 392 iu
568 361 686 392 mundo
710 372 801 401 posse
824 370 932 400 pacem
963 365 1019 390 aut
1042 359 1161 390 bellum

206 406 335 437 fovere:
355 410 384 435 ct
405 415 503 444 quum
525 404 604 435 bella
624 411 803 440 moventur,
826 403 925 442 ipsius
944 402 1026 432 iusto
1044 401 1162 433 iudicio
1189 433 1190 436 ,

207 449 287 486 fieri,
311 448 407 478 rebus
425 447 541 478 creatis
567 447 706 478 habenas
726 445 939 485 permittentis
958 445 997 475 ad
1017 445 1163 476 homines

208 492 247 522 de
281 491 417 531 peccatis
451 490 638 529 puniendos.
694 488 781 527 Quid
814 488 882 519 dico
924 487 1160 527 permittentis?

207 534 272 565 imo
302 539 334 563 et
364 533 606 570 commoventis,
635 537 666 562 et
690 531 789 562 veluti
814 531 908 561 tubae
930 529 1081 570 clangore
1103 529 1160 560 ho-

208 577 311 608 mines
335 576 457 613 cientis,
491 585 627 613 quorum
659 584 755 614 opera
786 573 824 604 ad
855 572 1065 604 exercendam
1089 573 1161 602 vin-

208 619 327 650 dictam
350 628 439 648 suam
464 624 582 648 utatur.
617 616 706 647 Deus
730 617 835 655 itaque
858 616 941 646 iusto
964 625 1022 646 suo
1044 614 1160 646 iudicio

208 661 290 692 bella
314 667 434 691 movet:
467 666 501 690 ut
534 660 677 690 homines
701 659 843 698 alioquin
867 658 1035 689 obliviosos
1057 664 1089 688 et
1112 668 1160 688 re-

209 705 267 736 bus
291 702 451 743 prosperis
481 701 649 733 abutentes
678 706 711 732 et
734 700 772 732 ad
798 701 873 732 vitia
895 700 1051 740 proclives
1074 702 1160 731 coer-

208 752 288 783 ceat,
311 751 342 776 et
365 745 484 776 excitet
506 744 544 775 ad
568 744 719 775 officium.
765 743 823 775 Sin
848 754 922 774 vero
944 749 1054 774 contra
1073 743 1163 774 Deus

208 799 317 829 pacem
349 787 444 818 terris
475 787 608 818 reddere
639 787 733 823 volet,
761 792 793 816 et
824 786 1003 816 hominibus
1026 785 1092 816 otia
1115 785 1160 816 fa-

207 842 286 867 cere,
323 830 373 861 vel
407 830 473 861 solo
508 829 584 859 flatu
618 839 674 859 suo
715 829 1007 868 potentissimorum
1048 838 1160 868 regum

206 874 339 906 consilia
369 878 400 903 et
430 878 562 903 conatus
591 871 704 902 inanes
734 872 860 908 efficiet,
890 870 1158 910 quemadmodum
1186 889 1188 911 ,⁴

207 916 340 957 pulchre
361 915 517 955 propheta
541 914 633 945 docet
656 914 785 945 Psalmo
809 914 866 944 46:
893 913 963 944 Non
985 913 1160 944 timeremus

206 960 236 991 si
262 958 438 990 turbaretur
466 960 559 996 terra,
583 959 615 987 -et
643 957 886 996 transferrentur
915 958 1026 987 montes
1053 957 1087 986 in
1109 965 1159 986 cor

205 1002 321 1033 maris:
344 1000 506 1040 quoniam,
530 1006 565 1029 ut
589 999 631 1029 ait
656 1000 749 1038 paulo
774 1006 858 1038 post:
884 998 971 1030 Deus
990 997 1108 1038 faciens
1125 1001 1159 1029 ut

205 1046 318 1076 cessent
351 1042 429 1074 bella
461 1042 502 1072 ad
533 1043 750 1072 extremitatem
784 1051 880 1081 usque
909 1044 1016 1081 terrae,
1050 1051 1158 1072 arcum

196 1087 374 1127 perfringit,
404 1088 429 1115 et
456 1086 575 1115 truncat
603 1084 733 1121 hastam,
763 1094 874 1114 currus
902 1084 1046 1115 comburit
1078 1084 1155 1124 igne.

203 1130 330 1169 Quibus
351 1128 456 1158 verbis
477 1127 631 1166 propheta
655 1126 754 1163 docet,
779 1127 931 1163 homines,
955 1126 1028 1157 licet
1046 1136 1157 1157 omnes

205 1174 290 1205 vires
318 1169 514 1210 collegerint,
543 1176 574 1200 et
605 1169 752 1200 omnibus
784 1170 878 1200 rebus
911 1169 1059 1200 instructi
1083 1169 1156 1207 sint,

204 1221 242 1246 ut
265 1214 344 1245 nihil
369 1213 477 1243 deesse
501 1213 577 1251 ipsis
602 1212 757 1248 videatur,
786 1222 844 1243 nec
867 1221 964 1250 arma,
995 1222 1052 1243 nec
1074 1213 1156 1251 equi,

204 1267 264 1288 nec
297 1256 413 1287 milites
454 1254 606 1292 animosi,
649 1265 750 1293 neque
791 1254 988 1293 cataphracti
1027 1254 1183 1292 milites,¹

1182 1307 1183 1310 ’
1210 1306 1341 1339 propter
1363 1300 1523 1330 infinitam
1548 1299 1789 1331 multitudinem
1820 1306 1851 1330 et
1884 1301 1967 1331 vires
1998 1306 2170 1340 terrerent,

204 1309 305 1340 neque
340 1298 475 1337 denique
509 1297 592 1327 ullae
626 1298 820 1328 munitiones
854 1297 997 1333 bellicae,
1039 1302 1155 1334 tamen,

202 1343 273 1374 Deo
291 1342 436 1376 faciente,
457 1346 618 1371 momento
639 1339 845 1370 debellandos
865 1346 896 1370 et
908 1339 1154 1371 consumendos:

203 1395 341 1424 eumque
364 1383 519 1414 bellorum
543 1385 665 1413 exitum
690 1383 763 1420 fore,
784 1389 819 1413 ut
838 1381 1078 1422 quibuscunque
1096 1383 1155 1422 ipsi

203 1426 359 1468 placuerit
382 1426 547 1456 victoriam
573 1426 737 1465 largiatur.
784 1424 890 1456 David
915 1426 1018 1464 itaque
1037 1425 1154 1461 dicens,

202 1470 312 1502 bellum
335 1478 398 1500 esse
420 1468 558 1504 Domini,
583 1468 724 1508 generali
748 1478 826 1498 voce
846 1468 957 1505 utitur,
976 1477 1037 1507 qua
1052 1467 1154 1498 Deum

203 1513 296 1544 docet
319 1512 477 1542 dominari
502 1510 602 1547 bellis,
634 1518 666 1541 et
694 1510 791 1541 nullis
821 1509 965 1550 indigere
988 1510 1155 1550 praesidiis

203 1555 370 1587 humanis:
403 1553 457 1584 sed
489 1564 530 1584 ex
560 1554 736 1584 voluntatis
767 1553 898 1584 arbitrio
922 1562 1029 1593 pacem
1053 1554 1156 1584 facere
1182 1563 1183 1568 ¹

203 1603 235 1629 et
258 1596 526 1636 tranquillitatem
551 1597 646 1627 terris
670 1596 755 1632 dare,
775 1601 805 1625 et
826 1596 933 1626 hostes
953 1595 1155 1627 saevissimos

201 1642 350 1681 frangere
380 1646 410 1670 et
441 1638 607 1670 debellare.
662 1640 708 1670 Ac
737 1638 871 1678 proinde
904 1638 977 1668 licet
1010 1638 1155 1670 homines

201 1684 268 1715 sint
291 1682 506 1716 munitissimi,
539 1688 571 1712 et
600 1681 749 1713 omnibus
780 1681 873 1711 rebus
897 1680 936 1711 ad
960 1681 1076 1712 bellum
1101 1692 1154 1712 ne-

201 1726 348 1758 cessariis
370 1725 619 1762 instructissimi,
644 1723 726 1754 nihil
750 1729 857 1754 tamen
879 1723 968 1763 ipsis,
991 1724 1154 1763 quodcun-

202 1779 264 1809 que
297 1767 377 1799 illud
411 1767 508 1797 fuerit
541 1767 760 1807 profuturum,
797 1766 856 1796 nisi
891 1766 979 1797 Deus
1013 1767 1079 1806 ipse
1113 1767 1154 1797 sit

202 1811 390 1843 auxiliator:
424 1820 486 1849 quo
521 1810 694 1840 adiuvante
744 1809 849 1840 nullas
878 1809 956 1848 ipsis
987 1809 1154 1840 hominum
1180 1812 1182 1840 '1

200 1854 296 1891 vires,
320 1858 459 1893 quantae
478 1859 615 1892 quantae
635 1853 708 1887 sint,
729 1851 901 1891 quidquam
922 1861 1011 1891 posse
1029 1862 1153 1883 nocere.

199 1897 288 1927 Hinc
318 1896 418 1935 igitur
448 1895 606 1926 discamus
636 1895 668 1924 in
699 1895 810 1934 primis
832 1894 937 1924 Deum
962 1894 1094 1933 precari,
1118 1900 1154 1926 ut

200 1949 311 1979 pacem
335 1938 426 1969 nobis
449 1938 601 1969 concedat
623 1943 655 1967 et
676 1937 742 1967 otia
771 1937 876 1974 faciat,
905 1936 1022 1968 sedatis
1052 1938 1154 1968 omni-

200 1982 260 2013 bus
296 1981 368 2011 belli
403 1981 609 2018 tumultibus,
650 1979 910 2019 quandoquidem
944 1980 1051 2011 omnia
1093 1981 1153 2011 sibi

199 2024 297 2055 habet
320 2024 477 2054 subiecta:
502 2022 616 2053 deinde
639 2022 678 2053 ad
702 2024 808 2062 ipsum
832 2022 960 2053 unicum
980 2023 1153 2063 confugere

199 2068 233 2098 in
256 2067 351 2097 rebus
380 2067 535 2105 angustis,
566 2065 724 2105 siquidem
752 2065 909 2095 auxilium
941 2075 1032 2096 suum
1062 2065 1153 2097 nobis

199 2119 364 2149 nunquam
395 2108 583 2139 defuturum
613 2113 661 2138 est
693 2107 869 2148 pollicitus:
903 2113 934 2138 et
966 2109 992 2139 si
1027 2110 1154 2148 quaudo

198 2153 284 2185 bella
313 2152 479 2191 permittat
508 2151 711 2187 commoveri,
743 2150 770 2181 si
799 2150 867 2189 ipso
896 2150 970 2181 freti
992 2150 1031 2181 ad
1053 2151 1153 2190 ipsius

199 2194 428 2235 promissiones
451 2193 697 2233 confugerimus,
729 2203 770 2223 ne
799 2192 982 2224 dubitemus
1015 2195 1091 2233 quin
1116 2205 1151 2225 re

199 2238 269 2277 ipsa
298 2248 355 2267 nos
387 2237 481 2267 faciat
510 2236 648 2275 experiri
679 2235 762 2275 quod
795 2246 852 2275 per
883 2235 1070 2275 prophetam
1104 2242 1153 2269 est

198 2279 368 2320 pollicitus,
400 2280 466 2309 fore
489 2284 525 2309 ut
548 2288 640 2309 arcus
663 2283 815 2316 conterat,
845 2283 877 2308 et
898 2279 1078 2319 confringat
1101 2291 1151 2311 ar-

198 2333 262 2362 ma,
285 2328 317 2352 et
339 2328 429 2352 scuta
452 2320 618 2352 comburat
636 2320 721 2361 igni:
746 2321 823 2360 quin
844 2321 940 2352 etiam
959 2321 1028 2361 ipsa
1040 2333 1150 2362 regum
1179 2338 1180 2348 κ

198 2364 295 2396 corda
317 2364 459 2395 inflectat
481 2370 514 2394 et
536 2369 664 2400 terreat,
695 2373 794 2403 quum
825 2363 915 2394 nobis
944 2375 1057 2396 nocere
1087 2376 1152 2396 mo-

199 2408 334 2438 lientur:
367 2407 532 2446 nostrique
563 2406 764 2444 misereatur,
794 2410 826 2436 et
854 2412 986 2446 paterna
1013 2407 1150 2439 benevo-

197 2450 301 2482 lentia
323 2449 563 2489 complectatur,
587 2455 618 2479 et
642 2450 725 2480 vires
747 2449 842 2479 etiam
863 2448 902 2480 ad
925 2448 1065 2481 hostium
1084 2451 1150 2482 vim

198 2491 451 2534 propulsandam
485 2492 680 2531 suppeditet:
715 2490 851 2532 denique
884 2492 950 2522 fore
981 2492 1023 2523 ut‘
1051 2493 1078 2524 si
1111 2493 1150 2524 ad

197 2536 311 2567 mortis
334 2535 433 2565 limen
458 2535 651 2571 venerimus,
675 2539 707 2565 et
730 2533 768 2564 de
791 2534 882 2565 nobis
904 2535 946 2565 sit
968 2536 1149 2568 conclama·

198 2583 268 2609 tum
303 2578 393 2617 quasi
424 2577 485 2607 iam
517 2577 692 2616 desperatis
726 2576 830 2615 rebus,
864 2582 928 2608 tam
962 2577 1151 2611 miraculose

198 2620 321 2657 liberet,
345 2625 381 2651 ut
402 2630 437 2651 re
460 2620 529 2659 ipsa
553 2619 681 2650 tandem
704 2620 909 2660 experiamur
931 2630 1038 2652 veram
1061 2621 1151 2653 illam

297 2671 406 2698 Calvini
422 2679 506 2703 opera
552 2670 612 2696 Vol.
627 2670 723 2696 XXX.

1215 285 1284 306 esse
1307 276 1487 316 scripturae
1510 289 1618 310 sacrae
1643 289 1761 317 vocem,
1790 284 1822 310 ct
1852 289 1917 310 non
1941 279 2070 311 inanem
2094 281 2174 312 titu-

1215 318 1292 355 lum,
1316 329 1414 358 quum
1434 319 1523 350 Deus
1547 322 1743 352 exercituum
1768 322 1962 359 nominatur,
1985 328 2018 354 et
2042 334 2103 354 non
2128 329 2175 355 te-

1216 371 1303 391 mere
1333 372 1351 392 a
1381 361 1510 392 Davidc
1539 364 1694 402 prolatam
1733 366 1827 395 istam
1861 375 1930 395 esse
1964 367 2172 405 sententiam,

1217 403 1335 434 bellum
1367 414 1436 434 esso
1466 404 1607 436 Domini.
1659 406 1767 445 Quare
1802 418 1842 437 ne
1876 407 2060 438 dubitemus
2093 409 2173 448 quin

1216 446 1306 476 Deus
1330 447 1485 476 auxilium
1509 448 1589 479 serat
1615 449 1704 480 nobis
1727 456 1907 489 opportuno
1930 456 2083 490 tempore,
2108 462 2173 482 non

1216 494 1342 519 tantum
1365 488 1519 520 adversus
1543 491 1729 522 (ioli-athrim
1760 493 1953 532 quempiam,
1986 493 2041 523 sed
2072 494 2171 525 etiam

1215 541 1381 570 speremus
1403 542 1475 562 cum
1499 533 1650 572 quidquid
1676 535 1765 565 nobis
1788 535 2012 565 adversabitur
2035 535 2173 567 debella·

1216 580 1325 604 turum
1349 579 1381 604 et
1403 574 1651 612 destructurum,
1676 578 1735 607 etsi
1760 578 1900 617 potentia
1921 578 2042 609 invicta
2060 578 2171 610 videa-

1216 621 1277 646 tur.
1324 615 1602 655 Quemadmodum
1635 619 1686 650 hic
1718 620 1861 650 videmus
1890 620 2085 651 Philistaeos
2110 632 2171 652 nu-

1216 659 1468 689 merosissimum
1492 661 1668 691 exercitum
1700 662 1858 699 habuisse,
1891 669 1922 693 et
1952 663 2100 693 omnibus
2131 663 2171 695 ad

1216 701 1336 732 bellum
1350 702 1537 733 necessariis
1555 704 1820 735 instructissimos
1840 705 1953 735 fuisse:
1977 706 2054 745 quin
2074 706 2172 737 ctiam

1214 754 1308 784 saepe
1332 744 1370 775 de
1394 745 1512 784 populo
1536 745 1660 777 iudaice
1682 747 1846 777 victoriam
1867 754 1960 778 antea
1978 754 2171 788 reportasse,

1214 792 1247 817 et
1269 793 1375 817 tamen
1400 792 1561 818 momento
1585 789 1683 819 factos
1707 789 1882 827 debiliores,
1907 796 1938 820 et
1956 801 2064 822 caesos
2082 791 2173 831 fuga-

1215 834 1334 869 tosque,
1360 840 1396 860 ac
1415 840 1533 869 magna
1552 831 1767 862 internecione
1781 832 1899 863 deletos
1920 833 2025 864 fuisse.
2060 832 2169 864 David

1213 882 1290 912 ergo
1324 873 1517 903 sententiam
1551 873 1639 904 illam
1673 875 1824 913 protulit,
1866 885 1928 905 non
1969 882 2094 906 tantum
2130 876 2171 907 ad

1214 925 1364 954 praesens
1388 915 1517 953 bellum,
1549 916 1603 947 sed
1635 917 1729 947 etiam
1754 916 1793 947 ad
1819 917 2002 948 universam
2026 919 2171 950 omnium

1213 958 1411 988 saeculorum
1436 958 1602 989 ecclesiam
1626 959 1850 998 pertinentem.
1898 959 1951 991 Sic
1977 961 2057 991 solet
2080 960 2172 992 Deus

1211 1010 1265 1031 eos
1288 1001 1342 1040 qui
1365 1000 1428 1030 iam
1451 1002 1546 1031 morti
1570 1007 1663 1031 erant
1686 1002 1847 1038 destinati,
1872 1008 1903 1033 et
1926 1013 2006 1042 quos
2030 1004 2172 1043 undique

1211 1053 1311 1082 pavor
1340 1043 1567 1081 circumdabat,
1591 1043 1736 1082 liberare,
1768 1049 1800 1075 et
1830 1051 2036 1084 tempestates
2059 1056 2170 1078 omnes

1212 1085 1366 1116 adversus
1390 1096 1464 1117 suos
1489 1094 1612 1117 coortas
1635 1087 1746 1118 sedare
1771 1093 1800 1117 et
1829 1087 1998 1127 dissipare:
2029 1099 2090 1127 quo
2113 1089 2171 1119 fiat

1211 1128 1279 1158 eius
1303 1129 1446 1168 potentia
1469 1135 1500 1159 et
1525 1129 1626 1159 virtus
1651 1130 1739 1161 nobis
1763 1131 1971 1169 conspectior,
2009 1141 2071 1170 qua
2094 1130 2171 1162 freti

1211 1181 1272 1201 non
1302 1170 1484 1202 dubitemus
1514 1172 1590 1211 quin
1622 1182 1733 1203 omnes
1767 1172 1939 1203 adversum
1973 1183 2030 1203 nos
2060 1174 2170 1204 insur-

1183 1234 1184 1255 ἢ
1210 1219 1323 1253 gentes
1348 1214 1455 1244 hostes
1479 1219 1668 1254 compescat,
1699 1225 1872 1254 eorumque
1901 1216 2034 1246 consilia
2062 1222 2093 1246 et
2115 1226 2168 1247 co-

1210 1262 1303 1287 natus
1326 1256 1462 1295 frangat.
1498 1258 1544 1288 Ac
1566 1257 1639 1288 licet
1662 1257 1709 1288 illi
1728 1257 1793 1288 solo
1816 1258 1969 1297 adspectu
1992 1268 2050 1289 nos
2073 1263 2169 1290 antea

1210 1348 1240 1372 et
1263 1342 1342 1382 ipsis
1366 1341 1535 1373 resistendi
1567 1342 1673 1373 nullae
1705 1344 1789 1373 vires
1812 1353 1882 1373 esse
1905 1343 1997 1374 nobis
2022 1343 2170 1374 videren-

1210 1390 1272 1420 tur,
1295 1395 1335 1415 nc
1359 1389 1465 1415 tamen
1486 1386 1629 1415 animum
1650 1385 1912 1425 despondeamus,
1934 1397 2036 1425 neque
2049 1396 2172 1425 pavore

1210 1427 1413 1458 deficiamus:
1438 1427 1492 1458 sed
1518 1428 1622 1466 potius
1647 1438 1743 1458 novas
1766 1428 1798 1458 in
1814 1427 1953 1458 Domino
1977 1429 2061 1459 vires
2085 1429 2169 1460 acci-

1211 1470 1350 1509 piamus:
1375 1476 1461 1501 certo
1485 1470 1630 1509 persuasi
1657 1471 1760 1501 Deum
1786 1471 1875 1501 nobis
1907 1470 2105 1509 adfuturum,
2136 1476 2169 1503 et

1209 1513 1242 1542 in
1267 1513 1426 1552 angustiis
1448 1518 1628 1552 opportuno
1653 1518 1797 1553 tempore
1821 1513 1979 1543 auxilium
2004 1513 2166 1551 daturum,

1209 1561 1241 1585 et
1270 1566 1335 1585 non
1366 1555 1467 1586 solum
1499 1566 1579 1595 quae
1610 1555 1649 1586 ad
1679 1556 1760 1587 hauc
1790 1557 1888 1585 vitam
1921 1562 2074 1595 spectant,
2111 1556 2167 1588 sed

1210 1599 1307 1628 etiam
1341 1608 1422 1637 quae
1455 1597 1495 1628 ad
1530 1604 1692 1629 aeternam
1727 1598 1879 1632 salutem.
1916 1599 2166 1638 praestiturum:

1210 1640 1348 1671 hostium
1380 1640 1516 1681 denique
1547 1641 1632 1671 vires
1662 1641 1846 1678 fracturum,
1877 1647 1908 1671 et
1935 1642 2102 1672 victoriam
2127 1641 2167 1673 de

1208 1683 1286 1722 ipsis
1310 1683 1471 1714 daturum.
1518 1685 1564 1714 Ac
1589 1684 1721 1723 proinde
1752 1684 1824 1714 licet
1848 1683 1915 1723 ipse
1940 1684 2086 1715 diabolus
2109 1684 2166 1714 ad·-

1210 1736 1340 1756 versum
1363 1737 1420 1757 nos
1443 1733 1538 1766 caput
1562 1736 1635 1756 cum
1658 1727 1724 1757 suis
1747 1726 1937 1757 satellitibus
1957 1727 2078 1763 efferat,
2097 1726 2164 1758 fore

1209 1775 1316 1799 tamen
1347 1774 1384 1799 ut
1413 1779 1487 1799 eum
1512 1769 1600 1799 Deus
1623 1774 1776 1806 conterat,
1807 1775 1838 1799 et
1860 1769 1893 1798 in
1918 1769 2019 1808 ipsam
2044 1770 2167 1800 infero-

1208 1821 1280 1842 rum
1310 1810 1461 1852 abyssum
1494 1811 1654 1842 detrudat.
1710 1812 1836 1842 Fractis
1870 1822 1946 1842 vero
1980 1817 2164 1843 nostrorum

1208 1853 1347 1885 hostium
1372 1854 1504 1891 viribus,
1536 1854 1777 1885 meminerimus
1801 1854 1908 1885 deberi
1932 1865 1949 1885 a
1973 1854 2065 1885 nobis
2088 1865 2163 1895 gra-

1209 1897 1325 1927 tiarum
1355 1898 1512 1927 actionem
1543 1896 1623 1933 Deo,
1656 1897 1737 1936 quod
1769 1897 1807 1927 ad
1839 1907 1895 1927 nos
1925 1897 2165 1929 conservandos

1208 1939 1349 1970 hostium
1373 1940 1479 1979 capita
1503 1940 1644 1979 fregerit,
1674 1946 1705 1970 et
1728 1950 1844 1980 magna
1868 1940 2086 1971 internecione
2110 1940 2165 1971 de-

1207 1982 1332 2013 leverit.
1379 1982 1499 2014 Contra
1532 1992 1605 2012 vcro
1636 1982 1694 2013 nisi
1730 1982 1800 2013 Dco
1830 1981 2041 2012 exhibeamus
2070 1982 2164 2014 illum

1207 2025 1372 2065 honorem,
1408 2032 1442 2056 ut
1471 2025 1621 2055 fiduciam
1652 2025 1685 2055 in
1717 2025 1768 2055 illo
1799 2031 1926 2055 nostrae
1957 2025 2071 2056 salutis
2095 2026 2166 2057 eius

1206 2068 1278 2098 freti
1310 2068 1576 2107 promissionibus
1607 2067 1809 2107 collocemus,
1840 2068 1978 2106 profecto
2008 2067 2091 2098 nihil
2114 2078 2166 2099 re-

1207 2111 1326 2150 petitae
1355 2121 1465 2151 prcces
1494 2120 1550 2141 nos
1573 2110 1724 2149 iuverint⁷
1748 2110 2004 2149 quandoquidem
2030 2116 2166 2142 externo

1207 2153 1312 2192 potius
1344 2154 1409 2184 ritu
1439 2163 1534 2193 quam
1567 2153 1673 2183 animo
1704 2154 1826 2183 sincero
1849 2152 1938 2183 illum
1963 2153 2166 2184 invocaveri—

1207 2205 1295 2226 mus:
1320 2195 1374 2226 ubi
1397 2196 1482 2227 enim
1507 2200 1556 2226 cst
1579 2194 1768 2231 diffidentia,
1793 2195 1835 2225 ibi
1859 2205 1922 2225 non
1947 2202 1994 2226 est
2017 2197 2164 2227 sincerus

1206 2238 1323 2275 cultus,
1354 2245 1386 2269 et
1415 2239 1522 2278 potius
1556 2239 1642 2268 Deus
1672 2238 1819 2268 irritatur
1849 2248 1942 2277 quam
1979 2238 2165 2271 advocatur.

1206 2281 1300 2312 Unde
1323 2281 1423 2321 igitur
1446 2281 1635 2321 plerumque
1665 2280 1787 2316 accidit,
1818 2287 1852 2311 ut
1882 2291 1945 2310 nou
1968 2280 2071 2311 solum
2096 2292 2162 2312 om-

1207 2324 1300 2355 nibus
1342 2324 1491 2354 humanis
1523 2323 1689 2363 praesidiis
1723 2323 1943 2359 destituamur,
1977 2323 2031 2354 sed
2066 2327 2163 2356 etiam

1206 2366 1310 2397 Deum
1335 2367 1439 2406 ipsum
1459 2377 1516 2406 pro
1535 2365 1724 2396 auxiliatore
1744 2365 1964 2396 adversarium
1978 2365 2163 2405 habeamus,

1205 2414 1236 2439 et
1266 2419 1324 2439 nos
1355 2410 1387 2439 in
1419 2409 1559 2439 hostium
1589 2418 1704 2438 manus
1735 2408 1847 2442 tradat.
1878 2408 1941 2438 nisi
1971 2408 2053 2447 quod
2079 2409 2164 2441 diffi-

1205 2452 1315 2482 dentia
1339 2462 1395 2482 nos
1418 2451 1531 2481 dubios
1554 2456 1586 2480 et
1609 2451 1706 2480 animi
1731 2449 1922 2481 fluctuantes
1941 2450 2026 2487 facit,
2050 2458 2080 2482 et
2104 2463 2163 2492 pro

1204 2495 1290 2525 veris
1312 2494 1458 2533 precibus
1481 2494 1593 2524 inanes
1613 2498 1736 2523 tantum
1759 2493 2069 2525 demurmurationes
2088 2505 2161 2534 pro-

1204 2537 1274 2574 fert,
1298 2536 1414 2576 quibus
1445 2536 1574 2566 divinae
1603 2536 1755 2566 bonitatis
1786 2541 2022 2575 contemptores
2047 2536 2160 2577 depre-

1205 2578 1408 2611 hendamur?
1454 2578 1541 2608 Vera
1565 2584 1670 2608 autem
1695 2578 1773 2609 fides
1797 2589 1866 2608 eam
1890 2579 1922 2608 in
1948 2578 2038 2610 nobis
2062 2580 2162 2612 auda-

1204 2623 1285 2654 ciam
1320 2626 1454 2663 generat
1486 2621 1584 2652 verbo
1610 2620 1669 2651 Dei
1704 2621 1736 2651 in
1771 2621 1863 2652 nobis
1893 2622 2047 2661 genitam,
2077 2633 2160 2663 quae
