2551 3044
403 219 462 251 551

1244 219 1442 266 Ηριιιιιιιι
1465 220 1555 264 xm.

2329 219 2391 252 552

408 314 610 387 Botissimum
642 324 701 344 usa
733 319 781 343 est
809 314 1005 345 rationibus:
1036 323 1172 353 quarum
1195 314 1284 354 prior
1307 314 1375 351 fuit,
1400 331 1402 344 t
1427 316 1460 347 in
1486 315 1567 346 banc
1588 322 1643 344 aut
1666 313 1755 344 illam
1779 319 1905 353 partem
1929 313 2132 351 inclinemus,
2155 319 2187 344 et
2199 314 2292 345 vanis
2309 314 2389 346 effu-

443 355 569 386 avidem
605 355 689 386 bella
724 354 859 387 Domini
892 364 1057 396 gerentem
1091 356 1206 388 bonam
1246 367 1375 388 causam

409 398 510 434 tueri,
543 408 579 429 ac
611 398 745 438 proinde
780 408 945 439 nunquam
981 398 1220 431 destituendum
1256 399 1402 431 auxilie*

409 440 553 476 Domini,
579 452 596 471 a
617 452 680 481 quo
704 441 828 472 felicem
848 452 957 472 rerum
978 443 1121 472 omnium
1141 449 1293 474 eventum
1308 454 1376 483 spe-

408 494 481 515 rare
513 483 620 514 debet:
653 484 755 515 altera
790 494 875 521 vcro,
907 484 1067 516 Davidem
1101 483 1215 516 bonam
1246 495 1375 517 eausam

408 527 489 558 bene
510 532 671 566 agentem,
696 526 815 566 duplici
839 527 935 558 etiam
960 528 1066 567 gratia
1082 527 1216 558 Domini
1235 529 1374 560 afficien-

409 568 496 600 dum.
522 569 572 600 Ex
598 569 714 609 quibus
739 569 826 600 utilis
851 570 943 600 nobis
967 569 1112 602 doctrina
1125 570 1376 619 colligendaest.

408 612 451 643 Et
482 613 515 642 in
551 612 679 652 primis,
714 622 768 643 cos
803 612 855 652 qui
897 612 1018 653 aliquid
1054 613 1163 661 magni
1197 615 1375 654 suscipiunt

409 660 556 695 oportere
577 654 615 685 de
635 666 692 686 sua
706 656 872 687 vocatione
892 661 997 686 certos
1017 667 1095 692 esse,
1119 656 1145 686 si
1159 655 1265 687 Deum
1285 657 1375 686 adiu-

409 704 511 728 torem
537 697 654 728 habere
677 698 810 728 v201uut
834 706 865 729 ct
885 698 966 729 nihil
986 707 1106 730 temere
1125 699 1296 739 suscipere
1321 698 1375 729 sed

408 738 480 772 Deo
494 750 729 771 caus-uusuam
755 741 902 781 probare.
928 740 1040 780 Quare
1063 742 1148 783 agite
1174 743 1273 773 vitam
1293 742 1376 781 quis-

409 794 470 824 que
494 783 539 814 sio
563 783 721 820 instituat,
755 790 789 814 ut
821 783 903 814 nihil
936 791 1057 815 temere
1079 783 1243 824 suscipiat,
1275 794 1376 824 neque

409 825 492 867 quod
519 826 616 856 libido
641 825 821 863 dictaverit,
845 827 900 858 sed
925 826 1011 867 quod
1030 826 1120 858 Deus
1141 828 1303 867 praecipit,
1327 838 1375 857 se-

409 875 536 909 quatur.
577 868 659 899 Nam
686 879 782 909 saepe
807 869 889 901 mira
913 869 971 900 sibi
997 869 1144 901 homines
1168 872 1297 909 fingunt
1320 880 1377 900 sua

407 913 491 943 facta
515 911 641 942 laudari
666 913 844 951 cupientes,
879 919 912 943 et
935 913 1002 944 suis
1025 912 1204 944 rationibus
1229 913 1376 943 nitentes.

407 954 451 985 Et
474 964 553 986 sane
585 953 810 994 expendamus
835 954 996 995 Abigailis
1027 966 1122 987 voces
1153 956 1232 992 illas,
1264 955 1378 995 quibus

408 995 569 1028 Davidem
602 998 647 1028 ait
678 997 762 1028 bella
786 996 919 1029 Domini
951 1009 1072 1039 gerere,
1105 998 1219 1030 melius
1250 1010 1290 1028 cx
1314 998 1378 1028 illis

408 1039 586 1080 apparebit,
612 1051 675 1070 non
690 1040 754 1071 alia
768 1040 890 1072 ratione
909 1051 1002 1081 posse
1016 1041 1141 1081 probari
1164 1042 1246 1072 sacta
1259 1047 1377 1078 nostra,

407 1093 503 1123 quam
528 1083 553 1113 si
580 1082 637 1114 hoc
662 1082 875 1114 fundamento
899 1084 1055 1122 nitantur,
1081 1084 1141 1114 Dei
1163 1084 1323 1114 voluntati
1347 1089 1379 1114 et

407 1126 606 1157 ordinationi
632 1136 694 1156 non
721 1136 790 1157 esse
814 1127 987 1158 contraria.
1011 1127 1065 1158 sed
1091 1127 1128 1157 ad
1150 1127 1250 1166 ipsius
1270 1127 1378 1158 decre-

408 1175 479 1199 tum
504 1169 599 1208 exigi.
638 1169 815 1199 Praeterea
840 1169 1027 1205 tenendum,
1057 1180 1109 1199 cos
1131 1170 1185 1209 qui
1209 1179 1285 1200 vere
1309 1180 1381 1209 pro-

409 1212 493 1243 fiteri
531 1218 664 1251 possunt
699 1222 732 1242 se
764 1212 834 1242 Deo
869 1211 950 1243 duce
983 1212 1136 1251 quidquid
1168 1217 1380 1252 susceperunt

410 1264 582 1295 aggressos
606 1265 685 1292 esse,
717 1259 750 1285 et
773 1265 877 1294 neque
908 1255 946 1285 ad
973 1255 1120 1285 dextram
1145 1266 1250 1295 neque
1274 1255 1312 1286 ad
1338 1255 1379 1286 si-

409 1298 544 1328 nistram
565 1296 764 1328 deflexissea
778 1297 832 1328 via
851 1308 946 1337 quam
972 1297 1168 1337 praescribit,
1195 1299 1267 1329 licet
1281 1298 1380 1328 variis

410 1339 658 1379 tempestatibus
683 1340 856 1380 agitentur,
888 1340 1014 1371 felicem
1040 1340 1252 1371 nihilominus
1275 1341 1378 1372 consi—

411 1383 528 1414 liorum
552 1386 585 1413 et
609 1382 766 1413 factorum
803 1382 926 1413 exitum
952 1383 1129 1414 habituros.

411 1436 482 1457 csse
505 1434 634 1457 causam
660 1435 724 1456 non
748 1426 878 1463 sufficit,
903 1436 993 1457 suam
1019 1426 1153 1457 eandem
1178 1426 1275 1457 etiam
1300 1426 1382 1457 bene

410 1469 462 1509 agi
487 1473 623 1508 oportet.
665 1467 749 1498 Nam
775 1467 946 1508 plerosque
978 1468 1087 1500 videas
1110 1469 1227 1500 bonam
1251 1468 1380 1509 quidem

409 1516 621 1550 sanctamque
656 1520 788 1542 causam
820 1510 1008 1543 defendere:
1043 1511 1100 1543 sed
1136 1518 1243 1542 tamen
1279 1512 1380 1551 impa-

410 1553 527 1585 tientia
551 1553 645 1585 modo
668 1553 701 1584 in
727 1553 820 1591 hanc,
844 1553 939 1585 modo
964 1555 997 1585 in
1027 1553 1115 1585 illam
1147 1559 1273 1595 partem
1304 1554 1380 1586 ferri

411 1602 443 1628 et
467 1595 597 1637 quidem
628 1596 818 1636 plerumque
849 1596 882 1628 in
912 1597 998 1628 istud
1030 1597 1144 1628 vitium
1169 1596 1231 1628 Dei
1255 1597 1313 1629 filii
1336 1597 1380 1629 la·
1407 1600 1409 1609 ¹

410 1639 550 1671 buntur:
575 1639 835 1679 quandoquidem
859 1639 954 1670 facile
975 1645 1025 1671 est
1048 1645 1141 1671 extra
1163 1640 1283 1672 limites
1307 1641 1382 1671 ferri

409 1687 441 1715 ct
465 1682 586 1722 vagari.
629 1681 854 1721 Quamobrem
878 1681 985 1713 danda
1009 1683 1114 1714 omnis
1136 1693 1235 1724 opera
1257 1689 1315 1720 est,
1346 1688 1382 1714 ιιι

408 1727 434 1757 si
459 1724 542 1765 quod
557 1724 647 1756 Deus
671 1725 838 1765 praecepit
861 1725 1072 1766 suscepimus,
1096 1726 1196 1757 etiam
1216 1725 1286 1758 Deo
1309 1737 1382 1766 pro-

407 1768 493 1803 batis
518 1767 698 1798 rationibus
723 1773 756 1798 et
779 1767 894 1799 mediis
918 1767 998 1799 illud
1023 1779 1265 1809 persequamur,
1289 1775 1321 1800 et
1345 1779 1383 1800 ne

410 1811 549 1851 quodam
574 1810 729 1842 bonitatis
759 1821 874 1842 causae
906 1816 1078 1851 praetextu
1108 1811 1263 1852 quidquid
1286 1811 1384 1843 libido

410 1853 581 1886 dictaverit
606 1863 798 1893 sequamur:
831 1853 886 1885 sed
910 1853 988 1894 quid
1013 1853 1107 1886 liceat
1131 1865 1258 1895 semper
1283 1855 1384 1886 intue-

408 1907 514 1928 amur.
563 1895 630 1928 Sed
649 1896 753 1937 igitur
776 1896 944 1937 infigenda
967 1897 1029 1928 ista
1052 1897 1174 1929 nostris
1198 1898 1323 1936 animis,
1354 1902 1385 1928 et

410 1939 566 1980 quamdiu
587 1940 655 1970 vita
679 1944 845 1979 superstes
869 1940 929 1970 erit
954 1939 1149 1978 meditanda,
1176 1939 1328 1981 Deusque
1352 1941 1384 1971 in

414 1982 571 2014 omnibus
597 1982 716 2013 nostris
742 1981 992 2014 difficultatibus
1016 1983 1229 2015 invocandus:
1254 1994 1386 2024 speran—

412 2025 554 2066 dumque
578 2025 684 2065 ipsum
717 2025 748 2055 in
773 2025 922 2056 omnibus
952 2026 1112 2066 angustiis
1143 2025 1232 2058 nobis
1256 2026 1385 2057 adfutu-

413 2079 497 2107 rum,
521 2072 553 2099 et
572 2077 784 2108 quaecunque
804 2068 987 2100 necessaria
1006 2067 1046 2099 ad
1060 2069 1218 2100 auxilium
1239 2074 1384 2100 nostrum

413 2111 544 2148 fuerint,
565 2110 866 2150 suppeditaturum:
891 2110 1165 2151 quemadmodum
1187 2120 1217 2143 et
1229 2111 1386 2153 propheta

414 2155 511 2192 canit,
542 2153 650 2184 Deum
682 2153 808 2194 angelis
839 2154 905 2185 suis
928 2153 1100 2186 mandasse
1123 2159 1161 2186 ut
1184 2154 1386 2186 ambulantes

414 2199 448 2229 in
473 2197 535 2229 viis
556 2196 691 2228 Domini
710 2196 907 2235 custodiant,
931 2203 964 2228 et
982 2198 1134 2229 manibus
1158 2198 1224 2229 suis
1248 2202 1386 2239 portent,

415 2252 452 2273 ac
482 2246 647 2279 tueantur,
679 2250 719 2270 ne
751 2240 835 2271 forto
859 2239 899 2271 ad
929 2240 1070 2280 lapidem
1100 2240 1276 2272 offendant.
1321 2240 1385 2272 Ubi

415 2282 658 2316 observandum
690 2281 794 2313 iuberi
825 2293 987 2323 quemque
1016 2283 1049 2314 in
1075 2283 1135 2315 viis
1167 2285 1243 2322 suis,
1272 2283 1306 2314 id
1329 2287 1387 2321 est,

415 2327 477 2358 viis
499 2336 579 2366 quas
602 2326 670 2366 ipse
690 2324 852 2357 Dominus
865 2326 1085 2374 praescripsit,
1109 2326 1292 2358 ambulare:
1316 2326 1386 2366 qui-

415 2369 477 2402 bus
501 2368 608 2400 verbis
632 2379 669 2399 ea
693 2367 732 2399 de
757 2369 875 2408 quibus
898 2369 1049 2408 superius
1068 2370 1194 2409 egimus
1216 2369 1385 2401 continen-

417 2418 480 2450 tur,
505 2417 542 2443 ut
565 2411 720 2442 nimirum
745 2410 932 2442 obediamus
952 2410 1033 2450 Deo,
1057 2412 1203 2453 nihilque
1222 2417 1344 2444 temere
1355 2415 1388 2443 et

417 2455 657 2487 inconsiderate
670 2454 904 2494 suscipiamus:
928 2460 959 2485 et
983 2461 1153 2495 propterea
1174 2460 1220 2493 ut,
1243 2455 1319 2487 licet
1341 2464 1388 2486 se-

419 2497 559 2530 cundum
586 2497 790 2528 vocationem
814 2497 948 2528 Domini
973 2497 1168 2536 incedamus,
1192 2498 1266 2530 licet
1288 2497 1388 2528 variis

420 2540 654 2572 tentationibus
677 2539 890 2571 sollicitemur
913 2539 952 2570 ad
977 2540 1110 2578 malum,
1135 2546 1243 2572 tamen
1267 2539 1388 2572 affecti-

420 2584 479 2616 bus
498 2583 619 2615 nostris
631 2582 802 2614 fraenum
794 2583 989 2621 miiciamus,
1005 2587 1038 2614 et
1054 2583 1099 2614 ita
1117 2594 1175 2615 nos
1191 2593 1342 2632 geramus
1354 2586 1389 2613 ut

420 2637 498 2658 vere
520 2626 582 2657 dioi
605 2625 707 2666 possit
730 2624 809 2656 nihil
835 2625 913 2656 mali
935 2624 1050 2657 diebus
1069 2627 1189 2658 nostris
1206 2626 1388 2667 contigisse,

421 2669 454 2700 id
477 2674 527 2701 est
545 2669 590 2700 sic
610 2679 669 2700 nos
692 2668 779 2700 intra
799 2668 919 2700 limites
931 2668 1166 2707 contineamus,
1187 2680 1226 2701 ne
1248 2678 1389 2709 unquam

1175 1383 1240 1415 Sed
1265 1384 1379 1415 bonam
1406 1407 1407 1411 ,

1427 359 1489 399 giis
1514 358 1595 388 tacta
1620 357 1702 386 tueri
1726 356 1876 388 velimus.
1900 356 2051 387 Difficilis
2071 357 2157 387 enim
2182 362 2229 388 est
2252 357 2286 387 ιιι
2309 356 2391 388 bono

1427 410 1540 441 persev
1545 400 1679 434 orantia,
1703 404 1735 430 et
1758 399 1859 430 facilis
1884 398 1922 429 ad
1943 398 2102 438 quaelibet
2121 399 2253 430 consilia
2273 399 2390 439 lapsus.

1400 472 1402 477 ,
1428 443 1536 491 Quare
1560 452 1597 472 eo
1621 442 1725 482 magis
1748 441 1959 473 laborandum
1992 447 2040 472 est
2059 448 2094 472 ut
2117 441 2176 473 sub
2199 441 2262 472 Dei
2285 443 2391 482 auspi-

1401 522 1403 528 Α
1427 488 1483 518 ciis
1507 485 1693 521 militemus,
1715 489 1748 516 et
1771 484 1852 515 nibil
1880 485 1941 515 nisi
1965 483 2110 515 consulto
2129 490 2160 515 et
2179 484 2330 516 iubente
2322 495 2392 524 ipso

1428 528 1592 562 faciamus.
1617 534 1650 558 et
1674 527 1852 559 voluntatis
1872 527 1973 567 ipsius
1996 526 2186 558 firmissima
2209 527 2393 559 testimonia

1429 571 1612 602 habeamus

1513 613 1659 652 l'ergens
1681 620 1788 643 autem
1811 611 1937 653 Abigail
1962 612 2000 642 ad
2023 614 2202 643 sententiae
2221 623 2298 644 suae
2321 623 2393 644 con-

1428 655 1644 687 firmationem
1675 656 1799 686 adiicit:
1837 656 1872 686 ,Si
1908 655 1989 686 enim
2019 656 2189 686 surrererit
2222 655 2393 695 aliquando

1427 699 1514 729 homo
1539 708 1727 737 persequens
1757 701 1784 728 le
1811 700 1836 728 et
1865 708 2015 737 quaerens
2044 699 2182 729 animam
2210 701 2305 737 tuam,
2336 699 2392 730 erit

1427 742 1533 773 anima
1559 740 1680 772 domini
1699 741 1757 771 mei
1781 741 1929 771 custodita
1953 742 2046 780 quusi
2071 741 2102 771 in
2123 741 2274 779 fasciculo
2292 742 2392 772 viven-

1427 785 1507 815 tium
1529 784 1614 823 apud
1638 783 1808 815 Dominum
1821 783 1923 814 Deum
1941 786 2036 814 tuum.
2063 783 2284 815 Similitudine
2296 794 2392 824 porro

1402 861 1403 865 Ἰ
1429 827 1542 864 utitur,
1571 837 1654 866 quae
1678 825 1788 857 durior
1811 825 1903 857 nobis
1926 826 2030 857 videri
2053 827 2168 857 merito
2190 832 2307 867 posset,
2337 826 2394 858 sed

1429 880 1512 910 quae
1536 874 1644 900 tamen
1667 868 1748 900 nihil
1772 869 1978 900 obscuritatis
2000 870 2031 899 in
2051 879 2085 900 se
2109 869 2216 902 habet.
2239 879 2339 909 quum
2352 869 2398 900 ait

1430 913 1571 944 animam
1596 911 1733 943 Davidis
1757 910 1953 943 custoditam
1977 912 2043 943 fore
2074 912 2167 951 quasi
2190 913 2222 943 in
2248 911 2397 944 fasciculo

1430 954 1515 995 apud
1540 954 1656 985 Deum.
1679 954 1744 986 Sed
1769 955 1921 994 quoniam
1946 953 2009 985 Dei
2034 954 2256 994 providentiae
2279 964 2398 986 arcana

1431 1005 1494 1028 tam
1506 997 1657 1028 sublimia
1665 1004 1751 1034 sunt,
1774 1003 1807 1028 ut
1818 1007 1854 1028 ea
1866 1008 1928 1028 non
1938 998 2015 1028 satis
2026 997 2174 1029 sensibus
2184 999 2301 1030 nostris
2309 1008 2397 1030 asse-

1404 1072 1405 1077 ,
1431 1051 1578 1081 quamur,
1604 1039 1721 1071 idcirco
1741 1040 1900 1080 scriptura
1914 1040 2012 1071 veluti
2027 1040 2194 1072 nobiscum
2209 1040 2398 1078 balbutiens,

1430 1084 1486 1114 illa
1516 1082 1706 1123 quibusdam
1738 1083 1866 1114 usitatis
1891 1082 1974 1122 apud
2007 1094 2063 1113 nos
2093 1083 2266 1124 phrasibus
2287 1084 2397 1124 expri-

1431 1128 1500 1157 mit.
1534 1126 1589 1157 Sic
1613 1125 1742 1166 Abigai]
1767 1125 1827 1157 hoc
1858 1125 1925 1156 loco
1949 1126 2010 1156 Dei
2042 1126 2264 1166 providentiae
2287 1136 2398 1158 curam

1432 1169 1492 1200 hac
1511 1168 1725 1200 similitudine
1747 1173 1959 1208 representat,
1983 1169 2073 1208 quasi
2089 1169 2177 1200 Deus
2196 1179 2276 1208 quos
2295 1174 2399 1201 custo-

1431 1212 1477 1243 dit
1491 1211 1643 1242 fasciculo
1665 1210 1819 1248 involvat,
1840 1217 1871 1241 et
1891 1217 2044 1250 tanquam
2066 1213 2239 1251 pretiosam
2259 1211 2398 1252 aliquam

1432 1265 1593 1295 gemmam
1618 1255 1650 1284 in
1677 1253 1784 1294 aliquo
1808 1253 1938 1294 puriore
1961 1260 1993 1284 et
2010 1255 2171 1286 sanctiore
2194 1254 2264 1286 loco
2286 1264 2398 1286 recon-

1433 1298 1497 1336 dat,
1520 1308 1560 1328 ne
1583 1307 1664 1337 opus
1694 1297 1735 1328 sit
1765 1306 1919 1336 quaerere
1950 1296 2070 1328 diutius
2100 1297 2256 1328 abiectam
2287 1301 2321 1329 et
2342 1307 2399 1328 ne-

1434 1341 1582 1381 glectam.
1609 1339 1664 1371 Sic
1677 1338 1767 1370 Deus
1791 1339 1916 1370 animas
1936 1339 2110 1371 electorum
2124 1350 2256 1371 suorum
2279 1339 2399 1371 habere

1434 1383 1553 1414 dicitur
1582 1388 1737 1422 tanquam
1768 1382 1802 1412 in
1833 1382 1984 1413 fasciculo
2014 1389 2207 1423 compactae,
2237 1383 2322 1423 quod
2345 1393 2399 1414 eas

1434 1437 1492 1457 sua
1522 1425 1730 1466 providentia
1758 1430 1923 1465 protegat:
1954 1431 1986 1456 et
2015 1426 2060 1456 ita
2088 1425 2226 1457 Davidis
2255 1426 2400 1457 animam

1407 1505 1408 1510 ¹
1434 1468 1565 1509 Abigail
1579 1468 1654 1499 dicit
1666 1478 1684 1498 a
1694 1468 1764 1499 Deo
1775 1467 2018 1508 protegendam.
2042 1468 2145 1500 Porro
2158 1469 2232 1500 licet
2245 1468 2400 1500 feminam

1435 1512 1486 1543 hic
1518 1512 1700 1551 loquentem
1732 1510 1916 1549 audiamus,
1949 1510 2160 1542 nihilominus
2192 1517 2302 1543 tamen
2330 1512 2402 1543 eius

1436 1555 1583 1586 doctriua
1605 1558 1655 1585 est
1684 1559 1838 1594 tanquam
1869 1553 1909 1584 ab
1939 1553 2008 1594 ipso
2032 1554 2093 1585 Dei
2121 1554 2236 1594 spiritu
2259 1554 2403 1594 profecta

1436 1597 1627 1637 recipienda,
1651 1596 1743 1627 cuius
1763 1596 1818 1627 illa
1835 1597 1895 1627 fuit
1907 1606 2064 1636 organum
2085 1602 2118 1628 et
2137 1598 2402 1629 instrumentum.

1436 1641 1656 1680 Quamobrem
1676 1639 1894 1676 observemus,
1920 1640 2019 1670 vitam
2034 1646 2189 1679 nostram,
2214 1650 2296 1680 quae
2319 1639 2401 1671 nihil

1436 1684 1497 1714 nisi
1517 1682 1649 1723 quidam
1671 1682 1793 1713 halitus
1806 1682 1943 1720 videtur,
1967 1688 1998 1713 et
2017 1682 2120 1714 instar
2139 1693 2243 1723 aquae
2255 1683 2402 1714 diffluere

1436 1727 1533 1765 solet,
1568 1732 1676 1756 tamen
1711 1735 1781 1756 esse
1815 1725 2035 1756 firmissimam
2070 1725 2154 1765 quod
2189 1726 2258 1757 eius
2291 1735 2403 1757 curam

1436 1780 1548 1810 gerere
1573 1769 1664 1800 Deus
1687 1767 1853 1808 dignetur.
1884 1767 2009 1799 Idcirco
2033 1769 2190 1808 propheta
2213 1768 2246 1799 in
2271 1768 2404 1809 psalmis

1436 1812 1521 1844 canit
1546 1812 1607 1842 Dei
1631 1810 1885 1842 misericordiam
1916 1810 2012 1850 longe
2040 1811 2309 1851 praestantiorem
2333 1821 2404 1842 esse

1436 1855 1522 1886 omni
1542 1855 1621 1886 vita.
1645 1854 1728 1885 Nam
1749 1853 1777 1885 si
1795 1853 1907 1885 multis
1926 1853 2109 1885 rationibus
2127 1854 2278 1886 instructi
2295 1853 2403 1886 videa-

1436 1908 1510 1929 mur
1533 1897 1572 1928 ad
1596 1897 1685 1928 vitae
1717 1900 1845 1928 nostrae
1875 1896 2070 1927 tutationem
2093 1897 2401 1937 protectionemque,

1437 1946 1469 1972 et
1487 1940 1520 1971 in
1544 1939 1625 1971 illud
1645 1939 1788 1971 studium
1802 1939 1885 1971 serio
1905 1938 2138 1977 incumbamus,
2161 1940 2274 1971 irritus
2297 1944 2406 1971 tamen

1437 1989 1468 2015 et
1492 1983 1596 2014 inanis
1619 1982 1674 2014 ille
1697 1983 1826 2014 futurus
1849 1987 1897 2013 est
1920 1982 2019 2018 labor,
2051 1983 2112 2014 nisi
2135 1981 2227 2015 Deus
2255 1982 2324 2024 ipse
2347 1992 2406 2014 nos

1437 2025 1612 2058 custodiat:
1637 2025 1692 2057 sed
1712 2035 1812 2065 quum
1834 2035 1892 2056 nos
1911 2035 1980 2056 esse
1997 2024 2068 2056 Deo
2085 2036 2192 2065 curae,
2216 2030 2249 2057 et
2259 2024 2404 2065 quando-

1438 2068 1567 2109 quidem
1590 2079 1649 2100 nos
1673 2069 1706 2099 in
1731 2070 1790 2100 hoc
1809 2067 1931 2099 mundo
1955 2067 2133 2105 collocavit,
2156 2068 2254 2100 etiam
2267 2068 2326 2100 sub
2339 2067 2406 2100 ala-

1438 2122 1511 2143 rum
1535 2122 1666 2143 suarum
1690 2111 1806 2142 umbra
1830 2111 1938 2142 fovere
1960 2111 2089 2150 scimus,
2113 2111 2213 2143 donec
2232 2121 2272 2143 ex
2295 2109 2408 2143 eodem

1438 2155 1517 2186 velit
1530 2165 1690 2192 revocare,
1712 2154 1818 2185 omnis
1841 2159 1948 2184 metus
1968 2153 2090 2185 occasio
2115 2153 2241 2186 sublata
2259 2153 2407 2186 videtur:

1438 2202 1471 2228 et
1493 2198 1625 2228 maioris
1645 2196 1792 2229 facienda
1808 2196 1865 2227 illa
1878 2196 2012 2227 Domini
2030 2196 2184 2234 custodia,
2207 2207 2303 2236 quam
2323 2196 2405 2228 aliae

1438 2251 1550 2271 omncs
1575 2241 1738 2271 humanae
1756 2246 1842 2270 artes
1861 2245 1891 2270 et
1904 2239 2099 2270 monitiones
2117 2239 2234 2279 quibus
2256 2249 2314 2271 nos
2333 2249 2406 2279 pro-

1439 2283 1504 2323 tegi
1528 2289 1763 2324 expeteremus.
1810 2282 1899 2313 Deus
1931 2283 2036 2321 itaque
2067 2282 2226 2322 singulari
2248 2292 2306 2314 nos
2328 2291 2407 2314 eura

1439 2327 1653 2366 prosequitur,
1683 2324 1942 2366 quandoquidem
1973 2328 2071 2356 amat.
2104 2325 2150 2356 Et
2172 2325 2234 2356 nisi
2264 2324 2408 2365 pretiosa

1439 2368 1485 2400 illi
1510 2368 1576 2399 vita
1599 2374 1711 2401 nostra
1735 2372 1830 2404 esset,
1854 2378 1932 2399 sane
1955 2366 2034 2399 illud
2058 2367 2248 2408 protegendi
2265 2367 2407 2399 officium

1439 2411 1500 2443 sibi
1520 2422 1583 2442 non
1596 2416 1773 2451 arrogaret.
1796 2410 1911 2450 Neque
1925 2420 2001 2442 vero
2022 2411 2142 2442 nostris
2161 2410 2286 2442 meritis
2302 2410 2407 2450 ipsius

1439 2455 1473 2485 in
1497 2464 1556 2485 nos
1587 2454 1714 2486 bonitas
1744 2458 1776 2485 et
1798 2452 2018 2484 misericordia
2048 2458 2095 2485 est
2118 2453 2316 2491 ascribenda,
2348 2452 2406 2484 sed

1440 2498 1617 2528 immensae
1637 2498 1743 2537 potius
1761 2496 1865 2537 ipsius
1885 2495 2084 2534 clementiae,
2108 2497 2161 2536 qui
2174 2506 2244 2528 sese
2256 2505 2406 2536 eousque

1440 2539 1596 2578 demittit,
1626 2546 1661 2571 ut
1692 2545 1758 2571 tam
1789 2539 1923 2571 miseros
1954 2539 2186 2571 homunciones
2215 2548 2340 2576 amare,
2374 2542 2408 2569 et

1441 2593 1500 2614 nos
1521 2582 1555 2612 in
1578 2593 1671 2614 suam
1696 2582 1840 2620 tutelam,
1865 2591 1924 2613 nos
1946 2582 2087 2621 inquam,
2112 2592 2175 2613 non
2195 2586 2324 2613 tantum
2348 2580 2406 2612 ho-

1441 2625 1638 2663 munciones,
1663 2625 1720 2657 sed
1750 2623 1950 2657 miserrimas
1979 2628 2154 2664 creaturas,
2185 2629 2291 2656 terrae
2321 2624 2405 2657 lum-

1443 2667 1556 2705 bricos,
1587 2668 1725 2700 vanitati
1755 2673 1786 2699 et
1817 2667 2016 2708 corruptioni
2046 2667 2202 2699 obnoxios
2231 2667 2404 2707 suscipere,
