2551 3044
197 211 200 215 ’
237 221 300 251 673

237 323 293 345 sus
316 313 522 345 israeliticum
546 312 697 352 populum
723 311 919 343 decertandi.
966 311 1088 342 Verum
1113 311 1198 342 enim

238 367 315 388 vero
338 357 370 387 in
384 357 487 387 Deum
501 355 651 386 fiduciam
676 354 845 385 collocasse
868 355 974 394 ipsum
998 359 1121 385 certum
1141 359 1200 392 est,

239 399 301 431 etsi
334 399 372 430 ad
409 404 534 437 tempus
567 397 732 433 laboravit,
767 407 874 436 neque
907 402 973 428 tam
1009 397 1071 428 cito
1104 407 1200 435 quam

239 446 380 481 optasset
401 451 474 471 eum
499 439 589 470 Deus
612 440 732 470 auxilio
756 450 812 470 suo
836 440 925 470 iuvit.
967 439 1201 471 Observatione

239 490 389 516 accurata
412 483 510 522 digna
532 482 594 512 ista
617 488 708 513 sunt:
738 481 896 521 siquidem
926 492 1092 521 nunquam
1124 483 1200 512 satis

239 527 417 567 cogitamus
440 530 562 564 quanta
585 525 627 555 sit
651 532 762 555 nostra
785 525 956 555 infirmitas
981 532 1011 555 et
1035 534 1131 563 quam
1155 524 1202 554 in-

239 569 405 609 digeamus
427 577 487 606 ope
510 567 630 603 divina,
664 567 725 597 nisi
758 567 791 597 in
821 578 965 598 summas
994 566 1113 598 redacti
1143 576 1200 597 an-

240 612 361 651 gustias
389 616 420 640 et
447 609 672 645 difficultates,
705 620 744 640 ex
776 609 892 650 quibus
921 609 1079 639 evadendi
1112 609 1201 639 nulla

238 653 330 685 nobis
353 657 488 692 apparet
500 652 742 692 opportunitas:
766 658 799 682 et
821 652 892 682 ideo
916 662 1011 691 saepe
1030 652 1120 682 Deus
1143 662 1201 682 nos
1227 666 1228 669 ¹

843 702 877 725 ut
912 694 1055 734 periculo
1091 691 1228 725 nostro?

238 697 272 727 in
305 697 382 726 istas
416 694 623 726 difficultates
656 695 800 730 coniicit,

238 739 413 777 sapiamus,
437 745 468 767 et
490 737 529 767 ad
552 738 658 777 ipsum
682 747 851 777 assurgere
875 737 1044 768 discamus.
1090 737 1201 775 Quare

237 781 321 811 hanc
341 780 517 811 doctrinam
539 784 716 810 recolamus
729 786 865 819 oportet,
889 785 919 810 et
934 780 1075 819 persuasi
1099 781 1201 810 simus

237 824 354 861 Deum,
377 823 437 853 etsi
452 833 510 854 nos
522 823 553 853 in
569 822 854 862 profundissimam
869 822 1019 862 abyssum
1041 822 1200 852 malorum

237 865 398 901 deiecerit,
421 876 461 896 ex
484 875 547 905 qua
572 865 663 895 nulla
686 865 780 895 detur
803 865 894 896 nobis
917 866 1101 895 humanitus
1124 875 1200 896 eva·
1226 901 1227 907 ἵ

238 908 335 939 dendi
354 908 505 947 facultas,
536 914 643 938 tamen
675 908 832 938 rationem
858 907 987 938 tandem
1011 918 1074 947 qua
1097 918 1199 938 emer-

237 961 350 991 gamus
374 950 536 981 daturum.
582 949 647 982 Sed
672 949 854 989 quomodo?
890 950 1092 981 Admiranda
1122 960 1199 981 sane

237 999 270 1024 et
310 986 629 1033 incomprehensibili
671 994 813 1023 ratione:
854 993 1113 1032 quandoquidem
1156 993 1226 1045 ita}

1252 1046 1335 1067 mus.

234 1037 406 1077 glorificari
429 1036 510 1073 vult,
534 1046 632 1075 quum
657 1041 785 1075 praeter
808 1037 1000 1075 opinionem,
1031 1043 1063 1066 et
1086 1046 1199 1067 sensus

233 1080 335 1110 nostri
370 1078 658 1119 apprehensionem
695 1078 869 1117 deploratis
905 1078 1000 1109 rebus
1039 1079 1197 1109 auxilium

222 1122 348 1153 adfert.
394 1122 553 1161 Exemplo
578 1120 715 1151 Davidis
739 1120 795 1151 fiet
818 1121 903 1151 istud
929 1122 1146 1160 conspicuum,
1171 1121 1198 1152 si

235 1165 389 1205 singulas,
413 1174 495 1204 quae
519 1164 571 1195 hic
595 1169 758 1200 notantur,
789 1165 1049 1194 circumstantias
1080 1174 1199 1203 expen-

235 1207 359 1245 damus,
382 1213 488 1238 castra
507 1206 661 1236 nimirum
675 1205 926 1237 Philistaeorum
950 1207 1061 1237 iuncta
1084 1209 1198 1238 castris

233 1250 474 1281 Israelitarum:
499 1254 531 1280 et
544 1259 613 1279 sese
635 1249 700 1279 iam
714 1255 865 1288 utrasque
879 1250 961 1280 acies
986 1248 1024 1279 ad
1039 1249 1196 1289 praelium
1223 1268 1224 1277 1

233 1301 454 1333 comparasse:
479 1302 578 1331 quum
590 1291 698 1321 David
722 1292 853 1322 consilio
873 1291 990 1323 ducum
1005 1291 1195 1323 Philistaeo-

233 1345 306 1366 rum
331 1335 480 1365 dimissus
504 1342 561 1365 est..

316 1378 381 1409 Sed
404 1378 547 1417 ipsorum
572 1377 688 1408 ducum
703 1377 786 1417 apud
802 1387 910 1417 regem
923 1378 1196 1417 conquerentium,

232 1420 317 1461 quod
348 1420 508 1451 Davidem
539 1420 589 1451 sui
619 1421 760 1460 corporis
790 1420 954 1451 custodiae
985 1420 1197 1461 praefecisset,

232 1473 328 1494 voces
351 1463 587 1503 expendamus:
624 1463 707 1502 Quid
736 1463 797 1494 sibi
824 1462 930 1493 volunt
953 1462 1089 1494 Hebraei
1118 1464 1196 1495 isti?
1223 1494 1225 1511 ἶ

231 1506 392 1546 inquiunt.
439 1506 530 1544 Quae
566 1505 718 1545 loquendi
756 1505 892 1536 formula
929 1506 1010 1535 solet
1050 1507 1197 1546 usurpari

232 1559 333 1588 quum
357 1548 516 1579 invidiose
540 1556 571 1578 et
594 1559 666 1579 cum
691 1548 855 1579 stomacho
878 1548 998 1587 aliquid
1024 1548 1117 1579 alteri
1141 1560 1192 1580 ex-

232 1591 413 1631 probratur,
438 1599 472 1621 ut
495 1591 618 1622 incolae
641 1592 830 1630 peregrinos
854 1591 957 1621 solent
982 1591 1100 1622 habere
1123 1602 1196 1622 con-

232 1635 378 1673 temptui.
424 1634 568 1664 Perinde
586 1633 672 1664 enim
697 1640 746 1664 est
767 1644 803 1664 ac
826 1634 851 1664 si
876 1633 1037 1665 dicerent:
1069 1633 1196 1665 Siccine

233 1687 308 1707 vero
332 1677 523 1717 peregrinus
546 1677 721 1716 praecipiet·
733 1676 940 1707 autoritatem
960 1684 990 1707 et
1004 1676 1194 1717 dignitatem

231 1729 313 1759 quae
335 1719 447 1750 ineolis
470 1724 501 1749 et
530 1719 654 1750 civibus
679 1719 880 1749 naturalibus
911 1718 1068 1749 debetur?
1105 1720 1195 1751 Tunc

231 1762 317 1792 enim
342 1768 476 1792 naturae
499 1761 576 1792 ordo
607 1762 747 1801 perverti
779 1761 916 1792 videtur.
962 1762 1025 1793 Hic
1053 1763 1195 1802 primum

230 1804 447 1838 observemus.
471 1803 578 1835 Deum
601 1815 660 1835 sua
683 1804 768 1834 dona
790 1804 857 1835 suis
886 1814 1052 1844 nunquam
1086 1805 1195 1836 distri-

230 1847 337 1884 buere,
370 1847 449 1886 quin
483 1847 660 1878 multorum
695 1847 837 1877 invidiae
870 1847 950 1877 fiant
984 1848 1130 1884 obnoxii,
1163 1853 1195 1879 et

230 1889 314 1929 quod
339 1900 503 1920 summum
528 1896 576 1920 est
589 1890 721 1928 malum,
745 1890 887 1920 virorum
902 1890 1094 1929 principum.
1126 1890 1194 1922 Cur

227 1933 316 1963 enim
342 1943 405 1962 non
431 1932 586 1962 universa
610 1932 784 1963 multitudo
807 1939 983 1972 conquesta
1006 1933 1077 1963 est?
1109 1933 1192 1964 Nam

228 1975 357 2006 illorum
381 1976 478 2005 etiam
502 1975 667 2012 intererat,
699 1981 731 2006 et
753 1975 873 2015 singuli
898 1975 1015 2006 milites
1045 1980 1194 2015 poterant

229 2019 296 2058 regi
322 2017 380 2048 hoc
404 2019 507 2057 ipsum
533 2018 614 2057 quod
629 2018 725 2049 duces
743 2024 774 2048 et
795 2018 958 2057 principes
981 2019 1192 2058 exprobrare:

230 2059 345 2091 Nonne
367 2071 479 2091 sumus
510 2060 630 2091 subditi
661 2061 834 2095 naturales,
866 2071 974 2091 nonne
1003 2061 1102 2092 vitam
1135 2071 1193 2101 pro

230 2103 334 2133 salute
365 2105 450 2142 regis
473 2103 676 2142 exponimus,
705 2108 738 2134 et
768 2103 905 2143 singulis
936 2104 1109 2135 momentis
1136 2115 1193 2144 pro

229 2144 331 2183 ipsius
354 2145 536 2176 defensione
560 2145 789 2186 periclitamur,
814 2157 912 2185 quare
930 2146 1031 2187 igitur
1049 2152 1192 2177 contem—

231 2186 361 2217 nimur?
393 2198 490 2227 quare
514 2189 706 2228 peregrinus
738 2189 828 2219 nobis
860 2189 1063 2228 praefertur?
1093 2200 1192 2229 quare

230 2229 291 2268 ipsi
315 2239 371 2260 rex
394 2236 590 2269 postremum
622 2241 739 2271 agmen
764 2238 795 2262 et
821 2232 870 2262 sui
901 2231 1080 2262 custodiam
1105 2242 1191 2263 com-

230 2271 356 2301 mittit?
379 2271 567 2303 Istiusmodi
579 2273 680 2313 igitur
693 2274 808 2310 verbis,
833 2285 910 2304 sane
934 2274 1102 2310 similibus,
1126 2275 1191 2305 sin-

231 2313 298 2354 guli
322 2313 439 2344 milites
461 2316 612 2355 conqueri
643 2322 804 2356 poterant:
837 2317 891 2347 sed
922 2322 1048 2347 tantum
1080 2317 1131 2349 hic
1155 2318 1191 2348 fit

230 2356 353 2386 mentio
376 2355 491 2387 ducum
514 2364 545 2388 et
567 2359 750 2399 principum
773 2360 928 2392 virorum.
960 2361 992 2390 in
1017 2360 1080 2390 illis
1103 2361 1189 2390 enim

230 2398 372 2429 maxime
401 2397 584 2430 dominatur
612 2402 754 2433 ambitio.
800 2402 869 2432 Nae
900 2403 955 2442 qui
983 2402 1022 2433 ad
1055 2413 1190 2443 magnos

230 2441 371 2472 honores
392 2442 494 2471 evecti
518 2447 602 2478 sunt,
633 2444 734 2483 gradu
763 2445 820 2475 illo
848 2444 1016 2485 dignitatis
1046 2446 1189 2476 contenti

230 2494 300 2514 esse
324 2483 485 2520 deberent,
509 2484 571 2531 sed·
587 2485 770 2518 ambitionis
793 2488 952 2518 scintillae
975 2487 1079 2526 magis
1101 2489 1188 2519 exci-

230 2532 350 2565 tantur,
371 2532 404 2556 et
427 2535 488 2564 quo
511 2536 646 2558 maiores
668 2535 742 2559 sunt
754 2530 901 2568 honores,
924 2540 961 2561 eo
981 2531 1084 2571 magis
1096 2541 1190 2570 appe-

229 2575 353 2600 tuntur.
399 2567 464 2606 Qui
487 2568 592 2598 tenuis
622 2576 670 2600 est
691 2571 827 2605 fortuna.
856 2583 914 2604 sua
944 2578 1030 2604 sorte
1057 2580 1189 2605 conten-

229 2617 282 2642 tus
303 2611 396 2647 vivit,
428 2617 459 2641 et
482 2610 514 2640 in
539 2611 602 2641 otio
625 2621 661 2642 ac
688 2614 922 2654 tranquillitate
953 2616 1051 2646 vitam
1083 2616 1188 2656 degit:

228 2654 331 2685 labori
362 2653 550 2692 quotidiano
580 2653 752 2692 incumbit,
787 2663 819 2687 et
849 2657 888 2688 de
918 2658 1073 2689 lucrando
1104 2669 1188 2698 pane

331 2703 440 2730 Caluini
455 2711 550 2736 opera.
586 2703 644 2730 Vol.
657 2704 752 2731 XXX.

868 218 916 249 IN
940 219 966 250 Ι.
990 218 1078 250 LIB.
1103 218 1302 250 SAMUEL.
1326 218 1424 250 CAP.
1449 219 1578 250 XXIX.

2156 219 2219 249 674

1253 317 1378 342 tantum
1403 314 1529 352 cogitat,
1556 323 1668 352 parum
1694 313 1732 344 de
1761 314 1919 345 honorum
1943 313 2110 353 dignitate,
2142 314 2216 346 licet

1253 364 1362 384 eorum
1386 356 1442 385 fiat
1470 355 1553 394 apud
1586 356 1690 395 ipsum
1723 357 1850 394 ment-io,
1881 357 2046 388 sollicitus.
2093 357 2217 388 Contra

1253 397 1305 435 qui
1337 397 1400 428 illis
1429 398 1561 428 inescati
1592 405 1676 434 sunt,
1706 399 1819 430 ardent
1854 399 2035 430 ambitione.
2070 407 2101 429 et
2136 401 2215 431 irre-

1253 439 1354 478 quieti
1377 446 1462 477 sunt,
1486 439 1569 479 quod
1592 441 1630 471 ad
1655 442 1868 481 cupiditatum
1892 452 2023 472 suarum
2048 443 2214 473 cumulum

1254 483 1423 520 pervenire
1451 490 1633 521 nequeunt:
1671 492 1703 513 et
1739 495 1801 523 quo
1837 484 2009 515 maioribus
2038 485 2215 516 honoribus

1253 524 1359 554 ornati
1383 531 1468 561 sunt,
1493 535 1528 555 eo
1553 527 1653 565 magi>-
1678 533 1838 557 aestuant.
1884 527 1974 557 Idem
2006 527 2044 558 de
2076 528 2215 558 avaritia

1253 566 1436 597 dicendum.
1482 567 1546 605 Qui
1581 569 1613 598 in
1648 568 1731 599 diem
1769 571 1899 607 vivunt,
1934 580 2034 608 parvo
2070 570 2213 601 contenti

1254 616 1346 645 suut,
1377 620 1480 649 neque
1512 620 1707 650 magnopere
1739 612 1776 642 de
1804 612 2007 642 cumulandis
2038 612 2214 643 maioribus

1254 652 1367 691 opibus
1398 652 1553 683 laborant.
1608 652 1672 684 Sed
1703 655 1754 691 qui
1786 655 1904 685 multas
1937 666 2012 695 opes
2044 656 2213 692 congessit,

1254 695 1389 734 exiguas
1423 695 1494 725 illas
1527 696 1708 733 existimat,
1739 704 1769 727 ct
1803 708 1929 736 semper
1962 701 2050 737 eget,
2089 698 2214 737 sibique

1253 748 1381 777 semper
1414 738 1538 768 metuit.
1588 738 1736 778 Denique
1771 740 1905 770 nimium
1939 740 1972 770 in
2007 740 2098 770 nobis
2132 741 2214 771 altas

1254 780 1319 819 egit
1362 780 1485 810 radices
1527 781 1639 811 vitium
1683 781 1779 817 illud,
1821 782 1975 813 abutendi
2010 783 2071 813 Dei
2111 782 2213 814 donis.

1254 821 1473 860 Quamobrem
1505 822 1579 854 hinc
1610 823 1768 854 discamus
1797 825 1935 864 acceptis
1967 836 1984 855 a
2012 824 2083 856 Deo
2121 825 2214 856 donis

1254 875 1317 895 non
1352 865 1469 902 efferri,
1505 871 1535 895 et
1570 866 1597 895 si
1631 866 1669 896 ad
1702 866 1841 906 aliquem
1877 868 2045 907 dignitatis
2077 868 2214 907 gradum

1252 908 1469 948 pervenimus,
1492 914 1601 939 tamen
1627 909 1710 939 intra
1724 910 1898 940 modestiae
1922 910 2041 940 limites
2065 921 2122 941 nos
2141 921 2215 941 con-

1253 951 1372 981 tinere:
1398 956 1430 980 et
1452 951 1566 990 opibus
1590 950 1800 991 abundantes,
1833 963 1872 982 ne
1898 952 2026 983 illorum
2057 953 2215 984 desiderio

1252 993 1434 1033 flagremus,
1466 994 1511 1024 sic
1533 1000 1569 1023 ut
1593 994 1717 1024 nullum
1741 995 1870 1025 modum
1901 995 2087 1035 acquirendi
2119 995 2215 1026 facia-

1381 1036 1446 1066 Nos
1470 1035 1597 1075 quidem
1623 1047 1698 1067 sane
1723 1048 1786 1067 non
1817 1048 1853 1068 ea
1883 1048 1994 1068 sumus
2025 1038 2216 1075 conditione,

1253 1085 1289 1108 ut
1313 1078 1352 1109 ad
1376 1089 1519 1109 summas
1543 1079 1614 1110 illas
1639 1079 1810 1119 dignitates
1823 1080 2013 1120 aspiremus,
2038 1091 2118 1120 quae
2137 1086 2215 1112 sunt

1251 1121 1284 1151 in
1317 1121 1398 1152 aulis
1428 1132 1539 1161 regum
1569 1129 1600 1152 et
1630 1122 1828 1162 principum:
1864 1123 1917 1153 sed
1948 1134 2074 1154 summo
2106 1131 2216 1154 nostro

1252 1164 1335 1194 bono
1365 1164 1436 1194 fieri
1466 1165 1620 1202 sciamus,
1658 1165 1741 1204 quod
1772 1165 1861 1196 Deus
1893 1177 1951 1196 nos
1981 1165 2134 1197 mediocri
2164 1166 2214 1196 vel

1251 1207 1359 1246 potius
1383 1207 1474 1237 tenui
1498 1207 1677 1238 conditione
1700 1218 1770 1238 esse
1795 1208 1872 1239 vult.
1921 1209 2002 1238 Nam
2034 1209 2059 1239 si
2092 1209 2212 1239 maiore

1251 1249 1357 1289 aliquo
1392 1249 1459 1280 loco
1494 1260 1651 1286 essemus,
1693 1257 1825 1290 repente
1864 1251 2021 1281 honorum
2056 1251 2214 1282 desiderio

1251 1302 1547 1331 corrumperemur:
1571 1292 1727 1332 siquidem
1747 1294 1819 1324 licet
1835 1300 1954 1329 tenues,
1980 1301 2088 1324 tamen
2107 1294 2214 1335 regios

1251 1335 1376 1365 animos
1399 1340 1573 1375 gestamus.

1338 1377 1494 1417 Sequitur
1517 1378 1666 1417 deinceps
1690 1388 1796 1417 regem
1811 1379 1910 1409 Achis
1927 1378 2064 1409 Davidis
2084 1389 2213 1410 causam

1250 1419 1334 1459 apud
1359 1431 1433 1452 suos
1456 1420 1552 1452 duces
1565 1421 1676 1460 egisse,
1701 1428 1731 1451 et
1745 1421 1838 1452 fidem
1852 1422 1953 1461 ipsius
1967 1421 2212 1460 demonstrasse,

1250 1473 1349 1502 quum
1374 1464 1435 1493 ait:
1466 1465 1579 1494 Annon
1601 1463 1649 1494 hic
1679 1467 1722 1494 est
1742 1464 1851 1495 David
1877 1475 1985 1495 servus
2008 1464 2126 1504 Saulis,
2159 1465 2214 1504 qui

1248 1505 1312 1544 fuit
1333 1507 1418 1546 apud
1448 1516 1495 1536 me
1522 1507 1587 1537 ‘iam
1618 1506 1738 1546 aliquot
1766 1507 1881 1545 (liebus,
1912 1508 1971 1537 imo
2003 1508 2066 1538 iam
2095 1507 2214 1546 aliquot

1249 1549 1359 1587 annis,
1391 1559 1486 1588 neque
1515 1549 1697 1588 deprehendi
1728 1550 1762 1580 in
1794 1559 1825 1580 eo
1854 1550 2048 1589 quidquam?
2084 1550 2211 1589 Quibus

1251 1591 1357 1622 verbis
1381 1602 1415 1623 se
1438 1592 1626 1622 fidelitatem
1641 1592 1775 1622 Davidis
1799 1593 1909 1622 multis
1933 1593 2026 1623 annis
2039 1600 2211 1632 expertum

1249 1633 1335 1671 dicit,
1361 1642 1395 1664 ut
1418 1635 1447 1665 ei
1470 1646 1503 1665 se
1526 1645 1590 1665 non
1614 1640 1733 1665 temere
1756 1634 1878 1665 credat:
1910 1645 1986 1666 sane
2010 1635 2117 1666 David
2147 1646 2212 1667 non

1248 1677 1368 1708 multos
1402 1687 1504 1708 annos
1538 1677 1621 1717 apud
1657 1688 1728 1707 eum
1764 1677 1840 1714 fuit,
1875 1677 1929 1707 sed
1963 1678 2042 1708 satis
2076 1678 2212 1719 longum

1249 1725 1374 1759 tempus
1398 1720 1526 1756 iudicat,
1551 1730 1612 1759 quo
1636 1720 1805 1760 explorare
1836 1719 1930 1751 fidem
1962 1721 2062 1759 ipsius
2094 1722 2209 1760 potuit.

1249 1761 1313 1793 Sed
1338 1763 1507 1802 excipiunt
1529 1763 1783 1793 Philistaeorum
1807 1763 1912 1798 duces,
1941 1763 2089 1802 quomodo
2120 1764 2212 1795 aliter

1240 1806 1355 1844 poterit
1383 1806 1511 1844 placare
1543 1806 1700 1836 dominum
1735 1815 1846 1837 suum.
1884 1806 1948 1836 nisi
1991 1806 2020 1835 in
2055 1806 2210 1845 capitibus

1246 1848 1385 1879 nostris?
1412 1848 1523 1879 Nomze
1540 1849 1595 1878 iste
1612 1851 1655 1879 est
1666 1848 1783 1885 David,
1803 1848 1853 1878 cui
1870 1847 2035 1879 cantabant
2047 1849 2080 1879 in
2098 1849 2210 1888 choris,

1245 1891 1384 1927 dicentes,
1404 1891 1559 1929 percussit
1584 1890 1661 1921 Saul
1686 1891 1717 1921 in
1735 1890 1874 1921 millibus
1895 1891 1972 1926 suis,
1998 1894 2025 1921 et
2044 1891 2152 1923 David
2175 1893 2210 1923 in

1244 1933 1345 1964 decem
1367 1933 1504 1964 millibus
1526 1933 1618 1964 suis?
1642 1933 1730 1964 Hinc
1749 1933 1960 1972 perspicimus
1982 1933 2043 1964 Dei
2067 1934 2150 1964 dona
2173 1934 2208 1965 in

1245 1978 1348 2007 servis
1378 1978 1444 2007 suis
1469 1987 1530 2006 non
1555 1982 1679 2006 tautum
1703 1976 1865 2007 contemni
1895 1975 1934 2006 ab
1965 1976 2118 2016 improbis
2151 1977 2208 2008 ho-

1246 2019 1404 2050 minibus:
1427 2019 1482 2049 sed
1507 2029 1615 2049 eorum
1640 2019 1736 2048 etiam
1761 2019 1948 2049 memoriam
1967 2019 2109 2050 odiosam
2130 2030 2208 2051 esse.

1245 2061 1328 2092 Nam
1354 2069 1463 2092 vetera
1487 2068 1579 2092 erant
1602 2072 1683 2100 quae
1713 2061 1767 2091 isti
1791 2067 2060 2092 commemorant:
2091 2062 2119 2092 si
2142 2063 2210 2102 qui-

1245 2104 1317 2134 dem
1349 2104 1458 2134 David
1490 2103 1583 2134 valde
1621 2104 1749 2134 iuvenis
1780 2103 1970 2134 Goliathum
2002 2104 2208 2135 interfecerat

1245 2147 1335 2177 cuius
1372 2147 1500 2177 caedem
1536 2146 1785 2176 Philistaeorum
1823 2147 1985 2177 exercitus
2024 2148 2206 2188 profligatio

1244 2196 1431 2229 exceperat:
1463 2189 1622 2228 quomodo
1653 2199 1729 2229 ergo
1769 2188 1868 2220 cladis
1897 2189 1984 2220 illius
2016 2191 2206 2221 memoriam

1244 2232 1420 2263 refricant?
1446 2232 1580 2271 Nempe,
1605 2238 1641 2261 ut
1664 2240 1738 2262 ante
1761 2231 1839 2268 dixi,
1871 2232 1964 2262 donis
1987 2231 2050 2262 Dei
2074 2233 2206 2272 spiritus

1243 2275 1414 2305 irritantur
1437 2275 1584 2314 improbi,
1607 2273 1699 2304 nobis
1712 2274 1850 2305 inimici:
1876 2282 1906 2304 et
1929 2284 1966 2305 ea
1979 2276 2103 2305 ratione
2117 2275 2206 2306 Deus

1243 2318 1313 2348 vult
1336 2323 1445 2347 nostra
1469 2318 1552 2347 dona
1566 2322 1746 2356 temperare
1770 2327 1810 2347 ne
1830 2316 1989 2347 donorum
2014 2317 2207 2348 excellentia

1242 2361 1423 2391 efferamur.
1469 2360 1533 2389 Vix
1557 2359 1642 2389 enim
1667 2359 1758 2390 nobis
1781 2366 2013 2399 temperamus,
2038 2360 2115 2399 quin
2143 2359 2205 2391 Dei

1242 2403 1333 2433 donis
1362 2401 1593 2441 superbiamus,
1626 2401 1688 2432 nisi
1714 2402 1802 2432 Deus
1832 2402 1887 2432 illa
1917 2401 2055 2441 quadam
2084 2412 2206 2434 correc-

1241 2446 1329 2476 tione
1351 2452 1517 2484 temperet.
1565 2444 1618 2475 Sic
1637 2444 1746 2484 itaque
1770 2444 1860 2475 Deus
1883 2455 2010 2474 omnem
2036 2455 2105 2475 sese
2128 2446 2204 2476 effe-

1241 2488 1331 2519 rendi
1356 2488 1551 2518 occasionem
1576 2487 1642 2517 suis
1671 2487 1793 2523 adimit,
1823 2495 1855 2517 et
1886 2486 2073 2517 modestiam
2104 2487 2203 2524 docet,

1241 2541 1340 2570 quum
1375 2530 1532 2571 permittit
1566 2530 1654 2569 ipsos
1682 2540 1760 2568 quos
1789 2530 1820 2559 in
1860 2529 1998 2568 aliquem
2034 2529 2203 2570 dignitatis

1241 2573 1375 2613 gradum
1399 2572 1508 2603 evexit
1530 2572 1569 2603 ab
1593 2572 1663 2602 aliis
1677 2571 1749 2602 odio
1764 2572 1883 2607 haberi,
1908 2572 2037 2603 infacta
2060 2573 2204 2612 ipsorum

1240 2616 1371 2656 inquiri,
1394 2621 1426 2646 et
1449 2615 1631 2646 occasiones
1656 2615 1767 2654 quaeri
1792 2614 1963 2644 arrodendi
1986 2615 2083 2655 ipsos.
2120 2616 2204 2647 Nam

1240 2659 1302 2690 isto
1326 2658 1426 2689 veluti
1450 2658 1560 2688 fraeno
1584 2657 1774 2694 retinentur,
1800 2667 1839 2688 ne
1863 2657 1958 2688 rebus
1981 2657 2130 2689 secundis
2152 2659 2205 2689 in-
