2551 3044
360 218 422 248 313·

361 312 466 351 ipsum
491 309 721 348 confugiamus,
755 314 842 338 certo
864 307 1010 347 persuasi
1035 305 1208 345 propitium
1232 303 1324 335 illum
1350 316 1351 322 ¹

362 354 453 384 nobis
476 353 632 387 futurum,
656 356 687 381 et
711 360 878 390 nunquam
903 349 1115 380 deserturum.

446 393 541 434 Quod
575 403 651 424 vero
685 392 724 424 de
757 393 873 433 spiritu
907 392 992 423 malo
1027 390 1144 422 dicitur
1177 389 1232 429 qui
1264 389 1325 420 Dei

362 438 495 478 spiritus
520 443 663 472 vocatur,
687 436 752 466 iam
776 442 850 466 ante
870 434 1036 466 docuimus
1053 443 1114 473 quo
1134 442 1232 463 sensu
1245 431 1326 462 illud

362 481 502 512 dicatur:
527 489 642 519 nempe
661 479 707 510 sic
726 484 763 509 ut
781 478 850 509 Deo
867 477 950 509 nihil
970 476 1045 508 mali
1060 476 1159 516 possit
1172 475 1326 514 imputari

364 530 518 563 tanquam
550 522 664 559 autori,
701 520 757 552 sed
788 520 905 552 diaboli
936 521 999 551 sint
1031 519 1131 559 ipsius
1163 517 1326 548 vindictae

362 574 392 598 et
422 565 565 597 iustitiae
596 564 746 601 ministri,
780 569 816 595 ut
845 573 1054 604 quaecunque
1085 560 1206 591 malitia
1228 560 1327 590 fuerit

363 610 455 641 istius
490 608 624 648 spiritus
660 607 752 638 cuius
786 606 837 638 hic
871 606 908 637 fit
942 605 1070 641 mentio,
1114 603 1327 634 nihilominus

364 659 472 683 tamen
497 651 585 682 Deus
609 649 662 680 illo
685 649 727 681 sit
750 660 827 681 usus
850 649 889 680 ad
913 658 1003 679 suam
1024 645 1247 687 perficiendam
1261 645 1326 676 ius-

365 695 479 730 titiam,
507 703 588 733 quae
612 692 805 732 reprehendi
828 702 846 723 a
869 691 960 722 nullo
983 696 1096 730 potest,
1131 688 1185 719 sed
1210 688 1243 719 in
1266 697 1328 728 qua
1352 699 1353 707 ¹

363 737 536 777 glorificari
570 741 720 766 meretur.
766 734 909 775 Spiritus
943 734 1041 774 igitur
1075 732 1180 763 malus
1213 737 1261 762 est
1295 735 1327 762 et

363 781 425 812 Dei
457 779 608 820 potentia,
640 784 672 808 et
701 788 719 809 a
749 778 818 809 Deo
842 777 968 813 missus,
997 780 1029 807 et
1053 773 1203 806 mandata
1227 774 1326 814 ipsius

362 833 549 862 exsequens,
583 821 616 852 in
651 821 765 861 quibus
799 826 907 851 tamen
942 819 1046 850 malus
1074 824 1131 855 cst,
1165 823 1195 848 et
1218 827 1326 848 coram

361 866 432 897 Dco
464 863 738 901 condemnandus,
769 863 830 894 etsi
853 862 981 894 divinae
1005 861 1146 892 iustitiae
1171 860 1327 897 minister,

362 918 458 949 quam
482 908 573 939 Deus
595 906 841 947 obloquentibus
864 912 895 937 et
915 904 1117 945 ringentibus
1133 903 1206 934 licet
1224 903 1325 933 homi-

363 952 458 982 nibus
481 949 637 990 approbat
659 950 726 989 ipse
750 949 942 989 inculpatus.
977 945 1211 978 Admirandum
1229 945 1327 985 igitur

363 994 425 1025 Dei
449 992 618 1025 consilium
643 1002 866 1033 agnoscamus,
889 992 921 1022 in
945 1002 982 1021 eo
1002 989 1086 1030 quod
1104 989 1180 1028 ipsis
1193 987 1328 1019 diabolis

364 1038 465 1068 utitur
487 1035 646 1067 ministris
669 1045 800 1066 suorum
824 1033 1023 1069 iudiciorum,
1055 1042 1134 1072 quos
1158 1031 1231 1062 licet
1254 1041 1327 1070 pra-

363 1090 422 1111 vos
435 1085 467 1110 et
489 1077 624 1110 rebelles
643 1078 828 1118 subiugum
848 1083 957 1108 tamen
977 1075 1085 1110 mittit,
1108 1080 1140 1105 et
1159 1073 1198 1104 ad
1217 1083 1328 1113 quam-

363 1132 489 1162 cunque
512 1131 580 1152 rem
604 1121 744 1152 voluerit
766 1120 827 1152 sibi
850 1120 971 1151 servire
994 1118 1088 1158 cogit.
1134 1117 1199 1148 Nos
1222 1117 1329 1156 itaque

365 1166 409 1197 sic
441 1173 558 1197 arcana
587 1164 649 1195 ista
683 1163 817 1195 Domini
845 1161 936 1195 decet
967 1161 1129 1197 admirari,
1167 1166 1204 1191 ut-
1232 1169 1329 1190 vene·

366 1217 488 1239 remur:
513 1212 544 1238 et
567 1206 734 1238 tenuitatis
758 1210 886 1237 nostrae
909 1204 1027 1236 conscii
1050 1213 1121 1234 cum
1146 1202 1329 1234 humilitate

365 1250 544 1282 adoremus.
580 1249 703 1280 Pravos
723 1249 823 1290 igitur
842 1252 873 1279 et
891 1252 1080 1287 arrogantes
1096 1246 1167 1277 illos
1182 1246 1329 1276 homines

366 1294 449 1324 absit
472 1293 646 1328 imitemur,
671 1293 723 1332 qui
749 1292 854 1323 Deum
877 1301 935 1322 suo
955 1290 1060 1330 captui
1082 1289 1193 1320 volunt
1205 1298 1328 1320 accom-

366 1336 505 1373 modare,
537 1341 569 1366 et
598 1335 625 1366 si
649 1335 726 1375 quid
751 1333 867 1365 rationi
890 1334 1034 1373 ipsorum
1057 1332 1255 1363 contrarium
1279 1341 1329 1362 oc·

366 1378 512 1416 currerit,
535 1377 739 1418 blasphemas
762 1387 857 1408 voces
881 1376 912 1407 in
937 1376 1042 1416 ipsum
1065 1379 1226 1406 evomunt.
1262 1373 1329 1405 Ab·

367 1423 409 1454 sit
443 1431 461 1452 a
494 1421 588 1452 nobis
621 1426 712 1451 tanta
745 1418 923 1460 protervia:
958 1418 1013 1449 sed
1048 1418 1109 1449 Dei
1139 1417 1328 1456 sapientiam

367 1463 564 1495 adorandam
594 1463 734 1495 sciamus
763 1472 858 1503 quam
889 1462 1008 1493 nostris
1038 1461 1183 1492 sensibus
1205 1460 1330 1499 assequi

367 1518 431 1538 non
456 1516 635 1546 possumus.
682 1505 832 1546 Denique
848 1514 889 1535 no
908 1504 1049 1536 insolens
1065 1503 1157 1534 nobis
1174 1502 1330 1541 videatur,

369 1551 394 1581 si
419 1549 547 1586 diaboli,
571 1548 709 1589 improbi
732 1548 806 1580 licet
828 1552 860 1578 et
883 1547 1060 1587 depravati,
1082 1546 1152 1577 Deo
1171 1551 1331 1586 coguntur

370 1592 536 1629 inservire,
571 1601 635 1622 non
666 1590 795 1631 quidem
825 1596 939 1630 sponte
969 1596 1001 1621 et
1032 1596 1117 1621 recta
1146 1588 1329 1619 voluntate:

369 1634 425 1667 sed
460 1634 530 1665 Deo
563 1634 649 1674 ipsos
681 1633 722 1664 ad
755 1643 847 1665 suum
876 1633 1044 1664 arbitrium
1074 1631 1266 1671 impellente,
1300 1636 1331 1662 et

368 1688 425 1717 per
455 1676 527 1708 illos
550 1687 608 1707 sua
639 1676 756 1708 iudicia
786 1682 998 1716 exsequente:
1034 1676 1079 1706 sic
1102 1681 1209 1705 tamen
1240 1674 1331 1704 utin

370 1720 474 1751 Deum
499 1719 589 1750 nulla
612 1729 729 1759 pravae
751 1719 892 1758 ipsorum
913 1718 1091 1749 voluntatis
1109 1717 1202 1757 culpa
1223 1716 1330 1748 cadat:

370 1769 405 1794 ut
428 1762 502 1794 licet
525 1762 663 1802 improbi
687 1761 901 1801 obloquantur
924 1767 955 1792 et
978 1761 1232 1797 obmurmurcnt,
1261 1766 1332 1790 tan-

370 1805 442 1836 dem
477 1811 584 1836 tamen
609 1804 820 1835 involvantur
842 1804 1038 1836 confusione.
1084 1802 1150 1834 Nos
1173 1812 1248 1833 vero
1271 1801 1334 1834 dis-

369 1858 479 1879 camus
509 1847 578 1878 Deo
601 1847 743 1878 iustitiae
766 1851 798 1878 et
821 1846 990 1887 aequitatis
1013 1845 1151 1886 gloriam
1175 1845 1331 1876 tribuere:

369 1897 401 1922 et
431 1896 597 1931 praeterea
628 1889 805 1922 doctrinam
837 1896 872 1920 ut
904 1889 994 1920 nobis
1017 1888 1220 1919 utilissimam
1243 1898 1333 1918 mcn-

369 1934 455 1964 tibus
485 1933 604 1964 nostris
634 1932 730 1964 altius
759 1932 941 1973 infigamus,
975 1931 1118 1962 diabolos
1148 1937 1214 1961 tam
1246 1937 1333 1961 arcte

371 1976 430 2007 sub
460 1974 522 2006 Dei
553 1985 651 2006 manu
674 1975 843 2012 contineri,
875 1981 909 2006 ut
933 1984 972 2005 ne
995 1984 1124 2004 movere
1148 1983 1181 2004 se
1204 1973 1333 2013 quidem

370 2019 440 2050 sine
469 2018 569 2058 ipsius
599 2018 758 2058 permissu
789 2023 821 2049 et
851 2017 985 2049 arbitrio
1015 2017 1155 2057 possint:
1192 2015 1270 2046 adeo
1298 2021 1333 2046 ut

370 2060 512 2093 diabolos
535 2061 630 2101 ipsos,
654 2066 685 2091 et
708 2070 837 2091 omnem
857 2061 1002 2100 ipsorum
1021 2059 1199 2099 potentiam
1217 2057 1332 2089 audea-

370 2115 440 2135 mus
463 2108 679 2139 contemnere,
703 2113 803 2143 quum
823 2103 942 2135 seimus
965 2102 1073 2133 Deum
1096 2102 1141 2132 sic
1161 2101 1233 2132 illos
1252 2101 1333 2132 frae-

370 2157 458 2184 nare,
489 2152 524 2177 ut
554 2146 635 2177 nihil
666 2146 839 2177 adversum
870 2155 928 2176 nos
951 2145 1021 2176 sine
1045 2145 1145 2184 ipsius
1169 2143 1335 2175 voluntate

372 2189 478 2220 moliri
508 2189 657 2225 audeant,
690 2194 746 2219 aut
774 2189 908 2228 possint,
942 2194 975 2219 et
1005 2197 1068 2218 non
1098 2187 1221 2227 possint
1249 2186 1336 2217 ultra

374 2242 471 2271 quam
500 2231 579 2271 ipsis
610 2231 794 2271 permiserit
824 2230 938 2271 pedem
961 2240 1100 2261 movere.
1146 2229 1255 2268 Quare
1279 2239 1336 2259 nos

373 2275 496 2306 interea
530 2274 720 2314 tranquillos
753 2279 786 2305 et
817 2273 940 2314 quietos
970 2283 1040 2304 esse
1067 2277 1202 2312 oportet,
1237 2281 1336 2311 quum

373 2317 514 2348 diabolos
544 2317 682 2348 sciamus
712 2317 855 2356 potentis
886 2316 947 2347 Dei
977 2326 1075 2347 manu
1098 2315 1249 2346 coerceri:
1281 2313 1335 2344 sed

374 2360 516 2392 vicissim
539 2360 677 2391 sciamus
700 2359 930 2390 ambulandum
951 2358 1041 2390 nobis
1059 2368 1128 2389 esse
1143 2367 1251 2388 coram
1266 2355 1335 2387 Deo

375 2403 407 2434 in
439 2403 554 2433 timore
584 2407 615 2433 et
645 2401 876 2433 sollicitudine:
911 2411 952 2432 ne
982 2401 1081 2441 ipsius
1113 2401 1193 2431 iram
1221 2409 1336 2440 provo-

375 2450 485 2477 cantes
519 2444 666 2476 hostibus
701 2445 820 2476 nostris
853 2444 941 2476 laxet
973 2444 1128 2480 habenas,
1172 2453 1191 2473 a
1223 2442 1338 2482 quibus

375 2487 504 2519 tandem
537 2487 721 2518 obruamur.
766 2487 862 2519 Hanc
889 2487 929 2518 ob
951 2496 1081 2518 causam
1105 2484 1247 2526 quotidie
1269 2494 1338 2525 pre-

375 2541 486 2562 camur
516 2530 620 2570 ipsum
652 2541 691 2561 ne
721 2540 781 2562 nos
809 2530 942 2562 inducat
970 2529 1002 2560 in
1032 2528 1252 2564 tentationem,
1282 2526 1337 2559 sed

375 2573 490 2604 liberet
514 2584 531 2604 a
554 2573 646 2604 malo.
688 2572 813 2612 Quibus
831 2573 939 2604 verbis
956 2572 991 2603 in
1009 2572 1120 2612 primis
1136 2571 1339 2612 agnoscimus

378 2626 435 2647 nos
463 2615 599 2647 diabolis
628 2616 790 2656 expositos
822 2616 896 2654 fore,
927 2615 988 2647 nisi
1012 2615 1072 2646 Dei
1097 2613 1285 2645 admiranda
1307 2618 1340 2643 et

379 2658 501 2689 infinita
532 2659 673 2698 potentia
702 2664 956 2699 protegeremur.
1001 2657 1128 2689 Deinde
1151 2663 1182 2688 ot
1205 2666 1338 2697 cognos-

1181 209 1379 241 HOMILIA
1409 209 1528 241 LXXI.

2281 209 2343 241 316

1377 304 1480 334 cimus
1510 314 1568 335 nos
1597 304 1666 335 Deo
1694 303 1838 345 quotidie
1859 303 1978 334 multas
2001 303 2182 335 occasiones
2205 303 2344 335 derelin-

1377 345 1496 386 quendi
1527 356 1584 377 nos
1606 352 1639 377 et
1661 346 1726 379 illis
1747 345 1956 387 permittendi
1980 345 2149 386 praebere:
2185 345 2343 386 siquidem

1378 389 1418 420 ab
1441 389 1541 429 ipsius
1564 390 1666 421 sancti
1690 390 1824 430 spiritus
1843 389 1913 420 luce
1932 387 2122 426 recedimus,
2144 388 2344 429 gratiamque

1377 431 1479 472 ipsius
1508 441 1572 472 qua
1594 442 1653 464 nos
1675 432 1714 463 ad
1739 443 1773 464 se
1795 431 1928 463 attrahit
1951 431 2120 462 reiicimus.
2166 429 2254 463 Sane
2274 436 2342 462 tum

1378 474 1501 514 aliquas
1525 474 1666 506 Satanae
1690 474 1831 507 habenas
1857 475 1953 512 laxat,
1976 473 2032 505 sed
2055 474 2102 505 ita
2122 478 2229 504 tamen
2253 478 2289 504 ut
2307 483 2344 505 ea

1379 518 1544 548 occasione
1574 517 1735 549 discamus
1763 528 1823 548 nos
1846 516 1886 548 ad
1909 517 1970 548 Dei
1994 516 2118 548 cultum
2141 526 2343 556 componere,

1378 566 1410 591 et
1433 561 1467 590 in
1485 559 1635 592 maximis
1647 560 1807 601 augustiis
1822 566 1852 591 et
1865 559 2094 591 afflictionibus
2106 558 2344 590 ardentioribus

1379 603 1464 634 votis
1487 602 1526 634 ad
1550 602 1657 634 Deum
1681 603 1862 643 confugere,
1886 603 1991 642 ipsum
2013 602 2199 633 invocantes
2221 612 2262 632 ne
2285 611 2344 632 nos

1380 644 1522 677 Satanae
1545 646 1720 685 permittat,
1745 646 1800 677 sed
1821 646 1852 677 in
1877 655 1968 676 suam
1992 644 2125 676 tutelam
2144 643 2289 685 recipiat,
2313 649 2343 675 et

1379 689 1425 719 ita
1448 688 1610 720 custodiat
1633 692 1668 719 ut
1691 699 1748 720 nos
1772 688 1874 720 Satan
1898 697 2071 728 aggressus
2093 697 2223 727 operam
2244 686 2343 723 ludat,

1378 736 1411 762 et
1440 731 1521 762 nihil
1552 731 1584 761 in
1617 741 1674 762 nos
1702 733 1813 771 possit,
1842 737 1875 762 et
1903 730 2013 761 omnia
2036 729 2126 761 nobis
2149 730 2182 761 in
2206 730 2343 761 salutem

1378 773 1502 806 cedant.
1537 773 1627 804 Haec
1645 774 1751 814 itaque
1770 773 1857 805 dicta
1875 779 1970 804 sunto
1989 773 2027 804 de
2048 772 2165 813 spiritu
2185 771 2239 803 illo
2259 772 2343 803 malo

1379 816 1511 849 Saulem
1536 816 1708 857 affligente,
1731 817 1784 857 qui
1807 823 1915 847 tamen
1938 815 2001 846 Dei
2024 816 2156 855 spiritus
2179 814 2277 846 fuisse
2296 814 2343 846 di-

1378 860 1472 892 eitur.
1518 859 1620 890 Porro
1656 869 1755 899 quum
1793 860 1942 899 spiritum
1981 858 2126 896 dicimus,
2163 856 2344 888 cavendum

1379 912 1575 942 magnopere
1599 912 1638 933 ne
1662 901 1898 933 confundamus
1922 911 1994 933 cum
2018 906 2131 932 sancto
2154 899 2209 931 illo
2228 899 2344 941 spiritu

1380 945 1451 983 Dei,
1475 945 1529 985 qui
1553 944 1696 976 eiusdem
1720 950 1768 976 est
1790 945 1948 976 essentiae
1970 950 2001 975 et
2025 943 2146 984 gloriae
2168 952 2241 974 cum
2265 943 2344 975 Deo.

1379 988 1409 1020 Is
1432 988 1519 1019 enim
1542 993 1673 1019 sanctus
1691 987 1822 1027 spiritus
1840 987 1910 1018 Deo
1929 986 2147 1019 coessentialis
2165 985 2251 1017 omni
2272 985 2346 1017 boni

1379 1032 1451 1062 fons
1483 1035 1531 1062 est
1555 1034 1587 1061 et
1617 1030 1722 1071 origo:
1757 1030 1812 1061 sed
1842 1031 1902 1061 iste
1932 1029 2065 1069 spiritus
2094 1033 2220 1060 creatus
2243 1034 2291 1060 est
2313 1033 2346 1060 et

1380 1080 1530 1105 naturam
1561 1077 1593 1104 et
1620 1072 1835 1105 substantiam
1864 1083 1883 1104 a
1910 1072 1981 1103 Deo
2004 1072 2134 1111 accepit.
2180 1070 2346 1110 Quemad-

1380 1117 1509 1148 modum
1540 1121 1648 1147 autem
1679 1115 1779 1147 bonos
1806 1114 1938 1156 angelos
1961 1115 2092 1156 spiritus
2116 1114 2176 1145 Dei
2200 1114 2346 1152 dicimus,

1381 1171 1445 1191 non
1468 1158 1552 1200 quod
1575 1158 1711 1189 eandem
1735 1158 1876 1190 habeant
1898 1168 1970 1189 cum
1994 1157 2064 1189 Deo
2082 1157 2265 1197 essentiam,
2288 1155 2346 1189 sed

1381 1202 1467 1242 quod
1495 1202 1534 1233 ab
1557 1202 1626 1241 ipso
1649 1202 1777 1232 formati
1800 1207 1832 1232 et
1854 1202 1953 1232 creati
1976 1206 2061 1238 sunt,
2092 1199 2138 1231 sic
2160 1205 2193 1231 et
2216 1199 2254 1231 de
2278 1199 2346 1231 dia-

1382 1245 1462 1276 bolis
1502 1243 1706 1275 sentiendum
1740 1254 1877 1283 quorum
1911 1244 2000 1283 origo
2034 1242 2146 1274 cadem
2179 1242 2241 1273 fuit
2273 1252 2346 1273 cum

1382 1288 1476 1319 bonis
1497 1286 1631 1327 angelis.
1676 1286 1787 1327 Neque
1810 1287 1897 1317 enim
1921 1297 1939 1317 a
1963 1285 2032 1317 Deo
2055 1286 2154 1317 creati
2176 1291 2248 1316 sunt
2269 1285 2347 1316 mali

1382 1331 1493 1372 quales
1524 1330 1619 1361 hodie
1650 1329 1810 1369 videmus,
1839 1334 1871 1360 et
1901 1329 2028 1369 qualem
2059 1338 2170 1359 eorum
2189 1327 2347 1359 malitiam

1382 1384 1474 1406 sacra
1495 1372 1656 1412 scriptura
1678 1372 1768 1404 nobis
1792 1372 1954 1412 depingit:
1978 1371 2033 1403 sed
2056 1370 2199 1410 corrupti
2222 1375 2298 1402 sunt
2315 1375 2348 1402 et

1383 1428 1401 1448 a
1430 1426 1488 1448 sua
1517 1416 1642 1456 origine
1672 1415 1857 1446 decidentes
1879 1425 1897 1445 a
1920 1414 1991 1445 Deo
2015 1414 2162 1445 alienati:
2194 1413 2347 1453 quemad-

1384 1460 1513 1491 modum
1544 1464 1576 1490 et
1604 1457 1769 1489 hominem
1799 1457 1838 1488 de
1868 1467 1925 1489 sua
1954 1457 2010 1488 illa
2039 1457 2176 1497 pristina
2205 1457 2348 1496 puritate

1384 1501 1539 1534 decidisse
1574 1501 1683 1532 miseri
1713 1500 1818 1532 adhuc
1847 1500 2014 1531 sentimus.
2060 1499 2182 1530 Verum
2213 1503 2349 1539 quanta-

1383 1555 1512 1585 cunque
1535 1545 1576 1576 sit
1600 1543 1799 1575 diabolorum
1822 1542 1936 1581 rabies,
1971 1548 2237 1582 quantuscunque
2259 1541 2349 1573 furor

1384 1599 1445 1629 quo
1466 1587 1621 1619 adversus
1644 1586 1751 1617 Deum
1775 1587 1950 1626 insurgunt
1972 1590 2005 1616 et
2027 1585 2242 1622 recalcitrant,
2266 1584 2349 1616 nihil

1357 1645 1359 1651 ι
1384 1639 1493 1662 tamen
1524 1637 1659 1670 possunt
1690 1630 1824 1666 efficere,
1856 1634 1888 1660 et
1917 1628 1969 1660 vel
1996 1628 2116 1659 invitos
2144 1627 2206 1659 Dei
2235 1632 2349 1667 poten-

1385 1675 1448 1706 tiae
1467 1673 1580 1705 subiici
1594 1682 1724 1703 necesse
1737 1677 1794 1707 est.
1813 1671 2024 1711 eiusdemque
2042 1669 2195 1702 mandata
2204 1670 2348 1710 exsequi.

1384 1718 1433 1749 Ac
1453 1717 1527 1748 licet
1545 1716 1664 1747 furiose
1682 1714 1744 1755 ipsi
1765 1715 1833 1746 Deo
1852 1714 2001 1746 resistere
2017 1718 2182 1750 conentur,
2205 1713 2350 1744 iustitiae

1384 1767 1493 1792 tamen
1517 1759 1617 1799 ipsius
1639 1758 1780 1789 ministri
1803 1766 1873 1789 esse
1895 1762 2064 1797 coguntur.

1469 1802 1539 1833 Iam
1573 1811 1651 1832 vero
1680 1801 1766 1841 agite
1796 1799 2019 1841 expendamus
2048 1808 2128 1839 quae
2157 1798 2210 1830 hic
2231 1798 2350 1830 iterum

1385 1846 1552 1877 dicuntur:
1587 1843 1630 1875 Et
1661 1843 1763 1883 fadus
1796 1845 1839 1874 est
1870 1842 2004 1882 spiritus
2033 1841 2164 1874 Domini
2193 1841 2295 1873 malus
2316 1842 2352 1872 in

1387 1888 1480 1920 Saul:
1504 1886 1622 1928 quibus
1642 1886 1748 1918 verbis
1768 1886 1918 1917 docemur
1931 1884 2063 1917 Saulem
2076 1885 2110 1916 in
2123 1885 2212 1924 peius
2223 1894 2351 1924 semper

1385 1938 1532 1962 ruentem
1557 1930 1655 1961 etiam
1678 1929 1860 1969 graviorem
1884 1929 1916 1959 in
1940 1938 2032 1959 suum
2056 1933 2152 1967 caput
2174 1926 2237 1958 Dei
2259 1926 2352 1958 ultio-

1386 1985 1459 2005 ncni
1489 1972 1704 2005 accersivisse.
1750 1971 1857 2012 Atque
1887 1971 1947 2002 hoc
1977 1970 2098 2001 diserte
2128 1970 2218 2001 Deus
2247 1969 2352 2000 fuerat

1386 2018 1418 2048 in
1451 2017 1520 2056 lege
1547 2025 1605 2047 sua
1628 2015 1852 2051 comminatus,
1885 2024 1919 2044 se
1941 2012 2160 2045 crescentibus
2182 2012 2350 2043 hominum

1386 2060 1520 2096 delictis,
1551 2063 1585 2089 et
1607 2057 1764 2089 adversus
1786 2056 1848 2088 Dei
1870 2057 1976 2087 minas
1999 2065 2070 2087 sese
2093 2054 2350 2092 obfirmantibus,

1386 2103 1484 2133 etiam
1521 2111 1641 2141 poenas
1670 2099 1968 2139 multiplicaturum.
2014 2098 2059 2129 Et
2087 2108 2182 2137 saepe
2211 2097 2352 2129 occurrit

1386 2146 1418 2176 in
1443 2145 1541 2176 sacris
1566 2154 1627 2175 vox
1651 2143 1714 2179 illa,
1737 2143 1846 2182 septies
1863 2152 1895 2173 se
1906 2151 2026 2181 poenas
2044 2142 2214 2177 ammam,
2238 2145 2275 2172 ut
2292 2140 2351 2171 ho-

1387 2189 1489 2219 mines
1521 2192 1648 2223 terreat,
1679 2195 1720 2216 ne
1743 2189 1858 2225 putent
1880 2189 1953 2224 post
1975 2183 2101 2224 aliquas
2123 2183 2235 2224 plagas
2257 2193 2350 2223 paca-

1387 2238 1465 2267 tum,
1488 2229 1543 2260 sed
1563 2239 1664 2260 novas
1683 2227 1818 2259 subinde
1837 2233 1992 2265 metuant,
2012 2232 2045 2257 et
2062 2225 2157 2266 longe
2175 2226 2350 2267 graviores.

1362 2294 1363 2301 ,
1389 2273 1599 2313 Septenarius
1622 2272 1707 2302 enim
1733 2270 1786 2301 ille
1805 2279 1960 2301 numerus
1979 2269 2134 2309 accipitur
2152 2279 2210 2309 pro
2229 2269 2352 2300 incerto

1362 2326 1363 2332 ¹
1388 2322 1419 2346 ct
1449 2325 1576 2355 magno

1362 2375 1363 2378 =
1389 2359 1483 2398 gebit,
1507 2358 1705 2402 nisi-sppnto
1728 2365 1787 2387 nos
1809 2355 1869 2395 ipsi
1893 2354 2109 2393 subiiciamus,
2140 2360 2173 2385 et
2195 2355 2228 2385 in
2252 2353 2353 2394 ipsius

1623 2314 1712 2345 Deus
1740 2313 1847 2352 itaque
1877 2313 1910 2343 in
1939 2311 2125 2352 septuplum
2154 2321 2273 2351 poenas
2295 2321 2353 2342 au·

1389 2401 1573 2440 obsequium
1593 2398 1831 2439 componamus,
1850 2403 1882 2429 et
1899 2397 2003 2438 plagis
2019 2397 2121 2437 ipsius
2133 2396 2352 2436 emendemur,

1389 2450 1421 2474 et
1462 2443 1624 2473 meliorem
1659 2446 1800 2472 mentem
1834 2440 2016 2471 induamus⁴
2062 2440 2152 2471 Haec
2185 2446 2261 2471 sunt
2293 2439 2353 2472 hoc

1389 2485 1456 2516 loco
1476 2486 1646 2525 diligenter
1662 2483 1872 2522 observanda,
1891 2482 2160 2523 quemadmodum
2174 2487 2207 2513 et
2217 2481 2354 2523 insignis

1390 2537 1435 2559 cst
1461 2528 1547 2559 locus
1572 2527 1709 2564 Psalmo,
1734 2526 1791 2557 32:
1816 2531 1982 2566 sperantes
2005 2525 2037 2556 in
2063 2525 2204 2557 Domino
2227 2524 2353 2556 miseri-

1390 2570 1499 2602 cordia
1522 2571 1622 2610 ipsius
1645 2569 1847 2606 circumdari,
1872 2576 1907 2600 ut
1930 2579 1964 2599 re
1987 2569 2056 2608 ipsa
2079 2568 2289 2608 experiantur
2305 2577 2354 2599 sa-

1391 2613 1491 2644 lutem
1526 2613 1667 2652 ipsorum
1701 2621 1796 2643 curae
1830 2622 1898 2643 esse
1935 2611 2091 2642 Domino:
2122 2615 2237 2642 contra
2265 2619 2353 2650 vero,

1392 2656 1493 2686 multa
1525 2666 1593 2686 esse
1621 2655 1748 2696 flagella
1778 2653 1962 2695 peccatoris.
2009 2653 2052 2684 Et
2082 2652 2352 2693 quemadmodum
