2551 3044
417 219 477 250 44?

419 322 450 345 ct
474 311 616 351 dispositi
650 309 818 341 videantur
849 309 888 340 ad
922 310 1025 340 Deum
1057 317 1089 339 et
1121 308 1254 339 verbum
1283 306 1411 347 ipsius'

418 354 626 395 sequendum.
651 359 813 383 momento
838 358 1015 388 mutantur,
1047 357 1078 381 et
1109 349 1148 381 ad
1178 361 1236 381 sua
1259 360 1384 389 semper

420 397 574 438 principia
598 395 742 427 redeunt.
781 394 851 425 Non
878 395 920 425 ita
943 404 1020 425 sane
1044 392 1162 430 David,
1186 393 1241 432 qui
1263 392 1302 423 de
1322 392 1384 423 Dei

418 440 583 472 voluntate
613 438 729 470 certior
759 438 877 474 faetus,
914 447 976 468 non
1014 436 1140 467 dubitat
1174 436 1249 475 quin
1285 435 1385 475 ipsius

418 484 479 514 iter
503 483 542 513 sit
567 480 810 513 secundaturus.
860 482 902 510 At
926 479 1079 519 qu‹›niam
1103 488 1167 509 non
1199 482 1267 509 erat
1289 477 1385 516 solus,

419 525 474 557 sed
498 525 593 556 sociis
618 523 791 555 incredulis
814 523 963 562 stipatus,
987 521 1106 553 idcireo
1127 521 1231 552 Deum
1256 531 1384 551 rursum

419 567 613 608 interpellat,
637 572 669 597 et
692 565 769 606 quid
794 566 876 596 facto
899 565 940 595 sit
963 574 1042 604 opus
1065 564 1256 604 interrogat.
1296 563 1384 594 Hinc

418 611 579 642 diseamus
612 609 680 640 Deo
711 619 767 639 nos
799 607 839 639 ad
870 607 998 647 aliquod
1030 617 1109 646 opus
1139 612 1290 645 vocante,
1322 616 1383 636 non

417 654 500 685 affici
525 653 624 684 nimio
649 656 746 688 metu,
770 657 802 681 et
825 650 853 681 si
875 650 928 690 qui
948 650 987 681 ab
1000 649 1105 681 officio
1117 649 1197 680 alios
1209 648 1383 684 deterrent,

419 702 577 737 quantum
602 695 635 725 in
659 694 752 725 nobis
775 693 836 725 erit
848 693 974 724 animos
997 692 1075 732 ipsis
1098 691 1263 723 faciamus.
1299 691 1383 722 Nam

419 739 474 771 illa
499 737 591 770 Pauli
616 737 761 768 doctrina
783 737 817 766 in
842 745 935 767 usum
956 742 1103 766 nostrum
1123 733 1303 766 revocanda
1326 740 1383 769 est,

418 783 478 814 etsi
509 781 547 812 de
578 780 657 811 cibis
687 786 718 810 et
748 778 958 810 eaeremoniis
988 777 1201 808 exterioribus
1233 777 1383 816 loquitur,

418 835 471 856 eos
501 824 554 864 qui
586 824 617 853 in
648 822 709 853 [ide
738 822 860 853 robusti
891 826 969 852 sunt
998 831 1063 852 non
1093 819 1208 851 debere
1239 820 1384 850 infirmos

418 867 609 908 opprimere,
640 864 694 896 sed
720 865 826 905 potius
855 864 978 904 erigere
1008 868 1040 894 et
1066 863 1267 894 confirmare.
1313 861 1384 892 Hoc

419 921 476 941 nos
500 908 600 949 igitur
622 917 680 939 suo
703 907 851 947 exemplo
873 905 983 938 David
1006 905 1105 942 docet,
1138 906 1242 936 Deum
1274 914 1384 934 rursus

419 963 483 983 non
515 956 646 992 propter
683 960 716 982 se
750 949 806 982 sed
839 955 969 990 propter
998 959 1128 980 suorum
1161 947 1384 978 infirmitatem

418 996 634 1035 interrogans,
660 998 695 1024 ut
719 993 746 1024 si
769 992 932 1033 proximos
956 997 1083 1023 nostros
1107 989 1211 1021 adhuc
1235 989 1331 1020 rudes
1354 995 1385 1019 et

418 1038 562 1069 infirmos
586 1036 771 1073 viderimus,
795 1045 852 1075 pro
872 1034 996 1066 viribus
1015 1044 1068 1065 eos
1087 1034 1331 1064 confirmemus:
1353 1035 1385 1061 et

419 1082 450 1112 in
475 1080 535 1111 Dei
560 1078 670 1110 schola
694 1079 908 1119 proficiamus,
933 1082 967 1108 ut
991 1084 1023 1107 et
1046 1076 1125 1107 alios
1148 1076 1260 1106 iuvare
1283 1073 1384 1114 possi-

420 1134 500 1160 mus,
525 1127 560 1153 ut
582 1121 666 1162 quod
690 1121 750 1162 ipsi
774 1120 983 1152 didicerimus
1007 1119 1152 1150 omnium
1171 1117 1385 1149 aedificationi

420 1168 477 1198 fiat
510 1174 689 1196 commune.
745 1163 918 1195 Praeterea
958 1161 1118 1194 discamus
1153 1171 1217 1191 non
1252 1159 1384 1196 turbari,

421 1209 494 1241 licet
517 1207 611 1238 multi
635 1207 818 1238 excitentur
842 1205 930 1236 venti
961 1212 991 1236 et
1023 1209 1238 1244 tempestates,
1269 1201 1386 1242 quibus

422 1251 566 1292 graviter
589 1249 807 1281 concutimur:
839 1254 875 1279 ut
905 1258 999 1287 saepe
1024 1247 1113 1277 Deus
1144 1245 1303 1286 permittit
1328 1256 1386 1276 nos

420 1292 577 1326 eiusmodi
601 1291 785 1323 hominibus
807 1290 904 1331 cingi,
935 1290 988 1330 qui
1013 1300 1070 1321 nos
1093 1299 1111 1320 a
1134 1294 1220 1320 recta
1243 1288 1296 1320 via
1318 1293 1385 1318 stu-

421 1336 499 1368 dent
521 1344 667 1366 avocare.
712 1333 820 1373 Quare
849 1333 1028 1365 constantia
1057 1338 1089 1363 et
1117 1330 1386 1371 magnanimitate

422 1390 481 1411 nos
504 1383 631 1418 oportet
653 1376 784 1413 muniri,
815 1386 855 1407 ne
878 1386 1019 1415 unquam
1050 1385 1068 1405 a
1092 1374 1143 1405 via
1167 1374 1384 1410 deflectamus,

422 1422 497 1454 licet
527 1420 620 1452 multi
651 1419 853 1451 occasionem
884 1418 974 1449 nobis
1011 1417 1049 1449 ab
1080 1417 1184 1448 officio
1216 1415 1386 1448 recedendi

422 1463 606 1505 praebeant.
651 1461 765 1502 Neque
788 1472 862 1493 vero
885 1460 1049 1492 sufficiens
1072 1460 1132 1491 erit
1155 1459 1329 1497 excusatio,
1360 1459 1386 1489 si

422 1518 481 1539 nos
504 1505 681 1537 dixerimus
706 1505 902 1535 voluntatem
927 1502 1054 1543 quidem
1084 1502 1202 1534 habere
1226 1501 1296 1533 Deo
1320 1512 1386 1533 ser-

423 1548 549 1587 viendi,
578 1547 634 1579 sed
657 1547 696 1578 ab
720 1548 780 1578 hoc
805 1546 853 1578 vel
877 1545 931 1578 illo
955 1546 1054 1577 fuisse
1087 1550 1237 1577 avocatos
1268 1555 1325 1576 nos
1354 1545 1387 1575 in

423 1602 523 1633 prava
545 1590 706 1622 consortia.
729 1589 894 1621 incidisse:
930 1600 993 1620 non
1017 1588 1113 1620 fuisse
1136 1588 1276 1620 oblatam
1299 1597 1387 1619 occa-

421 1635 544 1667 sionem
568 1631 803 1664 benefaciendi:
828 1642 910 1671 quae
932 1641 1009 1663 sane
1032 1631 1139 1662 omnia
1163 1641 1226 1662 non
1251 1630 1388 1661 veniunt

422 1687 531 1710 eoram
555 1676 624 1707 Deo
653 1676 687 1706 in
715 1675 875 1706 rationem
905 1674 1036 1714 accepti.
1082 1673 1301 1712 Quamobrem
1325 1672 1388 1704 Dei

424 1718 585 1752 voluntati
608 1724 674 1749 tam
698 1718 834 1749 firmiter
857 1716 1031 1748 adhaerere
1055 1715 1224 1754 diseamus,
1255 1720 1291 1747 ut
1313 1715 1390 1746 licet

423 1763 500 1794 hinc
527 1760 603 1792 inde
626 1761 719 1792 multi
750 1771 809 1792 nos
836 1760 875 1791 ab
905 1759 1005 1799 ipsius
1034 1759 1183 1799 obsequio
1223 1758 1388 1790 dimovere

423 1806 578 1842 nitantur,
603 1803 816 1835 nihilominus
833 1809 1018 1834 constanter
1037 1802 1069 1832 in
1089 1802 1188 1841 ipsius
1207 1801 1401 1832 obedientia

422 1857 678 1888 perseveremus.
731 1845 775 1877 Et
807 1846 875 1885 ipse
905 1843 1014 1876 David
1043 1845 1134 1875 nobis
1167 1844 1264 1875 huius
1295 1854 1388 1875 usum

423 1889 578 1922 historiae
602 1888 732 1921 Psalmo
756 1888 854 1919 tertio
877 1887 1038 1928 proponit,
1070 1898 1169 1927 quum
1201 1887 1261 1917 ait:
1294 1886 1390 1918 Multi

423 1933 537 1970 dicum,
567 1932 638 1972 quis
665 1931 702 1963 de
728 1931 874 1962 manibus
903 1929 1040 1961 hostium
1070 1933 1096 1961 te
1125 1929 1290 1961 liberabit?
1325 1929 1390 1961 Ubi

424 1975 558 2007 minime
581 1974 715 2006 dubium
737 1979 784 2005 est
807 1973 885 2013 quin
905 1972 944 2004 de
967 1973 1034 2004 suis
1057 1971 1207 2012 loquatur
1226 1972 1389 2009 militibus,

425 2024 458 2050 ct
481 2024 555 2058 agat
579 2017 619 2048 de
642 2016 742 2049 variis
765 2015 1008 2047 incredulorum
1031 2015 1243 2052 sermonibus,
1275 2015 1390 2054 quibus

424 2061 530 2092 iustus
553 2059 737 2092 labefactari
761 2067 793 2090 et
805 2058 884 2090 fides
904 2058 1005 2098 ipsius
1017 2057 1144 2090 concuti
1163 2068 1254 2097 posse
1268 2057 1390 2089 videre-

425 2108 488 2140 tur,
512 2113 610 2143 quum
635 2101 725 2133 Deus
754 2112 819 2133 non
849 2101 953 2142 primo
983 2110 1108 2140 quoque
1139 2105 1282 2140 tempore
1312 2100 1390 2140 ipsis

426 2146 587 2178 subvenit.
644 2144 709 2176 Sed
758 2144 828 2176 istis
867 2142 1107 2175 incredulorum
1158 2143 1390 2174 tentationibus

426 2188 535 2221 obiicit
558 2188 666 2219 vultus
689 2187 752 2219 Dei
775 2186 979 2227 splendorem
998 2196 1097 2226 supra
1115 2195 1159 2225 se,
1193 2195 1288 2225 quem
1311 2186 1391 2216 mul-

428 2238 533 2263 torum
558 2231 696 2262 militum
721 2230 824 2261 instar
847 2229 916 2260 fore
939 2228 1025 2267 dicit,
1050 2233 1082 2259 et
1101 2228 1276 2269 perfectam
1299 2238 1391 2258 suam

426 2274 614 2306 felicitatem
646 2278 678 2304 et
707 2272 876 2304 laetitiam.
929 2271 1149 2311 Quamobrem
1186 2271 1213 2302 si
1244 2270 1392 2302 volumus

430 2316 498 2348 Deo
528 2316 665 2347 firmiter
695 2315 878 2352 adhaerere,
910 2320 942 2346 et
973 2313 1011 2345 ab
1041 2324 1077 2345 eo
1108 2324 1172 2345 non
1203 2313 1304 2344 averti
1336 2324 1392 2345 nos
1417 2317 1418 2321 ’

427 2359 706 2392 circumstantium
737 2358 904 2389 hominum
928 2356 1160 2391 incredulitate,
1192 2355 1298 2387 Deum
1323 2366 1391 2395 pre-

428 2413 548 2438 cemur,
573 2408 607 2432 ut
633 2412 690 2432 nos
714 2401 764 2431 sui
789 2400 959 2441 splendore
984 2399 1096 2430 vultus
1118 2398 1259 2436 irradiet,
1291 2397 1321 2428 id
1346 2403 1392 2429 est

428 2456 462 2476 se
486 2450 630 2476 nostrum
645 2449 859 2483 protectorem
883 2449 914 2473 et
927 2442 1126 2474 defensorem
1146 2452 1180 2473 re
1199 2441 1268 2482 ipsa
1286 2446 1392 2472 osten-

428 2488 491 2524 dat,
516 2493 551 2518 ut
577 2488 607 2517 in
632 2487 731 2527 ipsius
755 2485 979 2517 benevolentia
1002 2485 1281 2525 conquiescamus:
1312 2494 1393 2523 quae

428 2529 519 2561 nobis
554 2530 649 2561 unica
689 2530 782 2568 longe
822 2529 863 2560 sit
904 2528 1074 2568 pretiosior
1112 2537 1208 2567 quam
1248 2526 1393 2557 omnium

429 2572 596 2604 hominum
620 2571 780 2612 quaelibet
805 2577 881 2602 vota
904 2571 1021 2611 quibus
1045 2570 1253 2602 veliementer
1272 2569 1393 2609 agitan—

428 2621 488 2646 tur.

427 2658 597 2695 sententia,
630 2657 733 2688 Deum
759 2657 851 2688 nobis
876 2657 992 2694 favere,
1021 2661 1051 2687 et
1081 2661 1229 2696 paratum
1260 2665 1330 2686 esse
1359 2654 1392 2684 in

1199 213 1400 245 HOMILIA
1432 213 1609 246 Lxxxll.

1418 2451 1419 2476 1
1444 2442 1640 2474 audivimus.

535 2615 616 2646 Nam
639 2614 699 2646 nisi
722 2614 863 2655 penitius
883 2614 999 2645 animis
1020 2613 1138 2645 nostris
1157 2612 1297 2644 haeserit
1316 2611 1393 2642 haec
1418 2633 1420 2639 .

2344 214 2406 246 448

1437 308 1532 339 rebus
1557 307 1704 347 angustis
1718 304 2112 337 auxiliumlaborantibus
2123 305 2217 341 ferre.
2241 317 2408 347 nunquam

1438 350 1533 381 fidem
1565 348 1767 381 servabimus
1797 358 1901 387 neque
1931 348 2062 379 modum
2091 348 2320 381 retinebimus:
2351 349 2408 381 sed

1438 392 1627 432 inexplebili
1651 390 1808 422 desiderio
1831 401 1959 430 semper
1981 389 2174 422 ardebimus.

1525 435 1684 473 Deinceps
1709 444 1786 464 vero
1805 434 1962 472 sequitur,
1985 432 2146 464 Davidem
2167 433 2206 464 de
2220 434 2281 465 Dei
2295 434 2406 465 volun-

1437 486 1503 509 tate
1533 479 1701 509 certiorem
1729 476 1849 507 factum
1886 486 2094 516 progressum
2130 486 2199 508 esse
2233 476 2406 508 adversum

1437 520 1641 558 philistaeos,
1672 524 1704 549 et
1727 519 1872 549 iumenta
1900 518 2044 558 ipsorum
2075 519 2230 559 abegisse,
2260 525 2292 551 et
2323 520 2408 559 ipsos

1437 573 1555 603 magna
1584 562 1679 602 plaga
1707 561 1912 601 percussisse.
1958 561 2022 593 Hic
2051 563 2218 601 quaeritur
2247 561 2407 602 quomodo

1438 606 1491 636 fiat
1516 605 1637 635 mentio
1657 603 1815 644 pecudum
1835 609 1891 635 aut
1909 603 2128 635 iumentorum
2149 603 2407 642 Philistinorum,

1436 647 1698 687 quandoquidem
1726 646 1943 686 oppugnaturi
1972 652 2133 678 venerant
2169 647 2281 678 urbem
2317 647 2407 678 illam

1437 690 1536 722 Ceila.
1582 689 1649 721 Sed
1667 688 1903 720 observandum
1929 689 2025 720 urbes
2049 699 2110 720 uon
2135 689 2276 721 obsideri
2299 700 2318 721 a
2340 696 2408 721 tam

1437 743 1608 764 numeroso
1631 732 1785 767 exercitu,
1810 732 1872 762 nisi
1896 731 2016 763 abactis
2039 732 2192 772 gregibus
2223 740 2255 764 et
2278 743 2407 764 armen-

1437 776 1477 807 tis
1501 786 1597 815 quam
1621 774 1717 815 longe
1740 774 1870 814 lateque
1893 782 2036 814 possunt,
2068 780 2104 805 ut
2134 774 2280 807 hostibus
2303 775 2407 807 maius

1437 817 1676 850 incommodum
1700 817 1858 853 adferant,
1888 823 1920 848 et
1943 818 2027 848 fame
2050 817 2121 848 illos
2144 817 2239 848 citius
2262 825 2406 850 enecent.

1437 860 1564 892 Deinde
1587 860 1626 891 ad
1650 860 1732 891 tanti
1755 861 1916 891 exercitus
1939 860 2058 891 cibaria
2082 870 2147 891 non
2177 860 2289 900 paucis
2312 870 2407 900 pecu-

1437 903 1532 935 dibus
1554 914 1634 943 opus
1656 909 1736 934 erat.
1773 903 1945 934 Praeterea
1963 913 2060 943 quum
2085 902 2162 934 urbs
2184 902 2240 934 illa
2259 902 2407 934 Philisti-

1437 956 1554 978 norum
1566 946 1686 977 finibus
1709 952 1793 977 esset
1811 945 1969 986 proxima,
1994 951 2026 976 et
2044 944 2215 977 Philistaei
2238 945 2408 986 planitiem

1437 995 1642 1029 occuparent,
1674 988 1811 1029 pecudes
1834 998 1909 1020 suas
1932 996 1964 1019 et
1993 994 2140 1019 armenta
2170 994 2346 1029 potuerunt
2373 989 2408 1020 in

1437 1037 1567 1072 pastum
1601 1031 1776 1068 adducere,
1814 1031 1848 1062 in
1886 1031 2027 1062 hostium
2061 1031 2311 1063 incommodum.
2356 1030 2409 1062 Ita

1437 1075 1554 1106 dicitur
1584 1074 1691 1106 David
1721 1073 1866 1114 abegisse
1888 1073 2139 1105 Philistaeorum
2170 1083 2294 1114 greges,
2324 1077 2410 1113 post-

1411 1154 1412 1161 *
1437 1128 1531 1157 quam
1556 1117 1642 1157 ipsos
1675 1127 1792 1158 magna
1815 1116 1911 1157 plaga
1941 1117 2160 1156 percussisset,
2191 1123 2225 1148 et
2254 1126 2319 1148 non
2349 1115 2407 1147 ah-

1437 1170 1519 1200 quos
1549 1166 1677 1191 tantum
1706 1159 1772 1191 levi
1801 1159 1923 1199 praelio
1959 1159 2161 1190 sustulisset:
2195 1157 2252 1190 sed
2289 1168 2409 1199 magna

1438 1203 1657 1234 internecione
1690 1209 1795 1234 totum
1829 1202 2007 1234 exercitum
2049 1202 2261 1242 profligasset.
2318 1201 2407 1232 Hinc

1438 1252 1571 1286 apparet
1594 1245 1821 1277 miraculosam
1840 1245 1939 1276 fuisse
1953 1244 2090 1276 Davidis
2109 1244 2288 1275 victoriam.
2322 1243 2409 1275 Nam

1439 1289 1499 1320 etsi
1535 1298 1689 1319 numerus
1723 1288 1775 1320 hic
1815 1297 1879 1318 non
1912 1288 2115 1327 exprimatur
2148 1286 2409 1325 Philistinorum‚

1440 1338 1549 1362 tamen
1572 1342 1612 1361 ex
1635 1330 1676 1362 iis
1697 1341 1780 1371 quae
1802 1335 1877 1361 ante
1899 1330 2041 1362 vidimus
2060 1340 2230 1369 possumus
2252 1329 2411 1361 coniicere

1440 1384 1505 1405 non
1528 1378 1656 1404 tantum
1676 1379 1724 1405 ter
1747 1377 1804 1404 aut
1822 1378 1936 1412 quater
1956 1372 2043 1404 mille
2061 1372 2209 1403 homines
2227 1371 2411 1404 excurrisse

1440 1416 1480 1448 ad
1504 1416 1613 1448 Ceilae
1637 1415 1802 1447 vexandos
1831 1416 1968 1447 incolas:
1999 1414 2056 1446 sed
2085 1422 2240 1455 tanquam
2269 1414 2410 1446 locustas

1441 1459 1564 1500 ingenti
1596 1469 1730 1490 numero
1760 1457 1900 1489 militum
1931 1463 2052 1490 terram
2081 1456 2277 1498 implevisse.
2313 1456 2410 1496 Quod

1439 1502 1532 1534 facile
1562 1502 1641 1539 fuit,
1676 1507 1847 1542 propterea
1877 1500 1963 1541 quod
1993 1500 2112 1532 finibus
2143 1499 2288 1541 ipsorum
2319 1499 2411 1532 Geila

1442 1545 1549 1577 vicina
1571 1550 1665 1585 esset,
1688 1551 1720 1576 et
1743 1546 1775 1576 in
1795 1543 1954 1575 eiusmodi
1976 1543 2108 1584 regione
2127 1542 2280 1575 facillime
2297 1552 2410 1574 omnes

1441 1588 1547 1619 vocati
1588 1588 1794 1619 conveniant.
1859 1586 1912 1619 Sic
1961 1586 2056 1617 hodie
2092 1586 2215 1617 Turcas
2260 1584 2410 1617 videmus

1413 1661 1414 1664 ,
1440 1630 1591 1662 facillime
1614 1636 1744 1662 eentum
1767 1639 1923 1670 equorum
1947 1628 2050 1660 millia
2077 1629 2111 1659 in
2135 1627 2268 1668 planitie
2291 1627 2410 1668 exiguo

1440 1679 1571 1714 sumptu
1595 1673 1699 1705 alere:
1728 1684 1829 1714 quum
1853 1671 1927 1703 alibi
1951 1672 2061 1703 decem
2084 1670 2188 1702 millia
2216 1670 2338 1702 maiore
2359 1671 2410 1702 in-

1439 1716 1607 1748 commodo
1630 1723 1662 1747 et
1684 1715 1853 1756 dispendio
1867 1715 1922 1746 vix
1945 1716 2144 1746 nutriantur.
2178 1714 2222 1746 Et
2244 1717 2410 1754 praeterea·

1439 1758 1564 1791 incolae
1596 1759 1736 1799 regionis
1769 1758 1857 1790 illius
1897 1757 2022 1789 facilius
2062 1757 2150 1789 tenui
2185 1756 2271 1789 victu
2305 1757 2410 1789 vitam

1442 1802 1591 1840 tolerant,
1622 1812 1718 1842 quam
1742 1802 1878 1833 istarum
1905 1801 2084 1841 regionum.
2130 1798 2186 1831 Sic
2215 1799 2317 1840 igitur
2345 1798 2411 1830 illis

1440 1843 1640 1885 temporibus
1674 1844 1768 1876 facile
1802 1844 1877 1881 fuit,
1911 1842 1995 1883 quod
2031 1842 2149 1874 nostris
2183 1841 2411 1874 difficillimum

1441 1887 1580 1924 videtur,
1602 1893 1666 1918 tam
1683 1897 1892 1918 numerosum
1913 1885 2092 1917 exercitum
2111 1884 2270 1926 colligere.
2300 1883 2411 1916 David

1442 1940 1517 1962 vero
1540 1930 1701 1961 sexcentis
1725 1935 1854 1961 tantum
1877 1928 2050 1960 comitatus
2073 1927 2161 1965 viris,
2190 1932 2223 1958 et
2251 1926 2317 1958 illis
2339 1926 2411 1968 qui-

1442 1973 1514 2004 dem
1550 1983 1615 2003 non
1649 1978 1716 2004 tam
1750 1972 1918 2004 instructis
1953 1981 2050 2011 quam
2082 1977 2177 2002 erant
2206 1970 2325 2008 hostes,
2353 1967 2411 2002 sed

1442 2022 1562 2047 temere
1586 2015 1713 2054 coactis,
1737 2021 1773 2046 ut
1795 2025 1893 2055 supra
1917 2014 2066 2052 vidimus,
2088 2024 2130 2044 ex
2142 2013 2220 2044 viris
2244 2014 2277 2044 in
2290 2023 2411 2052 angus-

1442 2059 1486 2090 tia
1509 2058 1703 2096 constitutis,
1733 2062 1766 2090 et
1794 2068 1868 2089 aere
1898 2057 2002 2088 alieno
2031 2056 2201 2096 oppressis,
2230 2062 2263 2087 et
2291 2055 2411 2088 idcirco

1442 2111 1545 2142 paene
1568 2101 1756 2139 inermibus,
1780 2106 1811 2131 et
1834 2105 2002 2140 practerea
2014 2104 2102 2129 metu
2115 2098 2272 2137 attonitis,
2296 2102 2333 2129 ut
2355 2097 2411 2139 qui

1443 2145 1599 2175 hactenus
1619 2144 1652 2175 in
1665 2143 1828 2184 speluncis
1840 2142 2052 2179 delituissent,
2072 2140 2283 2172 nihilominus
2302 2145 2412 2173 tamen

1442 2187 1476 2218 in
1500 2192 1624 2218 tantam
1647 2187 1737 2218 illam
1760 2185 2001 2218 multitudinem
2025 2193 2144 2224 magno
2167 2183 2276 2215 animo
2306 2183 2411 2224 impe-

1443 2234 1511 2261 tum
1546 2230 1630 2267 fecit,
1664 2233 1695 2260 et
1729 2229 1875 2269 sequitur
1909 2228 2033 2268 impetu
2067 2227 2168 2264 facto,
2202 2226 2411 2268 profligatum

1443 2272 1609 2313 ingentem
1644 2271 1737 2303 illum
1773 2271 1953 2302 exercitum
1988 2269 2253 2310 Philistinorum,
2286 2269 2342 2310 qui
2375 2269 2412 2301 in

1443 2315 1542 2347 armis
1565 2320 1659 2346 erant
1681 2314 1848 2346 exercitati
1871 2318 1902 2344 et
1920 2323 2038 2353 magno
2051 2322 2186 2343 numero
2204 2311 2411 2353 superabant,

1417 2367 1419 2376 ¹
1444 2362 1476 2389 et
1505 2358 1615 2389 multis
1645 2357 1776 2398 praeliis
1806 2356 1938 2387 fuerunt
1965 2355 2123 2386 Israelitis
2152 2355 2352 2395 superiores,
2380 2359 2411 2386 et

1444 2400 1573 2440 quidem
1604 2400 1729 2440 ingenti
1766 2398 1862 2431 caede
1899 2403 2158 2439 prostraverant,
2192 2403 2227 2428 ut
2263 2397 2411 2439 superius

1692 2442 1767 2474 Non
1798 2442 1892 2473 aliter
1923 2441 2022 2481 igitur
2053 2439 2197 2472 iudicare
2227 2450 2410 2481 possumus,

1444 2496 1538 2524 quani
1563 2485 1648 2525 quod
1673 2486 1762 2516 Deus
1793 2484 1961 2516 brachium
1993 2493 2085 2514 suum
2118 2494 2135 2514 e
2163 2483 2251 2514 coelo
2282 2482 2410 2522 extulit,

1445 2534 1480 2557 ut
1512 2527 1630 2559 Davidi
1664 2528 1834 2559 victoriam
1863 2527 1902 2558 de
1931 2526 2078 2557 hostibus
2107 2525 2214 2562 daret,
2253 2525 2339 2565 quod
2369 2537 2411 2558 ex

1445 2578 1562 2601 eventu
1597 2571 1675 2601 satis
1710 2576 1757 2602 est
1795 2569 2012 2610 perspicuum.
2070 2567 2152 2607 Quis
2193 2568 2280 2599 enim
2315 2570 2410 2600 unius

1446 2611 1582 2644 Davidis
1602 2613 1790 2644 fortitudine
1804 2618 1930 2644 tantum
1943 2621 2059 2651 agmen
2080 2611 2285 2651 profligatum
2304 2610 2408 2643 dicat?

1446 2654 1651 2687 Fortitudine
1674 2655 1803 2696 quidem
1827 2655 1918 2686 illum
1948 2653 2070 2695 insigni
2100 2653 2282 2694 praeditum
2313 2653 2409 2686 fuisse
