2551 3044
428 215 490 246 419
1223 214 1423 247 HOMILIA

427 309 466 341 ad
486 308 644 340 Davidem
665 307 860 339 servandum
882 308 1036 347 abutitur,
1059 313 1090 340 et
1104 312 1206 339 totum
1232 308 1315 340 istud
1340 320 1394 340 ne-

427 353 548 394 gotium
567 351 758 382 miraculose
783 351 916 390 perficit.
951 351 1017 383 Nos
1040 353 1141 392 igitur
1164 351 1225 383 hoc
1245 351 1395 392 exemplo

426 395 586 426 diseamus
617 394 650 424 iu
674 393 736 425 Dei
771 393 913 424 bonitate
935 395 1189 434 conquiescens
1204 404 1325 435 nosque
1349 395 1394 426 illi
1420 385 1423 476 ι

426 444 508 469 totos
538 437 742 477 permittere,
785 435 918 475 eiusque
952 437 1178 476 providentiae
1212 444 1244 468 et
1277 448 1394 469 arcano

425 479 558 512 consilio
585 479 723 510 salutem
755 486 898 510 nostram
923 479 1100 512 ascribere:
1131 485 1164 511 et
1186 490 1226 511 ne
1250 490 1394 520 unquam
1420 482 1422 499 ¹

425 523 610 554 dubitemus
633 522 710 562 quin
734 529 913 562 opportuno
937 529 1080 563 tempore
1115 523 1196 554 ferat
1224 523 1394 562 auxilium,

425 576 524 606 quum
547 566 578 595 in
592 574 734 596 summas
747 565 913 601 angustias
925 564 1174 596 devenerimus:
1200 565 1324 598 aclicet
1336 576 1394 606 per

425 608 513 639 mille
533 608 646 638 mortis
669 607 856 638 discrimina
874 607 966 639 nobis
983 609 1024 639 sit
1044 607 1286 646 ambulandum,
1310 619 1393 640 nun·

424 661 521 691 quam
552 656 660 682 tamen
691 651 925 690 permissurum
949 657 985 681 ut
1008 651 1135 691 penitus
1156 650 1394 689 absorbeamur,
1420 675 1421 693 ἶ

424 693 480 725 sed
493 703 593 724 manu
609 704 667 724 sua
686 700 715 723 et
730 693 890 733 praesidio
905 699 1065 725 tecturum
1079 693 1180 726 donec
1192 693 1232 724 ad
1245 699 1394 725 aeternae
1420 699 1421 735 ξ

425 736 539 768 salutis
562 736 748 767 fruitionem
774 734 955 767 deduxerit.

510 779 580 810 Iam
606 790 680 810 vero
704 780 798 819 agite,
822 781 873 810 etc.

1448 216 1584 248 LXXX
1590 218 1615 247 V
2355 221 2418 254 480

1447 316 1527 384 cmii
1548 309 1709 384 lsperanda
1739 311 1861 352 gratia,
1890 311 1945 343 sed
1977 312 2084 353 potius
2115 314 2219 345 omnis
2249 314 2360 348 feritas
2386 320 2420 347 et

1420 373 1422 380 ·
1447 363 1503 384 eru
1529 364 1545 384 e
1560 360 1635 390 itas,

1678 358 1713 384 ut
1747 364 1810 385 non
1845 361 1928 385 esset
1963 354 2079 386 melior
2107 355 2245 388 Davidis
2278 357 2418 390 conditio

1447 396 1571 433 futura,
1607 406 1703 435 quam
1735 396 1806 428 ovis
1841 397 1872 428 in
1907 397 2000 437 lupos
2031 397 2212 431 incidentis.
2257 399 2418 441 Fugiebat

1447 438 1576 478 quidem
1595 437 1702 469 David
1725 437 1766 470 ab
1789 449 1852 470 una
1876 445 1975 480 parte,
1998 441 2053 471 sed
2078 451 2149 472 eum
2168 440 2276 474 Saulis
2298 442 2418 476 milites

1447 481 1486 511 ab
1510 481 1610 511 altera
1633 481 1678 512 sic
1701 482 1987 522 persequebantur,
2011 491 2044 513 ut
2067 494 2131 515 non
2151 490 2260 524 posset
2278 485 2419 526 amplius

1447 524 1588 564 effugere
1618 529 1649 555 et
1679 534 1782 564 neque
1817 524 1958 555 latebrae
1988 525 2095 565 ipsum
2125 531 2236 567 tegere
2270 533 2418 568 possent:

1447 572 1477 597 et
1502 565 1609 597 nullus
1639 574 1810 607 appareret
1838 569 1953 598 exitus.
1999 566 2217 607 Quamobrem
2249 570 2418 602 hominum

1448 609 1598 649 opinione
1626 609 1862 640 conclamatum
1887 616 1971 649 erat,
2006 616 2038 641 et
2060 610 2197 643 Davidis
2226 612 2315 645 salus
2345 613 2418 646 des-

1448 657 1569 692 perata.
1608 650 1690 690 Quis
1706 662 1782 692 ergo
1797 651 1890 683 illum
1907 662 1946 683 ex
1959 653 2123 693 sepulchri
2143 654 2289 687 saucibus
2308 655 2416 688 eruit?

1448 695 1517 726 Nae
1536 694 1727 725 admiranda
1745 694 1808 725 fuit
1828 695 1919 732 ratio,
1944 705 2017 726 nam
2036 706 2110 727 ecce
2132 696 2242 730 hostes
2264 698 2418 731 ecclesiae

1420 749 1421 756 ¹
1447 737 1689 773 infensissimos,
1713 743 1744 767 et
1769 735 2024 775 crudelissimos,
2047 748 2183 778 quorum
2206 750 2304 780 opera
2326 741 2418 774 Deus

1420 789 1421 819 j
1447 781 1548 811 utitur
1564 780 1603 810 ad
1625 780 1763 811 salutem
1777 779 1916 811 Davidis
1934 781 2183 820 provocandam.
2208 782 2417 817 Irruentibns

1418 823 1421 863 ξ
1445 824 1531 854 enim
1552 823 1616 853 illis
1635 823 1666 853 in
1683 821 1847 860 Iudaeam,
1867 822 1946 854 Saul
1965 830 2096 855 coactus
2115 830 2163 855 est
2178 835 2251 856 cum
2266 827 2418 859 omnibus

670 911 916 952 HOMILIA
938 911 1143 952 LXXXV.
1417 893 1420 967 l

779 966 880 999 OAP.
903 966 1034 999 XXIV.
1418 1005 1419 1026 Χ

510 1038 537 1067 1.
562 1035 710 1067 Ascendit
732 1046 802 1076 cryo
821 1035 928 1067 David
950 1035 1028 1073 inde,
1053 1038 1081 1067 et
1099 1035 1247 1067 habitavit
1265 1036 1297 1066 rin
1318 1036 1392 1067 locis
1417 1029 1419 1095 4

422 1079 589 1111 tutissimis
613 1077 784 1118 Eri-yaddi.
830 1078 859 1109 2.
886 1078 1020 1118 Cumque
1042 1089 1182 1110 reversus
1203 1082 1279 1110 esset
1302 1078 1390 1115 Saul,
1416 1097 1419 1127 Ι

417 1126 583 1162 postquam
607 1123 789 1159 persecutus
818 1123 861 1152 est
884 1120 1086 1160 Pladistacos,
1117 1122 1334 1152 utentior-erunt
1363 1122 1391 1152 ei

421 1165 572 1197 dicentes:
596 1164 675 1196 Ecce
693 1163 802 1196 David
822 1164 854 1194 in
872 1164 988 1195 deserto
1011 1167 1052 1195 est
1075 1163 1248 1204 En-yacldi.
1281 1164 1310 1196 3.
1331 1165 1390 1195 As·
1416 1179 1419 1203 2

419 1218 546 1240 sume-ns
574 1218 643 1247 erqo
670 1206 747 1238 Saul
776 1207 838 1237 tria
862 1206 962 1238 millia
993 1207 1153 1238 electorum
1186 1207 1325 1238 virorum
1354 1217 1391 1238 ea:
1417 1210 1418 1218 ¹

421 1250 505 1282 omni
527 1250 631 1281 Israel
654 1250 795 1288 perrexit
823 1249 865 1280 ad
895 1250 1108 1289 restiyandum
1131 1249 1239 1280 David
1261 1253 1287 1281 et
1312 1250 1392 1281 viros
1417 1255 1418 1258 ’

423 1294 492 1324 eius
514 1293 607 1324 etiam
629 1302 722 1332 super
743 1291 983 1331 abruptissimas
1000 1295 1110 1331 petras
1137 1303 1214 1332 quae
1235 1293 1310 1324 solis
1332 1293 1390 1323 ibi-

423 1335 509 1368 cibus
535 1335 664 1376 perviae
696 1337 777 1366 sunt.
828 1335 858 1366 4.
890 1334 931 1365 Et
966 1335 1045 1366 venit
1074 1335 1116 1365 ad
1148 1335 1255 1366 caulas
1289 1336 1391 1366 orium

422 1388 502 1420 quae
531 1388 564 1410 se
586 1377 749 1417 offerebant
771 1378 884 1415 vianti,
912 1380 1036 1417 eratque
1063 1377 1107 1408 ibi
1129 1378 1274 1417 spelunca
1297 1389 1391 1417 quam

420 1423 582 1462 inqressus
603 1423 647 1452 cst
671 1419 751 1451 Saul
774 1422 805 1451 ut
822 1422 974 1460 pict-flaret
996 1423 1137 1458 ventrem,
1161 1430 1260 1460 porro
1284 1421 1391 1452 David

423 1467 450 1496 et
468 1464 530 1495 viri
549 1464 616 1495 eius
635 1464 667 1494 in
689 1463 832 1494 interiore
844 1465 935 1502 parte
954 1462 1115 1502 speluncae
1130 1463 1269 1495 latebant.
1304 1464 1332 1495 ἴ).
1351 1463 1391 1494 Et
1416 1471 1418 1494 J

423 1507 568 1538 dixerunt
594 1506 676 1536 servi
697 1505 806 1537 David
835 1506 876 1537 ad
905 1515 988 1536 eum:
1021 1505 1099 1537 Ecce
1126 1505 1193 1537 dies
1214 1506 1251 1538 de
1268 1518 1329 1546 qua
1351 1507 1390 1538 lo-

422 1551 513 1581 cutus
537 1552 580 1580 est
603 1548 761 1579 Dominus
783 1549 825 1579 ad
847 1551 888 1585 Ie,
920 1547 988 1588 Eyo
1010 1548 1135 1580 tradam
1156 1548 1212 1580 tibi
1232 1550 1392 1580 inimicum
1417 1551 1419 1589 ξ

423 1596 509 1624 tuum
532 1594 565 1622 ut
584 1591 686 1631 facias
712 1591 740 1622 ci
762 1592 840 1622 sicut
856 1591 1014 1630 placuerit
1037 1592 1069 1622 in
1087 1592 1184 1623 oculis
1204 1592 1276 1623 tuis.
1315 1592 1391 1624 Sur-

423 1635 504 1667 rexit
530 1644 599 1674 erqo
621 1633 745 1673 David,
775 1636 803 1664 et
818 1634 992 1673 praescidit
1013 1644 1100 1665 oram
1122 1634 1292 1674 chlamydis
1313 1635 1392 1667 Saul

424 1677 558 1709 silenter.
610 1677 638 1707 6.
667 1675 739 1707 Post
769 1676 841 1708 haec
867 1677 1020 1716 percussit
1042 1687 1092 1708 cor
1113 1687 1205 1708 suum
1226 1678 1333 1709 David
1361 1690 1392 1709 eo

425 1720 505 1760 quod
534 1719 714 1750 abscidisset
743 1729 831 1750 oram
860 1719 1032 1759 chlamydis
1055 1719 1143 1751 Saul.
1189 1720 1217 1751 7.
1242 1721 1393 1761 Dicitque

423 1763 466 1794 acl
488 1762 572 1794 viros
590 1772 679 1793 suos:
705 1761 868 1801 Propitius
885 1762 926 1793 sit
947 1762 1027 1793 mihi
1045 1762 1202 1794 Dominus
1219 1773 1256 1794 no
1276 1764 1393 1803 faciam
1418 1764 1419 1795 1

422 1805 502 1836 lianc
535 1815 599 1836 rem
630 1804 752 1835 domino
782 1815 846 1836 meo
878 1804 999 1837 Christo
1028 1805 1174 1843 Domini,
1212 1809 1244 1837 ut
1273 1807 1393 1838 mittam
1418 1802 1419 1812 ¹

421 1858 549 1879 manum
584 1857 683 1878 mermi
717 1848 751 1878 iu
781 1857 867 1879 eum:
904 1848 980 1886 quia
1012 1847 1154 1880 Christus
1183 1848 1313 1880 Domini
1341 1853 1392 1881 est.

422 1889 527 1931 (Vivit
538 1890 568 1932 ἐξ)
585 1890 752 1929 Dominus,
775 1891 848 1930 quia
871 1890 936 1922 uisi
955 1890 1111 1922 Dominus
1122 1893 1310 1930 percusserit
1325 1903 1393 1923 eum

423 1936 479 1965 aut
509 1933 576 1964 dies
603 1934 670 1964 eius
700 1934 814 1964 venerit
844 1936 875 1964 ut
906 1934 1059 1965 mwialur
1081 1936 1135 1965 aut
1156 1934 1337 1966 descendens
1362 1937 1393 1966 in

419 1976 577 2016 praelium
595 1976 735 2015 perierit,
755 1977 917 2016 propitius
939 1975 1018 2007 milii
1040 1977 1082 2008 sit
1101 1976 1257 2009 Dominus
1280 1981 1312 2008 ut
1334 1988 1394 2009 non
1420 1983 1421 2000 ³

422 2019 544 2050 mittam
572 2028 699 2050 manum
730 2029 828 2050 meam
858 2019 893 2050 in
923 2018 1080 2050 Christum
1103 2019 1255 2060 Domini.)
1300 2021 1328 2052 8.
1353 2021 1395 2052 Et
1420 2035 1421 2046 κ

424 2061 570 2102 consreyit
588 2061 696 2093 David
714 2062 798 2093 viros
815 2072 888 2093 suos
905 2061 1108 2101 sermon-ibus,
1128 2065 1155 2093 ct
1173 2073 1232 2094 non
1249 2064 1395 2103 permisit

424 2114 475 2135 eos
498 2107 531 2135 ut
551 2107 763 2144 consumerent
786 2104 817 2135 iu
837 2104 934 2136 Saul:
951 2115 1046 2144 porro
1069 2104 1151 2137 Saul
1171 2115 1337 2148 exsurycns
1358 2108 1395 2138 dc

424 2147 570 2186 spelunca
586 2146 732 2187 pcryebat
754 2150 852 2186 coepto
876 2148 991 2179 itinere.

511 2232 669 2272 Superest
693 2232 783 2264 nobis
806 2243 847 2263 ox
871 2243 968 2273 supra
997 2233 1090 2265 dictis
1113 2233 1271 2274 quoddam
1296 2240 1393 2274 caput

423 2275 646 2306 observatione
669 2274 896 2315 dignissimum
921 2275 1178 2317 expendendum,
1202 2277 1393 2309 miraculosa
1418 2304 1419 2307 ,

424 2318 578 2349 nimirum
610 2318 745 2349 Davidis
772 2318 934 2356 liberatio,
964 2319 1015 2351 cui
1047 2319 1214 2351 hominum
1244 2320 1393 2360 opinione
1418 2323 1421 2354 l

425 2367 457 2392 et
480 2360 597 2392 iudicio
620 2360 709 2391 nulla
733 2360 855 2400 reliqua
877 2372 948 2401 spes
971 2361 1086 2394 salutis
1110 2362 1293 2401 videbatur,
1318 2373 1391 2394 nam

424 2408 461 2434 ut
491 2409 565 2434 ante
590 2402 747 2441 vidimus,
779 2403 870 2434 illum
896 2403 1004 2436 Saulis
1034 2405 1142 2445 copiae
1172 2405 1217 2436 sic
1249 2405 1392 2446 undiquc

424 2445 632 2485 premebant,
667 2452 703 2476 ut
734 2445 823 2477 nulla
851 2457 924 2486 spes
954 2454 1037 2479 esset
1068 2448 1245 2485 evasionis,
1279 2447 1334 2479 sed
1359 2449 1390 2479 in

426 2488 568 2520 hostium
600 2498 714 2520 manus
746 2495 902 2521 venturus
927 2490 1105 2529 videretur,
1139 2502 1157 2522 a
1187 2490 1303 2532 quibus
1326 2501 1390 2522 non

511 2598 539 2629 ⁸)
561 2600 635 2631 Quae
647 2599 690 2624 hic
701 2603 848 2632 sequuntur
861 2602 889 2625 in
902 2602 985 2626 veteri
996 2602 1143 2633 exemplari
1154 2609 1257 2628 versum
1271 2606 1391 2628 octavum

425 2634 535 2699 ξῖἕὲλίειζιει
549 2633 679 2659 dicuntur
695 2636 742 2658 mi
757 2634 781 2659 Ιι.
792 2635 807 2659 I.
821 2635 917 2666 spuria
933 2640 995 2660 sunt
1010 2640 1034 2661 et
1045 2644 1077 2662 ea:
1087 2644 1146 2669 cap.
1158 2635 1217 2662 XX
1226 2636 1264 2662 VI
1276 2636 1350 2667 υ.10,
1361 2635 1391 2660 11

1418 866 1419 872 ’
1445 866 1511 898 suis
1544 866 1668 896 viribus
1701 864 1764 896 illis
1795 874 1978 904 occurrere,
2012 876 2052 897 ne
2085 865 2255 899 devastata
2288 869 2418 910 regione

1445 919 1581 949 rognum
1595 909 1692 938 etiam
1705 917 1800 939 suum
1815 909 1988 939 amitteret.
2013 908 2118 948 Quam
2137 920 2214 950 crgo
2227 910 2418 944 admiranda

1445 952 1506 982 Dei
1531 951 1680 988 consilia,
1710 961 1807 990 quam
1839 950 2184 991 incomprehensibiles
2209 953 2280 985 viae
2303 953 2417 995 ipsius,

1445 1001 1476 1025 et
1507 995 1646 1025 rationes
1676 993 1792 1034 quibus
1821 993 1888 1024 suis
1921 993 2124 1034 opitulatur?
2175 994 2262 1027 Sane
2292 1007 2350 1029 nos
2379 1007 2417 1030 eo

1445 1037 1670 1068 vehementius
1703 1037 1897 1067 commoveri
1927 1036 1966 1067 ad
1997 1037 2099 1077 ipsius
2130 1037 2285 1070 virtutem
2316 1050 2415 1081 agno-

1444 1080 1610 1117 scendum,
1633 1084 1665 1110 et
1688 1079 1813 1110 meritis
1837 1078 1986 1110 laudibus
2009 1078 2261 1120 praedicandum
2280 1086 2415 1122 oportet,

1445 1130 1475 1154 et
1506 1131 1710 1161 summopere
1740 1132 1854 1153 cavere
1886 1133 1926 1152 ne
1948 1122 2096 1154 fortunae
2127 1123 2308 1156 tribuamus
2330 1125 2416 1166 quod

1446 1165 1556 1196 divina
1583 1163 1790 1205 providentia
1814 1164 1995 1204 dispensat,
2025 1165 2094 1196 sola
2117 1166 2254 1197 caritate
2278 1167 2418 1200 adducta

1445 1209 1476 1239 in
1501 1219 1554 1239 eos
1584 1217 1663 1248 quos
1693 1207 1795 1247 gratis
1824 1207 1855 1237 in
1881 1207 2018 1239 filiorum
2042 1218 2215 1239 numerum
2238 1210 2414 1250 adoptavit.

1445 1250 1634 1282 Incredulos
1650 1250 1781 1290 quidem
1799 1250 1902 1281 fatcor
1917 1250 2056 1282 dicturos
2073 1252 2205 1282 fortuito
2221 1251 2416 1286 Philistaeos

1445 1295 1477 1325 in
1499 1293 1651 1325 Iudaeam
1672 1292 1784 1324 fecisse
1803 1294 1971 1333 impetum,
1991 1294 2046 1333 qui
2065 1293 2184 1325 Davidi
2204 1294 2285 1326 nihil
2307 1296 2416 1328 minus

1445 1336 1602 1378 cogitanti
1626 1335 1725 1366 fucrit
1747 1341 1965 1376 opportunus,
1990 1337 2072 1376 quod
2097 1347 2138 1367 ex
2161 1347 2258 1369 causa
2280 1337 2415 1370 Saulem

1445 1379 1624 1420 oportuerit
1653 1378 1692 1410 ab
1726 1378 1797 1418 ipso
1826 1378 2050 1419 persequendo
2081 1377 2244 1411 desistere.
2289 1381 2415 1413 Verum

1445 1423 1504 1454 hoc
1537 1421 1696 1462 principio
1725 1421 1786 1452 niti
1815 1421 1926 1452 fideles
1963 1426 2105 1462 oportet,
2140 1422 2251 1454 oeulos
2281 1423 2414 1456 Domini

1445 1475 1514 1497 esse
1548 1474 1647 1504 supra
1679 1464 1792 1496 iustos.
1844 1464 1934 1496 Deus
1968 1465 2067 1505 igitur
2097 1465 2253 1506 vigilabat
2287 1465 2415 1499 Davide

1446 1508 1630 1539 laborante:
1656 1511 1688 1538 et
1710 1506 1802 1537 illum
1826 1517 1866 1538 ex
1889 1507 1999 1538 Saulis
2021 1518 2122 1538 manu
2147 1507 2283 1540 liberare
2306 1509 2415 1542 decre·

1445 1552 1501 1589 vit,
1521 1560 1557 1581 ac
1576 1549 1710 1590 proinde
1730 1555 1761 1581 et
1780 1550 1938 1581 rationem
1954 1550 2060 1590 ipsum
2082 1549 2239 1582 liberandi
2249 1551 2415 1592 ·instituit;

1446 1593 1695 1625 Philistaeorum
1724 1593 1821 1624 corda
1855 1593 1900 1624 sic
1930 1603 2062 1633 regens,
2095 1598 2131 1625 ut
2153 1604 2216 1633 quo
2239 1594 2337 1626 vellet
2358 1595 2416 1626 im-

1446 1637 1588 1678 pelleret,
1613 1642 1708 1676 atque
1732 1642 1796 1667 tam
1821 1641 2011 1675 opportune,
2036 1641 2071 1667 ut
2093 1647 2134 1667 ne
2153 1635 2193 1667 ad
2212 1643 2415 1669 momentum

1445 1679 1574 1720 quidem
1600 1689 1706 1710 moras
1725 1684 1901 1709 necterent.
1933 1677 2155 1717 Quamobrem
2177 1679 2336 1711 occultam
2351 1679 2415 1712 Dei

1446 1722 1682 1764 providentiam
1717 1731 1931 1762 agnoscamus
1966 1722 1998 1752 in
2032 1721 2072 1753 iis
2106 1722 2256 1754 omnibus
2288 1722 2416 1755 casibus

1446 1776 1524 1806 quos
1544 1765 1668 1805 profani
1688 1764 1838 1796 fortuitos
1858 1763 1986 1795 dieunt:
2008 1770 2040 1795 et
2057 1769 2225 1804 praeterea
2235 1765 2415 1797 notandum

1447 1819 1512 1840 non
1543 1807 1638 1839 modo
1671 1817 1736 1838 non
1767 1806 1877 1838 deesse
1907 1807 2049 1838 rationes
2072 1806 2143 1838 Deo
2170 1807 2327 1848 implendi
2357 1818 2416 1840 sua

1419 1871 1420 1876 =
1446 1850 1598 1883 consilia:
1627 1850 1682 1881 sed
1714 1860 1787 1881 eum
1818 1850 1864 1880 uti
1895 1849 2044 1882 omnibus
2073 1850 2142 1882 suis
2171 1850 2269 1882 rebus
2290 1851 2416 1888 creatis,

1448 1894 1524 1935 quin
1548 1893 1645 1925 etiam
1669 1893 1748 1933 ipsis
1772 1891 1923 1931 diabolis,
1955 1903 2035 1932 quos
2059 1892 2108 1924 vel
2133 1892 2252 1925 invitos
2274 1893 2417 1926 fidelium

1447 1937 1584 1968 salutem
1598 1946 1790 1976 promovere
1803 1936 1904 1976 cogit:
1918 1936 2053 1967 exitium
2067 1935 2113 1966 illi
2126 1935 2255 1976 quidem
2269 1939 2418 1968 nostrum

1448 1980 1552 2010 fateor
1581 1983 1737 2019 perpetuo
1768 1978 1964 2009 moliuntur:
2000 1979 2055 2010 scd
2079 1978 2170 2010 Deus
2200 1979 2322 2010 virtute
2357 1989 2418 2012 sua

1447 2027 1581 2053 conatus
1612 2022 1754 2061 ipsorum
1786 2021 1819 2052 in
1853 2021 2052 2053 contrarium
2086 2031 2213 2062 semper
2235 2021 2347 2061 vertit,
2384 2027 2418 2054 et

1447 2065 1525 2105 ipsis
1559 2066 1659 2096 bonos
1690 2063 1821 2103 angelos
1850 2064 1985 2104 opponit
2014 2068 2145 2095 nostrae
2179 2063 2293 2096 salutis
2322 2074 2417 2096 veros

1448 2108 1673 2145 administros,
1701 2117 1779 2147 quos
1808 2106 1853 2138 ait
1875 2106 2034 2147 propheta
2056 2106 2110 2138 Ps.
2134 2107 2176 2138 34
2198 2106 2284 2139 circa
2305 2107 2417 2139 fidelos

1447 2158 1553 2182 castra
1576 2150 1708 2188 metari,
1737 2153 1768 2180 et
1795 2159 1904 2181 eorum
1935 2149 2100 2181 custodiae
2129 2150 2175 2181 sic
2198 2159 2217 2181 a
2238 2148 2310 2181 Deo
2332 2159 2416 2182 com-

1447 2194 1571 2234 missos,
1601 2197 1638 2224 ut
1661 2193 1694 2224 in
1716 2197 1861 2223 nostram
1885 2191 2022 2223 salutem
2049 2196 2204 2232 perpetuo
2226 2192 2415 2234 invigilent:

1447 2237 1613 2276 proprium
1651 2245 1728 2276 ergo
1769 2234 1959 2276 angelorum
2006 2235 2148 2266 officium
2189 2240 2239 2266 est
2272 2235 2418 2268 fidelium

1447 2278 1592 2310 custodia
1633 2283 1664 2309 et
1702 2277 1857 2309 adversus
1899 2277 2040 2309 hostium
2075 2277 2216 2318 impetus
2249 2278 2352 2310 tutela
2384 2283 2417 2311 et

1447 2320 1606 2362 defensio,
1640 2320 1696 2352 sed
1726 2321 1856 2352 interim
1886 2321 1984 2351 etiam
2013 2319 2107 2351 Deus
2138 2320 2292 2352 virtutem
2323 2331 2417 2353 suam

1446 2364 1574 2405 longius
1603 2363 1709 2395 adhuc
1727 2362 1874 2394 extendit
1901 2373 1973 2394 cum
2000 2363 2095 2394 rebus
2117 2363 2266 2395 omnibus
2290 2364 2417 2403 creatis,

1447 2406 1485 2437 ad
1506 2417 1638 2438 suorum
1663 2406 1938 2438 confirmationem
1964 2405 2076 2444 utitur,
2100 2405 2225 2446 sibique
2247 2406 2416 2445 subiectas,

1445 2455 1476 2480 et
1498 2449 1537 2480 ad
1560 2449 1778 2480 ministerium
1801 2453 1932 2490 paratas
1954 2458 1988 2480 re
2008 2449 2076 2488 ipsa
2098 2449 2259 2489 patefacit.
2303 2449 2417 2490 Neque

1445 2492 1532 2522 enim
1563 2497 1691 2523 tantum
1721 2491 1881 2523 elementa
1904 2491 1974 2522 Deo
2005 2491 2190 2522 inserviunt
2215 2501 2313 2531 quum
2336 2502 2416 2532 opus

1446 2541 1509 2573 est,
1543 2534 1599 2565 sed
1622 2535 1719 2566 etiam
1749 2533 1801 2566 hic
1832 2533 1982 2566 videmus
2006 2533 2199 2565 Philistaeos
2223 2533 2342 2566 Davidi
2364 2534 2415 2566 in-

1446 2577 1637 2609 festissimos
1667 2577 1721 2617 qui
1745 2576 1926 2617 discerpere
1959 2577 2065 2617 ipsum
2099 2576 2218 2608 millies
2241 2581 2414 2617 optassent,

1446 2619 1638 2651 Philistaeos
1667 2620 1800 2660 inquam
1823 2619 1894 2651 Deo
1916 2619 2075 2651 inservire
2105 2619 2144 2650 ad
2169 2619 2307 2652 Davidis
2328 2622 2415 2652 tuta-

1418 2670 1419 2680 *
1446 2662 1574 2699 tionem,
1595 2667 1626 2694 et
1645 2673 1683 2694 ex
1699 2662 1813 2694 mortis
1832 2661 1974 2702 periculo
1990 2661 2224 2705 liberationem,
2243 2663 2288 2694 ita
2305 2666 2414 2694 tamen

2497 2840 2515 2889 -s-
2510 2810 2516 2823 -
2500 2524 2525 2794 &sset-“3

2496 2890 2509 2910 ,ι
