2551 3044
330 207 389 236 715>
1150 203 1351 234 HOMILIA
1376 202 1463 234 CVI.
2250 202 2311 233 716

330 300 539 333 nihilomiuus
577 299 681 338 ipsum
722 297 889 333 lacessant,
930 307 992 327 non
1024 296 1133 336 aliquo
1166 301 1291 326 tantum

329 345 445 374 damno
469 341 624 372 all'ecturi.
649 339 703 370 scd
727 340 824 369 vitam
850 339 908 379 ipsi
926 339 1078 377 erepturi,
1102 349 1167 369 non
1186 339 1293 369 minus

329 396 435 417 coram
462 385 530 415 Deo
559 392 669 413 sontes
703 381 912 418 habebantur,
937 392 1033 421 quam
1058 381 1084 412 si
1108 381 1210 412 vitam
1233 382 1293 420 ipsi

329 428 531 468 eripuissent,
583 436 679 465 quam
724 424 802 455 adeo
853 424 1054 455 obstinanter
1099 424 1292 464 petiverunt.

329 474 438 510 Quare
468 479 566 509 quum
595 468 750 499 adversus
783 468 889 507 ipsum
919 466 1037 503 Deum,
1074 473 1105 497 et
1139 465 1294 498 adversus

329 514 518 545 electionem
561 512 662 550 ipsius
703 511 929 550 pugnaverint,
976 518 1056 548 quas
1091 519 1208 548 poenas
1242 520 1321 550 eos¹

329 558 424 588 fuisse
444 555 576 586 meritos
589 553 808 584 arbitramur?
834 552 971 583 Minime
989 552 1089 592 igitur
1100 551 1294 588 mirandum,

328 602 352 632 si
379 599 469 630 Deus
493 608 548 628 eos
573 596 759 627 Philistaeis
785 595 939 634 permisit,
974 605 1052 634 quos
1076 595 1108 625 in
1133 594 1294 635 peculium
1320 613 1321 616 =

328 644 479 682 elegerat,
502 640 555 679 qui
580 638 834 670 circumcisionis
846 638 976 678 signum
991 647 1068 677 prae
1082 647 1116 668 se
1139 637 1295 675 ferebant,
1320 639 1321 675 3

328 695 358 717 et
382 685 520 716 liliorum
546 681 607 712 Dei
640 681 869 712 testimonium.
907 680 981 711 Non
1005 680 1092 711 enim
1115 680 1295 720 quicunque
1320 702 1321 708 η

329 730 457 769 signum
483 725 602 757 habent
625 724 780 758 exterius.
805 728 835 754 et
858 733 892 754 se
911 724 1106 764 profitentur
1127 723 1294 754 ecelesiam
1320 724 1321 746 ἶ

328 782 397 803 esse
423 770 493 805 Dei,
525 775 602 799 sunt
634 777 667 797 re
698 767 766 806 ipsa
791 766 887 797 tales:
919 765 1190 806 quemadmodum
1222 775 1294 804 pro-

328 815 425 855 pheta
449 810 589 843 Psalmis
615 811 662 840 15.
686 817 718 840 et
741 809 790 840 24.
816 808 935 839 multos
957 808 1046 849 autff)
1070 808 1103 839 in
1127 808 1294 840 ecclesiam
1320 812 1321 851 J

330 857 449 892 venire,
482 859 512 885 et
536 853 693 884 sacrificia
716 852 786 882 Deo
817 853 934 882 offerre
957 861 1028 882 cum
1053 850 1209 887 fidelibus,
1241 850 1295 890 qui
1320 874 1321 877 η

330 909 435 930 tamen
461 898 493 928 in
518 896 580 927 Dei
605 895 698 926 domo
720 905 785 925 non
808 896 872 925 sint
896 895 1050 925 mansuri.
1082 893 1157 931 Sed,
1182 893 1294 932 inquit,
1320 905 1322 926 :

330 943 383 982 qni
410 950 524 972 manus
544 945 575 970 et
593 948 648 969 eor
667 937 824 968 mundum
844 937 1016 968 habebunt.
1041 935 1169 975 Quibus
1189 935 1295 967 verbis
1320 965 1321 972 ,

331 985 450 1016 indicat
490 981 677 1023 hypocritas
718 980 793 1011 licet
834 979 997 1011 interdum
1037 979 1224 1017 efferantur,
1265 986 1296 1008 ct
1320 987 1322 1017 ξ

331 1029 469 1068 primum
492 1025 526 1056 in
545 1024 680 1056 ecclesia
698 1023 805 1055 locum
823 1028 996 1063 occupent:
1017 1032 1083 1053 non
1095 1021 1166 1053 ideo
1186 1027 1295 1052 tamen

331 1073 428 1102 fixam
459 1068 568 1100 sedem
599 1074 632 1098 et
661 1065 894 1096 habitationem
924 1065 959 1096 in
988 1064 1050 1096 Dei
1081 1064 1176 1096 domo
1207 1063 1295 1094 habi-

331 1123 433 1149 turos,
464 1110 520 1143 sed
551 1120 591 1141 ex
615 1108 669 1140 illa
694 1108 824 1140 tandem
855 1107 1029 1139 eiiciendos
1052 1112 1084 1138 et
1107 1106 1296 1138 exscinden-

332 1157 399 1188 dos.
445 1154 606 1194 Quamvis
636 1153 737 1192 igitur
767 1151 934 1182 Israelitae
968 1151 1148 1182 circumcisi
1178 1155 1295 1185 essent,

330 1210 395 1230 non
430 1197 502 1229 ideo
537 1202 645 1226 tamen
687 1205 750 1225 non
785 1199 877 1225 erant
912 1192 1047 1233 improbi
1085 1199 1116 1224 et
1151 1192 1295 1232 maligni.

331 1284 439 1326 populi
463 1281 633 1314 Israelitici
657 1279 886 1321 gloriabantur.

416 1327 590 1358 Caeterum
609 1333 703 1362 saepe
722 1322 881 1363 contingit
900 1322 1006 1353 Deum
1029 1332 1104 1352 suos
1127 1321 1295 1360 castigare,

331 1380 362 1402 ct
391 1369 520 1410 quidem
552 1376 632 1406 quos
664 1366 696 1397 in
726 1365 866 1396 filiorum
902 1364 998 1396 habet
1032 1374 1166 1394 numero
1198 1363 1295 1393 variis

331 1411 559 1445 afflictionibus
589 1418 744 1443 coercere,
776 1408 809 1438 in
839 1407 954 1447 quibus
983 1407 1080 1438 etiam
1110 1406 1179 1446 ipsa
1209 1416 1295 1436 mors

332 1452 627 1496 comprehenditur,
658 1457 689 1482 et
719 1456 825 1481 tamen
857 1448 1097 1481 misericordem
1126 1458 1196 1480 esse
1219 1459 1296 1488 erga

334 1502 427 1540 ipsos,
451 1495 535 1537 quod
558 1494 633 1526 huic
656 1493 775 1534 populo
798 1493 971 1533 contigisse
994 1491 1154 1523 videmus.
1184 1491 1296 1530 Neque
1320 1509 1323 1518 ›

333 1543 420 1574 enim
449 1539 582 1571 dubium
617 1542 665 1568 est
699 1537 776 1576 quin
812 1536 933 1567 fuerint
961 1535 996 1566 in
1028 1539 1118 1566 tanto
1152 1535 1296 1565 exercitu

334 1584 426 1616 multi
458 1583 511 1623 qui
536 1580 599 1613 Dei
621 1579 746 1610 timoris
776 1589 883 1610 semen
908 1578 940 1609 in
964 1588 998 1610 se
1021 1576 1214 1611 retinebant,
1242 1576 1297 1616 qui

333 1637 441 1659 tamen
465 1636 484 1657 a
506 1628 609 1656 morte
639 1632 704 1653 non
727 1622 859 1653 fuerunt
888 1620 1041 1660 exempti.
1094 1620 1198 1650 Testis
1229 1624 1295 1650 esto

333 1671 401 1709 ipse
424 1667 634 1701 Ionathanus,
664 1665 756 1696 cuius
786 1663 884 1695 fidem
909 1668 942 1695 et
970 1663 1191 1703 integritatem
1221 1672 1298 1702 erga

334 1711 495 1744 Davidem
526 1708 676 1746 vidimus,
712 1707 804 1739 cuius
837 1706 1025 1738 modestiam
1061 1705 1297 1745 conspeximus,

334 1766 432 1795 quum
456 1754 542 1785 ultro
566 1750 685 1783 Davidi
704 1759 799 1789 quam
823 1749 892 1780 iure
921 1748 1136 1779 haereditario
1160 1748 1298 1778 retinere

333 1808 425 1839 posse
457 1795 627 1828 videbatur
658 1794 779 1833 regiam
804 1792 994 1832 dignitatem
1019 1792 1102 1822 ultro
1125 1791 1237 1822 cessit:
1268 1796 1299 1821 et

334 1840 387 1872 vel
427 1848 505 1871 suae
555 1838 638 1868 vitae
677 1835 820 1876 periculo
868 1833 1004 1865 Davidis
1044 1844 1173 1865 causam
1215 1833 1298 1873 apud

334 2018 464 2043 terrena
487 2008 647 2049 quaelibet
676 2016 778 2046 regna
799 2005 882 2037 fecit.
929 2004 993 2036 Sed
1016 2005 1070 2036 ille
1093 2010 1204 2036 tamen
1228 2014 1299 2034 cum

336 2055 462 2094 reliqua
486 2052 577 2093 plebe
600 2050 670 2082 sine
693 2048 759 2080 ullo
782 2047 967 2080 discrimine
990 2047 1135 2078 moritur.
1171 2046 1300 2078 Siccine

336 2107 413 2129 vero
446 2095 535 2128 caedi
568 2092 787 2125 Ionathanum
825 2091 881 2131 qui
914 2100 986 2122 cum
1023 2090 1151 2121 Davide
1189 2089 1301 2120 foedus

337 2141 463 2176 inierat,
487 2145 520 2169 et
540 2146 691 2169 coronam
714 2134 759 2165 illi
784 2140 935 2170 cesserat,
965 2143 1028 2173 quo
1052 2137 1196 2173 tempore
1220 2132 1300 2164 Saul

336 2187 428 2224 pater
440 2190 578 2221 regnum
596 2178 736 2214 tenebat,
757 2176 894 2217 fugitivo
905 2182 938 2208 et
956 2176 1073 2208 misero
1096 2186 1165 2207 sese
1194 2175 1299 2206 subie-

336 2230 434 2262 cerat,
465 2229 497 2255 et
519 2223 619 2254 solius
641 2219 842 2252 obedientiae
864 2229 941 2251 suae
968 2218 1110 2250 fructum
1133 2222 1300 2258 exspecta-

337 2267 414 2300 bat?
445 2267 563 2299 siccine
587 2264 678 2296 illum
701 2274 758 2303 spe
781 2272 840 2294 sua
862 2272 931 2294 esse
953 2260 1166 2293 frustratum?
1213 2259 1301 2292 Sane

337 2308 604 2352 promissionibus
645 2307 764 2337 divinis
807 2306 868 2337 ista
909 2314 1091 2345 repugnare
1131 2303 1299 2336 videntur:

338 2364 460 2389 verum,
490 2356 529 2383 ut
551 2355 626 2382 ante
650 2349 800 2387 diximus,
831 2348 905 2380 licet
929 2347 1089 2379 Dominus
1118 2356 1192 2378 suos
1214 2346 1301 2377 iusto

338 2396 456 2428 iudicio
479 2393 563 2425 mori
588 2392 675 2430 velit,
705 2391 916 2422 nihilominus
938 2402 973 2422 se
997 2400 1073 2430 erga
1095 2390 1182 2430 ipsos
1204 2389 1300 2420 mise·

338 2438 495 2471 ricordem
519 2435 659 2467 exhibet.
683 2435 774 2465 Deus
793 2434 878 2465 enim
892 2433 989 2465 habet
1014 2433 1097 2464 unde
1119 2436 1304 2472 compenset

338 2493 401 2519 eos,
433 2480 486 2521 qui
517 2489 605 2519 spem
629 2478 663 2509 in
693 2478 763 2517 ipso
785 2487 876 2508 suam
901 2480 1123 2516 reposuerunt,
1154 2475 1253 2506 etiam
1275 2474 1302 2505 si

338 2536 378 2556 ex
402 2524 462 2555 hoc
485 2521 605 2553 mundo
624 2521 709 2561 ipsos
732 2520 858 2560 eripiat.
882 2519 951 2550 Nae
970 2520 995 2550 si
1015 2528 1179 2550 summum
1198 2516 1302 2548 homi-

339 2567 388 2598 nis
418 2566 538 2597 bonum
568 2564 600 2595 in
625 2562 754 2595 caducis
784 2563 854 2594 istis
877 2562 971 2593 rebus
994 2562 1193 2599 consisteret,
1216 2569 1303 2591 mors

425 2659 451 2691 “·)
472 2658 555 2691 Leqe:
574 2657 619 2683 ait.

1347 297 1441 327 rebus
1465 295 1612 326 omnibus
1636 296 1732 325 linem
1757 295 1912 325 adferret:
1944 306 1979 326 ac
2009 295 2143 335 proinde
2166 301 2311 327 mortuos

1348 339 1437 369 Deus
1461 348 1516 377 spe
1540 347 1597 368 sna
1622 337 1842 374 frustraretur,
1872 336 1987 376 quibus
2010 347 2045 368 se
2068 337 2311 368 benefacturum

1346 382 1544 421 promiserat.
1592 379 1658 410 Nos
1689 379 1798 419 itaque
1831 379 1980 411 videntes
2007 380 2146 420 optimos
2169 390 2312 420 quosque

1346 424 1436 459 mori,
1461 424 1599 454 sciamus
1623 422 1729 453 Deum
1759 423 1837 462 ipsis
1860 423 1892 453 in
1915 422 2011 454 coelis
2035 428 2068 454 et
2091 423 2157 454 vita
2180 428 2313 453 aeterna

1348 467 1531 497 felicitatem
1563 464 1649 495 illam
1682 475 1820 501 servare,
1859 475 1921 504 qua
1956 465 1988 496 in
2024 465 2118 496 terris
2152 465 2213 495 frui
2248 474 2313 495 non

1348 514 1490 549 possunt,
1515 518 1573 538 nec
1597 518 1614 538 a
1641 507 1708 538 Deo
1731 508 1881 547 accipere.
1929 507 2086 547 Equidem
2111 517 2174 538 non
2198 507 2312 547 ignoro

1348 552 1496 591 profanos
1517 550 1664 581 homines
1683 550 1754 580 istis
1777 550 1873 581 rebus
1896 549 2026 589 offendi,
2051 557 2083 581 et
2103 550 2313 581 vehementer

1348 593 1518 634 indignari,
1553 603 1589 623 ac
1621 592 1720 623 veluti
1751 602 1821 624 cum
1854 592 1924 623 Deo
1959 593 2030 624 istis
2061 591 2166 624 verbis
2197 593 2311 625 rixari:

1348 637 1477 676 Ergone
1518 636 1654 666 moritur
1697 635 1851 666 innocens
1893 635 2103 674 Ionathanus,
2145 635 2200 675 qni
2239 645 2313 667 cum

1348 678 1475 710 Dat-ide
1506 677 1616 709 foedus
1645 682 1860 713 contraxerat.v
1895 688 2029 718 sperans
2063 688 2097 709 se
2128 678 2314 709 humaniter

1347 730 1377 753 et
1408 721 1546 761 benigne
1577 720 1617 752 ab
1646 721 1716 760 ipso
1746 721 1868 760 regiam
1901 721 2093 761 dignitatem
2116 726 2314 760 consequuto

1348 770 1520 795 tractatum
1546 763 1607 794 iri?
1655 763 1740 801 Quid
1772 763 1858 794 enim
1891 763 1954 794 iam
1986 770 2112 794 mortuo
2141 762 2312 803 superest?

1350 806 1639 838 Vcrumenimvero
1679 816 1698 836 a
1738 806 1945 846 profanorum
1987 805 2156 837 hominum
2194 804 2314 837 talibus

1347 850 1478 881 vocibus
1520 848 1692 880 abhorrere
1733 853 1800 879 toto
1834 849 1941 879 animo
1982 848 2144 886 debemus,
2184 854 2218 879 et
2250 858 2313 879 non

1347 892 1441 923 modo
1484 902 1549 922 non
1583 891 1702 922 offendi
1736 891 1908 922 Ionathani
1951 896 2070 922 morte:
2111 890 2167 922 sed
2202 901 2243 921 ex
2276 901 2315 922 ea

1348 936 1454 975 potius
1485 934 1698 965 certissimam
1728 939 1879 965 aeternae
1914 935 2000 965 vitae
2034 933 2313 965 confirmationem

1348 978 1506 1017 accipere:
1531 983 1563 1008 et
1581 987 1681 1017 quum
1702 986 1791 1017 spem
1812 977 1844 1007 in
1862 977 1968 1007 Deum
1989 986 2143 1016 reponere
2163 976 2314 1007 docemur

1347 1021 1455 1052 oculos
1496 1019 1558 1051 alio
1599 1029 1695 1059 quam
1729 1019 1762 1050 in
1805 1019 1889 1050 hunc
1924 1018 2081 1051 mundum
2115 1024 2314 1050 convertere.

1348 1063 1433 1102 Quid
1465 1064 1511 1094 ita
1539 1061 1640 1093 vero?
1671 1061 1846 1093 Ionathani
1869 1072 1958 1093 mors
1979 1062 2066 1093 vitae
2088 1061 2232 1093 melioris
2265 1067 2316 1093 est

1349 1105 1440 1137 nobis
1463 1104 1710 1136 testimonium?
1757 1104 1881 1145 Nempe
1911 1104 1996 1145 quod
2019 1115 2083 1136 non
2107 1104 2150 1136 sit
2172 1104 2315 1135 iniustus

1348 1149 1446 1185 Deus,
1471 1153 1507 1179 ut
1531 1147 1627 1179 fidem
1651 1148 1791 1187 frangat,
1813 1153 1845 1178 et
1867 1158 2000 1179 suorum
2022 1147 2212 1187 patientiam
2235 1146 2314 1178 obli-

1321 1192 1437 1222 ³vioni
1472 1190 1587 1228 tradat,
1621 1189 1716 1221 sicuti
1746 1189 1838 1222 docet
1871 1190 2044 1230 apostolus.
2099 1191 2146 1221 Ac
2179 1189 2315 1230 proinde

331 1242 417 1281 Quid
452 1239 519 1271 ita?
565 1238 691 1278 Nempe
728 1236 795 1268 solo
828 1237 966 1274 nominc,
1004 1240 1037 1267 et
1070 1235 1159 1266 inani
1202 1235 1324 1266 titulo⁴

1348 1240 1434 1265 certo
1465 1233 1672 1265 statuendum
1705 1237 1754 1264 est
1783 1233 1998 1264 Ionathanem
2032 1233 2166 1263 minime
2199 1232 2314 1263 lusisse

1348 1287 1489 1316 operam,
1513 1275 1643 1316 qnando
1668 1275 1787 1306 Davidi
1818 1275 1900 1308 fidus
1928 1276 2050 1307 amicus
2072 1276 2141 1307 fuit.
2187 1275 2315 1306 Merces

1349 1320 1436 1350 enim
1468 1320 1570 1360 ipsius
1589 1319 1723 1349 minime
1745 1317 1875 1358 quidem
1898 1318 1999 1350 oculis
2023 1318 2233 1358 conspicitur:
2257 1316 2314 1349 sed

1348 1363 1382 1393 in
1406 1362 1468 1393 Dei
1497 1371 1596 1393 manu
1626 1361 1729 1401 posita
1760 1365 1816 1392 est.
1863 1360 2084 1400 Quamobrem
2107 1361 2181 1392 licet
2210 1360 2314 1391 homi·

1348 1415 1427 1436 num
1450 1405 1602 1446 opinione
1625 1404 1842 1435 miserrimam
1865 1404 1899 1435 in
1925 1404 2020 1435 terris
2044 1405 2145 1435 vitam
2168 1412 2314 1444 agamus,

1349 1454 1380 1479 et
1417 1448 1488 1487 ipsa
1525 1457 1611 1478 mors
1642 1446 1779 1487 vestigia
1809 1457 1954 1486 premere
1984 1446 2140 1483 videatur,
2185 1451 2218 1476 et
2245 1446 2315 1486 ipse

1349 1501 1408 1522 nos
1431 1490 1592 1522 Dominus
1615 1489 1803 1526 deseruisse,
1834 1500 1875 1521 ne
1898 1495 2006 1521 tamen
2030 1488 2214 1520 dubitemus
2237 1488 2316 1528 quin

1350 1544 1383 1564 re
1407 1534 1477 1573 ipsa
1497 1533 1666 1572 patefaciat
1684 1542 1779 1564 suum
1793 1532 1950 1563 auxilium
1970 1536 2149 1572 opportuno
2161 1536 2315 1571 tempore,

1349 1581 1382 1607 et
1397 1587 1462 1607 non
1486 1576 1607 1606 frustra
1630 1576 1663 1606 in
1677 1575 1761 1606 filios
1784 1584 1842 1606 nos
1861 1585 1931 1606 esse
1955 1574 2134 1615 adoptatos,
2158 1579 2192 1605 et
2213 1578 2317 1614 pater-

1350 1629 1423 1650 nam
1441 1628 1552 1650 curam
1572 1618 1610 1649 de
1629 1617 1724 1649 nobis
1743 1617 1929 1649 habiturum
1948 1617 2141 1657 promisisse.
2166 1616 2316 1657 Denique

1350 1662 1424 1693 licet
1454 1662 1563 1702 ignota
1593 1661 1635 1692 sit
1665 1660 1756 1692 nobis
1787 1660 1970 1691 divinorum
2002 1659 2193 1691 iudiciorum
2225 1659 2316 1696 ratio,

1350 1704 1466 1744 quibus
1488 1703 1644 1735 Israelem
1674 1703 1832 1743 czxstigare
1856 1703 1967 1741 voluit,
1996 1713 2034 1734 ea
2057 1708 2165 1733 tamen
2189 1712 2317 1742 semper

1350 1754 1440 1779 recta
1463 1752 1495 1778 et
1518 1747 1690 1787 aequitatis
1713 1745 1808 1786 plena
1826 1746 1983 1778 sciamus:
2006 1750 2038 1777 et
2056 1745 2140 1776 idem
2160 1744 2317 1776 iudicium

1351 1789 1390 1821 de
1419 1788 1591 1821 Ionathani
1621 1788 1718 1820 caede
1747 1789 1897 1820 feramus.
1953 1788 2040 1820 Sane
2070 1787 2213 1819 maxima
2241 1797 2316 1827 pars

1325 1832 1574 1874 israelitarum
1615 1831 1722 1863 caedis
1761 1836 1854 1862 erant
1887 1841 1996 1863 coram
2029 1830 2101 1862 Deo
2134 1830 2191 1867 rei,
2231 1829 2316 1870 quod

334 1888 459 1924 patrem
479 1881 555 1922 egit,
579 1880 634 1920 qui
653 1878 823 1909 hominum
843 1877 995 1917 opinione
1014 1876 1088 1908 vilis
1107 1882 1139 1907 et
1157 1876 1300 1907 abiectus
1325 1913 1326 1918 ¹

335 1925 506 1958 homuncio
530 1923 632 1954 videri
656 1926 791 1961 poterat,
814 1925 846 1951 et
869 1930 964 1960 quem
989 1918 1067 1951 Saul
1093 1919 1300 1950 vehementer
1325 1943 1327 1953 Α

334 1969 463 2001 oderat:
494 1976 610 1998 verum
633 1965 723 1996 cuius
746 1963 937 1994 electionem
961 1962 1055 2002 longe
1079 1962 1181 2002 pluris
1204 1972 1299 2001 quam
1325 1958 1327 1991 ἶ

1353 1875 1514 1906 Davidem
1541 1875 1747 1906 innocentem
1782 1874 1968 1914 persequuti
2002 1873 2149 1910 fuissent,
2183 1871 2318 1912 ideoque

1352 1918 1465 1949 merito
1498 1917 1797 1949 incircumcisorum
1836 1927 1934 1948 manu
1968 1917 2058 1948 Deus
2090 1917 2176 1956 ipsos
2207 1914 2317 1956 puniri

1353 1961 1462 1992 voluit.
1515 1960 1716 1991 Ionathanus
1750 1970 1826 1990 vero
1856 1965 1888 1991 et
1921 1959 1976 1991 alii
2007 1959 2070 1999 ipsi
2104 1957 2226 1990 similes
2250 1966 2318 1988 non

1353 2004 1509 2034 deteriore
1539 2008 1708 2043 propterea
1737 2002 1921 2034 conditione
1951 2002 2092 2039 fuerunt,
2121 2000 2208 2041 quod
2231 2000 2317 2040 ipsos

1352 2046 1443 2077 Deus
1474 2047 1509 2077 in
1542 2055 1634 2077 suam
1667 2044 1807 2085 quietem
1842 2045 2009 2084 receperit,
2043 2042 2317 2084 quemadmodum

1352 2090 1466 2120 Esaias
1484 2088 1641 2129 propheta
1660 2088 1810 2128 loquitur,
1834 2087 2001 2127 inquiens:
2027 2086 2237 2127 Inqredimini
2254 2084 2318 2117 Dei

1351 2133 1483 2171 domum,
1515 2134 1541 2162 ct
1562 2132 1597 2162 in
1618 2141 1655 2162 ea
1675 2130 1816 2162 habitate.
1862 2130 1946 2161 Nam
1977 2130 2036 2161 etsi
2066 2128 2236 2169 propheta,
2259 2134 2317 2159 aut

1353 2175 1514 2206 Dominus
1537 2175 1605 2214 ipse
1627 2183 1684 2214 per
1707 2173 1898 2213 prophetam
1922 2172 2064 2212 loquitur
2087 2170 2127 2202 de
2156 2170 2316 2208 fidelibus,

1352 2217 1406 2257 qui
1433 2218 1466 2248 in
1492 2217 1581 2257 asylo
1611 2216 1750 2256 quodam
1779 2215 1903 2248 occulto
1926 2214 2136 2247 continentur
2161 2212 2317 2254 quamdiu

1352 2269 1444 2291 suam
1474 2260 1642 2292 ecclesiam
1665 2259 1755 2290 Deus
1778 2258 1906 2299 affligit,
1934 2257 2150 2289 nihilominus
2173 2255 2318 2288 ostendit

1352 2308 1489 2334 mortem
1512 2303 1656 2342 ipsorum
1675 2311 1738 2332 non
1758 2311 1827 2333 esse
1847 2301 2016 2332 interitum
2036 2305 2069 2331 et
2091 2298 2317 2339 perditionem,

1352 2345 1406 2376 sed
1431 2355 1499 2376 esse
1522 2346 1625 2376 instar
1648 2344 1791 2376 latebrae
1812 2342 1988 2381 cuiusdam,
2013 2342 2114 2373 donec
2133 2341 2263 2373 afflictio
2283 2346 2318 2372 et

1352 2388 1401 2418 ira
1424 2388 1485 2419 Dei
1508 2388 1718 2428 praeterierit.
1742 2387 1845 2418 Porro
1869 2385 2088 2417 Ionathanum
2106 2390 2173 2416 tam
2192 2384 2318 2415 duriter

1353 2441 1372 2461 a
1394 2430 1464 2461 Deo
1488 2435 1663 2462 tractatum
1685 2439 1787 2469 quum
1809 2429 1969 2466 videmus,
1991 2438 2033 2459 ne
2056 2427 2213 2459 miremur
2234 2426 2318 2467 opti-

1353 2483 1422 2504 mos
1443 2483 1584 2513 quosque
1607 2472 1710 2503 multa
1738 2481 1833 2511 saepe
1855 2471 1888 2502 in
1909 2470 2031 2502 mundo
2052 2469 2129 2510 pati,
2158 2473 2191 2501 et
2212 2468 2319 2510 gravi-

1353 2515 1414 2546 bus
1436 2526 1455 2546 a
1477 2516 1547 2547 Deo
1568 2515 1678 2556 poenis
1701 2515 1853 2546 exerceri.
1898 2513 1982 2544 Nam
2007 2513 2036 2544 si
2066 2512 2168 2544 viride
2190 2511 2318 2553 h'gnum

1354 2558 1454 2596 ardet,
1476 2559 1552 2598 quid
1576 2559 1659 2590 sicco
1682 2557 1825 2588 futurum
1850 2555 2070 2587 arbitramur?
2101 2554 2318 2587 Ionathanum

1355 2601 1495 2640 profecto
1536 2601 1632 2633 fuisse
1672 2600 1808 2632 aliorum
1850 2604 1998 2639 respectu
2039 2597 2128 2629 velut
2167 2597 2318 2637 angelum

1354 2650 1447 2674 extra
1476 2643 1607 2675 dubium
1637 2646 1700 2676 est:
1730 2641 1889 2683 siquidem
1920 2640 2079 2673 mundum
2108 2640 2197 2672 hunc
2225 2639 2318 2681 regni
