2551 3044
190 218 252 250 613

190 312 397 352 praecipitem
422 312 575 344 dedisset:
610 311 664 343 sed
696 311 846 351 quoniam
870 311 1028 341 Davidem
1064 311 1149 343 ultro

190 360 401 395 persequutus
426 360 481 392 est,
504 355 553 386 cui
579 359 683 385 tamen
697 354 883 385 benedicere
901 354 1036 394 cogitur,
1060 364 1150 394 opor-

190 397 253 428 tuit
276 398 378 438 ipsum
404 397 437 428 in
460 404 569 437 coepta
601 397 722 427 malitia
753 401 786 426 et
815 396 1015 427 contumacia
1041 407 1148 436 perse—

190 450 320 476 verare,
351 440 450 471 donec
479 439 511 469 in
542 439 691 480 abyssum
724 439 789 469 irae
819 438 881 469 Dei
911 439 980 469 sine
1010 439 1150 469 remedio

190 492 342 522 praeceps
367 482 512 512 ferretur.
533 481 605 512 Nos*
624 481 730 521 itaque
753 481 812 512 hoc
829 481 975 520 exemplo
989 480 1149 512 discamus

190 534 310 565 sapere,
334 529 364 555 et
390 525 421 554 in
446 523 652 563 simplicitate
672 529 703 554 et
726 523 880 554 modestia
901 534 958 554 nos
982 524 1148 554 continere

189 571 227 597 ut
260 567 291 597 in
323 566 384 596 Dei
419 566 558 596 filiorum
589 577 722 597 numero
750 577 950 602 censeamur,
985 573 1016 596 et
1047 567 1149 606 ipsius

189 608 442 640 benedict-ionem
455 608 627 648 implorare
647 609 815 649 possimus,
839 614 870 639 et
884 619 989 639 rerum
1004 609 1148 639 omnium

189 655 372 682 nostrarum
397 650 522 681 felicem
546 656 696 681 eventum
722 656 918 691 exspectare.
956 650 1048 689 Quae
1072 662 1149 682 vero

188 693 287 724 verba
310 698 503 733 sequuntur:
543 693 702 725 Conficies
722 694 815 734 plane
846 700 877 725 et
901 694 1032 724 omnino
1057 704 1148 733 prae·

188 735 325 774 valebis,
366 737 548 776 significant
582 736 741 767 Davidem
777 737 890 767 invitis
925 736 1074 766 omnibus
1109 736 1148 766 ad

188 779 309 819 regiam
334 778 525 818 dignitatem
558 785 797 818 perventurum.
833 778 897 810 Sed
921 780 947 809 si
972 779 1033 809 hoc
1055 783 1149 809 norat

189 819 277 858 Saul,
302 832 399 861 quare
422 821 522 861 igitur
544 821 704 852 Davidem
731 833 747 852 a
771 832 803 852 se.
823 821 977 852 dimittit?
1007 832 1063 852 eur
1083 832 1147 852 non

187 874 295 895 secum
320 863 458 894 retinet‘?
489 874 545 894 cur
577 875 638 895 non
670 870 701 894 et
724 864 830 904 ipsum
855 864 987 894 honeste
1011 863 1146 894 habuit?

188 906 311 946 Nempe
335 907 367 936 in
399 917 435 937 eo
465 907 582 937 clarius
613 912 746 946 apparet
776 907 884 938 Saulis
912 906 1083 944 induratio,
1117 912 1148 937 et

187 953 359 989 antequam
384 959 400 979 e
431 949 514 979 vivis
544 949 750 989 egrederetur
774 950 883 980 divina
913 948 1147 987 condemnatio,

187 991 444 1031 quandoquidem
470 997 580 1022 contra
604 992 833 1023 conscientiam
866 991 1022 1022 adversus
1047 992 1147 1022 Davi—

187 1033 258 1064 dem
282 1044 431 1074 pugnans
455 1034 486 1064 in
511 1035 615 1074 ipsum
640 1034 772 1065 Domini
803 1035 904 1065 nostri
928 1033 1000 1065 Iesu
1025 1034 1147 1065 Christi

186 1087 322 1117 regnum
350 1077 546 1117 insurgebat.
595 1077 727 1108 Adeone
756 1087 834 1108 vero
864 1077 1015 1107 insanum
1049 1077 1147 1108 fuisse

186 1118 319 1151 Saulem
345 1124 382 1150 ut
404 1119 506 1150 invito
525 1117 664 1150 Domino
689 1129 824 1160 regnum
850 1119 1010 1150 retineat?
1037 1119 1148 1159 Neque

186 1162 270 1192 enim
305 1161 453 1193 simulate
488 1161 611 1193 dicebat
648 1162 806 1193 Davidem
839 1173 947 1203 regem
982 1162 1058 1201 fore,
1092 1163 1146 1193 sed

186 1208 314 1235 coactus
343 1204 423 1244 quod
449 1204 538 1235 Deus
568 1205 627 1236 hoc
659 1205 877 1235 testimonium
910 1205 1009 1244 ipsius
1040 1206 1147 1235 animo

186 1247 282 1278 altius
309 1247 531 1287 impressisset,
563 1258 626 1278 non
656 1247 784 1287 quidem
816 1253 851 1278 ut
882 1248 962 1278 solet
992 1247 1082 1278 Deus
1113 1248 1144 1278 in
1171 1272 1172 1279 ,

185 1289 327 1320 fidelium
341 1289 491 1320 cordibus
504 1290 637 1330 gratiam
654 1301 742 1321 suam
758 1290 942 1330 obsignare:
967 1301 1040 1320 nam
1055 1291 1146 1330 signa

186 1342 266 1372 quae
291 1331 380 1363 Deus
403 1332 494 1363 nobis
517 1334 548 1363 in
574 1333 705 1363 ecclesia
730 1333 792 1371 dat,
823 1338 899 1363 sunt
921 1333 1024 1363 instar
1047 1334 1145 1374 sigilli

185 1374 267 1414 quod
293 1375 325 1405 in
350 1385 423 1406 cera
446 1375 534 1405 molli
558 1376 763 1415 imprimitur.
788 1375 878 1406 Deus
901 1376 1008 1415 itaque
1020 1376 1142 1407 miseri-

185 1417 326 1448 cordiam
358 1428 449 1448 suam
480 1418 512 1448 in
544 1418 659 1449 animis
690 1419 807 1449 nostris
838 1419 881 1449 sic
912 1418 1077 1459 obsignat,
1107 1423 1145 1449 ut

184 1470 334 1500 magnam
366 1471 407 1490 ex
437 1471 472 1491 ea
505 1461 697 1491 suavitatem
727 1461 904 1492 sentiamus
931 1466 963 1492 et
986 1462 1142 1501 percipia-

184 1513 267 1541 mus,
290 1502 425 1542 ideoque
449 1504 544 1533 etiam
558 1504 619 1534 Dei
643 1504 775 1543 spiritus
798 1508 931 1535 vocatur
947 1504 1047 1544 ipsius
1071 1515 1141 1544 pro-

184 1545 373 1576 missionum
397 1545 549 1586 sigillum‚
574 1546 657 1586 quod
681 1547 748 1585 ipse
763 1547 823 1577 Dei
848 1546 963 1586 spiritu
988 1547 1141 1577 autorita-

185 1592 248 1618 tem
285 1587 368 1628 apud
403 1599 460 1618 uos
492 1589 577 1628 ipsos
612 1589 774 1627 conciliet,
815 1589 973 1629 faciatque
997 1594 1031 1619 ut
1066 1590 1143 1629 ipsis

183 1630 279 1661 fidem
304 1630 521 1662 adhibeamus.
564 1631 628 1662 Sed
652 1631 743 1662 Deus
766 1631 825 1662 alia
851 1632 975 1662 ratione
998 1632 1142 1663 testimo-

184 1673 274 1703 nium
305 1674 396 1713 regni
427 1674 562 1705 Davidis
592 1675 623 1705 in
656 1675 762 1705 animo
787 1674 896 1705 Saulis
926 1675 1142 1714 impresserat,

184 1715 336 1746 nimirum
362 1721 396 1746 ut
419 1716 499 1747 solet
522 1717 606 1747 inuri
630 1717 782 1748 maleficis
806 1723 882 1747 nota
904 1717 1011 1757 aliqua
1035 1717 1085 1748 vol
1109 1719 1141 1748 in

183 1758 288 1788 fronte
319 1758 370 1788 vel
402 1759 464 1789 alia
492 1759 632 1799 corporis
663 1766 768 1799 parte,
798 1770 878 1799 quae
909 1765 984 1790 nota
1014 1764 1140 1791 tantum

183 1800 274 1831 abest
297 1800 422 1840 utipsis
435 1802 474 1832 sit
493 1801 617 1839 honori,
643 1808 677 1833 ut
692 1808 803 1833 contra
815 1808 970 1843 perpetuo
996 1802 1141 1834 dedecori

184 1843 226 1873 sit
239 1848 271 1873 et
282 1843 443 1874 infamiae.
468 1844 546 1875 Saul
571 1845 670 1885 igitur
688 1845 725 1876 de
738 1855 837 1885 regno
850 1845 986 1876 Davidis
1000 1846 1142 1885 loquitur

184 1885 268 1925 quod
292 1886 324 1915 in
357 1886 456 1925 ipsius
480 1887 586 1918 animo
609 1887 699 1918 Deus
729 1888 812 1919 hanc
835 1888 1060 1918 certitudinem
1083 1889 1140 1919 im-

183 1928 351 1968 pressisset
374 1934 520 1968 oportere
531 1929 690 1961 Davidem
715 1941 860 1971 regnare.
885 1931 951 1961 Nos
966 1941 1040 1961 vero
1063 1931 1140 1963 hine

184 1971 344 2002 discamus
359 1970 464 2002 Deum
477 1983 600 2013 rogare,
614 1978 650 2003 ut
663 1983 794 2004 suarum
808 1974 1058 2012 promissionum
1072 1985 1137 2005 eer-

182 2013 354 2044 titudinem
379 2015 424 2045 sic
447 2015 564 2046 animis
594 2017 713 2046 nostris
743 2016 909 2055 inscribat,
942 2027 982 2047 ne
1008 2016 1137 2047 Saulem

181 2056 356 2094 imitemur,
379 2056 433 2088 sed
458 2063 493 2088 ut
516 2058 623 2098 potius
648 2063 798 2098 tanquam
824 2066 927 2089 ceram
951 2059 1076 2090 flexiles
1099 2060 1137 2090 ad

181 2098 282 2138 ipsius
312 2099 500 2139 obsequium
532 2101 635 2132 faciat.
689 2101 803 2131 Davidi
835 2102 961 2141 quidem
997 2102 1138 2142 profecto

181 2141 261 2172 nihil
286 2143 443 2173 commodi
463 2147 518 2174 aut
540 2144 735 2174 incommodi
754 2143 917 2175 adferebat
945 2145 1007 2175 ista
1031 2144 1138 2176 Saulis

180 2184 383 2224 pollicitatio:
418 2186 471 2215 sed
502 2196 571 2216 eam
602 2191 709 2217 tamen
740 2186 786 2217 illi
819 2187 905 2218 Deus
936 2188 1071 2218 extorsit
1103 2193 1139 2218 ut

180 2237 308 2257 servum
333 2238 425 2258 suum
442 2228 597 2259 Davidem
623 2229 726 2268 magis
746 2240 782 2260 ac
805 2230 908 2269 magis
932 2231 1137 2261 confirmaret

180 2269 229 2300 vel
262 2269 362 2309 ipsius
400 2270 599 2302 infestissimi
637 2271 736 2302 hostis
765 2272 962 2303 confessione
993 2278 1024 2303 et
1051 2283 1135 2304 asse-

180 2313 360 2343 veratione:
392 2324 466 2343 nam
495 2315 555 2344 etsi
587 2313 666 2345 Saul
689 2314 751 2345 Dei
775 2314 933 2345 voluntati
965 2316 1136 2347 resistebat

179 2354 311 2395 eiusque
336 2355 499 2386 decretum
530 2362 676 2387 evertere
707 2357 879 2393 nitebatur,
908 2357 998 2389 Deus
1027 2364 1134 2389 tamen

178 2397 237 2437 ipsi
262 2398 362 2428 invito
386 2398 467 2430 hanc
492 2400 722 2430 confessionem
745 2400 887 2435 extorsit,
910 2405 1058 2440 oportere
1072 2402 1135 2432 Da-

179 2439 261 2470 vidis
291 2451 425 2480 regnum
456 2443 649 2472 confirmari.
695 2442 788 2481 Quod
816 2453 893 2473 sane
917 2443 1063 2474 veritatis
1088 2444 1133 2474 di·

178 2482 272 2513 vinae
302 2484 520 2515 testimonium
551 2495 614 2515 non
645 2495 780 2525 parvum
812 2485 937 2525 pondus
961 2485 1071 2516 habuit
1094 2486 1131 2517 ad

178 2523 336 2556 Davidem
372 2527 559 2566 erigendum
594 2533 624 2558 et
658 2528 896 2559 consolandum.
949 2528 1002 2560 Sic
1037 2529 1132 2559 Bala-

179 2577 286 2597 amum
311 2568 385 2598 olim
410 2570 555 2601 videmus
580 2581 708 2610 operam
733 2581 822 2601 suam
847 2570 1016 2602 locassent
1041 2582 1130 2602 men-

178 2610 301 2645 tiretur,
325 2616 357 2640 et
379 2612 565 2652 prophetiae
587 2618 754 2652 praetextu
779 2613 918 2644 falleret:
944 2613 998 2644 sed
1023 2619 1128 2645 tamen

176 2657 287 2683 contra
315 2660 453 2684 mentem
485 2655 582 2686 fuisse
605 2666 623 2686 a
647 2655 715 2686 Deo
740 2662 882 2687 coactum
912 2657 1025 2687 efferre
1049 2667 1129 2696 quae

819 218 866 249 IN
888 218 913 250 I.
938 218 1025 249 LIB.
1052 216 1248 250 SAMUEL.
1273 220 1368 253 CAP.
1393 221 1522 254 XXVI.

2102 223 2164 255 614

1202 312 1291 343 Deus
1315 314 1461 345 iubebat:
1487 326 1548 355 quo
1572 316 1654 347 facto
1678 317 1782 358 magis
1805 317 2015 348 confirmatus
2038 322 2085 349 cst
2100 317 2161 349 Dei

1202 356 1356 395 populus,
1388 368 1482 397 quam
1515 359 1539 388 si
1572 370 1734 399 nunquam
1767 359 1943 391 accidisset.
1988 359 2071 390 Nam
2101 361 2159 392 etsi

1202 398 1376 438 prophetae
1400 400 1564 440 loquentes
1589 408 1664 432 sunt
1695 404 1796 434 sancti
1827 403 1961 443 spiritus
1985 412 2106 443 organa
2129 407 2161 435 et

1202 440 1432 479 instrumenta,
1467 448 1496 473 et
1531 454 1610 483 qnae
1641 444 1766 483 dicunt,
1801 455 1872 475 cum
1905 448 2087 476 reverentia
2128 451 2161 477 et

1202 482 1315 513 timore
1339 490 1413 514 sunt
1437 495 1454 515 a
1479 485 1568 515 nobis
1592 487 1788 526 excipienda,
1813 494 1843 517 et
1867 487 1931 518 illis
1956 488 2159 527 acquiescen-

1201 523 1286 561 dum,
1317 530 1423 557 tamen
1456 539 1551 567 quum
1583 537 1706 559 coactos
1738 535 1767 559 et
1799 529 1913 561 diaboli
1944 530 2044 570 ipsius
2068 541 2159 562 man-

1201 567 1281 606 cipia
1306 568 1452 599 videmus
1477 570 1645 601 adversum
1671 582 1705 601 se
1728 572 1812 612 ipsos
1826 573 1908 603 ferre
1929 573 2158 612 testimonium,

1201 614 1231 639 et
1244 611 1312 649 cogi
1328 621 1443 651 magno
1468 623 1524 642 suo
1537 623 1607 643 cum
1622 614 1774 645 dedecore
1798 614 1940 645 divinam
1960 615 2157 648 voluntatem

1201 653 1352 691 profiteri,
1367 655 1632 693 quemadmodum
1648 656 1792 687 videmus
1812 657 1850 687 ad
1865 657 2055 697 supplicium
2068 658 2156 690 dam-

1201 699 1292 725 natos
1316 698 1383 734 cogi
1409 697 1455 727 sui
1480 697 1592 728 iudicis
1607 699 1800 738 aequitatem
1816 710 1998 739 agnoscere,
2023 711 2156 741 magno-

1202 747 1275 776 pere
1299 748 1357 767 nos
1381 739 1478 776 iuvat,
1503 745 1533 769 et
1556 741 1585 770 in
1612 741 1671 771 Dei
1696 742 1861 781 promissis
1885 743 2062 774 confirmat.
2103 744 2157 775 Sic

1201 779 1301 819 igitur
1331 781 1521 811 Balaamum
1548 784 1685 822 oportuit
1718 785 1902 823 praedicare
1934 785 2155 817 liberationem

1201 822 1308 861 populi
1332 831 1362 853 et
1386 834 1573 864 prosperum
1598 826 1696 864 ipsius
1720 837 1912 863 successum,
1936 827 2060 867 Deiquo
2075 830 2156 860 veri-

1200 869 1298 895 tatem
1330 866 1434 905 palam
1466 877 1623 903 asserere,
1655 875 1685 898 et
1717 870 1806 899 fateri
1841 869 2009 900 dominum
2049 871 2154 903 Deum

1200 906 1331 938 Israelis
1345 920 1407 938 non
1423 919 1490 939 esse
1503 910 1640 940 similem
1655 911 1859 942 mortalibus:
1884 913 2054 943 veritatem
2068 915 2154 945 enim

1200 948 1304 980 dicere
1327 955 1359 981 et
1372 951 1571 983 voluntatem
1590 953 1689 992 ipsius
1702 961 1864 984 aeternam
1879 965 1947 986 esse
1960 966 2031 986 eum
2047 961 2154 988 tamen

1200 993 1351 1023 mortales
1374 994 1406 1023 in
1432 994 1525 1025 horas
1548 1003 1718 1026 mutenturv
1758 996 1807 1026 Ita
1831 1003 1957 1029 coactus
1981 1003 2027 1028 est
2052 999 2154 1039 impu-

1200 1045 1255 1065 rus
1279 1035 1332 1066 ille
1346 1036 1488 1075 Balaam,
1512 1038 1564 1077 qui
1589 1037 1626 1067 ad
1647 1039 1866 1069 mentiendum
1887 1039 2062 1071 conductus
2076 1047 2154 1080 erat,

1200 1087 1372 1116 agnoscere
1404 1079 1543 1109 divinam
1569 1080 1718 1110 virtutem
1751 1087 1780 1111 ct
1810 1083 1984 1120 potentiam
2017 1089 2046 1114 et
2072 1085 2155 1115 veri-

1199 1124 1298 1151 tatem
1323 1121 1422 1160 ipsius
1445 1122 1637 1153 ineffabilem
1658 1130 1689 1153 et
1705 1123 1935 1155 immutabilem
1961 1126 2153 1165 praedicare.

1199 1162 1287 1193 Idem
1313 1165 1408 1194 etiam
1430 1165 1501 1195 fecit
1517 1164 1593 1196 Saul
1608 1176 1683 1205 erga
1698 1165 1864 1203 Davidom‚
1890 1178 1981 1207 quem
2008 1169 2154 1208 agnoscit

1199 1210 1229 1235 et
1253 1206 1371 1236 fatetur
1394 1207 1520 1246 quidem
1552 1216 1769 1248 regnaturum,
1800 1209 1854 1239 sed
1885 1210 2094 1242 nihilominus
2119 1217 2153 1243 ut

1199 1254 1272 1279 ante
1303 1249 1419 1280 fecerat
1449 1251 1564 1280 infesto
1587 1251 1692 1280 animo
1721 1252 1932 1291 persequitur,
1963 1258 1993 1283 et
2017 1264 2152 1294 regnum

1198 1291 1296 1330 ipsius
1321 1292 1394 1323 odit.
1437 1293 1521 1323 Hinc
1545 1294 1635 1323 fateri
1661 1293 1819 1324 discamus
1842 1294 1946 1325 Deum
1979 1306 2046 1326 esse
2075 1297 2152 1327 fide-

1200 1333 1261 1363 lem
1286 1341 1316 1365 et
1340 1335 1439 1375 ipsius
1463 1336 1626 1374 promissis
1646 1336 1689 1366 sic
1714 1337 1921 1375 acquiescere,
1945 1343 1981 1367 ut
2005 1349 2069 1369 non
2094 1340 2151 1370 du-

1200 1376 1336 1407 bitemus
1360 1388 1395 1407 ea
1416 1377 1505 1408 nobis
1519 1379 1549 1408 in
1563 1377 1760 1408 commodum
1775 1384 1806 1408 et
1823 1379 1991 1410 utilitatem
2006 1386 2149 1413 nostram

1198 1429 1336 1457 cessura,
1352 1425 1446 1460 atque
1462 1420 1561 1460 ipsius
1579 1421 1777 1451 voluntatem
1794 1422 2012 1453 inevitabilem
2030 1425 2150 1463 perfec-

1198 1466 1264 1491 tum
1291 1463 1328 1492 iri
1354 1463 1425 1494 licet
1449 1474 1506 1503 pro
1528 1463 1648 1493 viribus
1669 1474 1735 1494 sese
1752 1464 1797 1493 illi
1813 1465 1963 1496 mortales
1976 1470 2149 1505 opponant.

1282 1505 1424 1536 Tandem
1450 1507 1593 1545 sequitur
1616 1505 1769 1537 Davidem
1792 1507 1893 1537 miter
1915 1518 2006 1538 suum
2026 1509 2149 1548 abiisse,

1199 1546 1322 1578 Saulem
1346 1558 1415 1578 vero
1438 1549 1468 1578 in
1493 1549 1588 1579 Iocum
1611 1559 1698 1578 sumn
1724 1559 1889 1580 reversum:
1912 1560 1951 1580 ex
1965 1561 2026 1590 quo
2039 1562 2150 1583 rursus

1195 1595 1327 1629 apparet
1351 1590 1508 1621 Davidem
1539 1591 1686 1630 speciosis
1718 1591 1780 1621 illis
1811 1590 1918 1623 Saulis
1948 1593 2054 1624 verbis
2083 1605 2149 1626 non

1196 1632 1365 1663 admodum
1398 1633 1583 1664 confidisse:
1615 1644 1649 1664 ac
1681 1634 1754 1664 licet
1782 1644 1853 1663 eum
1886 1634 1961 1665 Saul
1994 1641 2148 1676 tanquam

1195 1675 1295 1705 filium
1328 1676 1549 1716 compellasset
1579 1676 1745 1715 eidemque
1775 1676 2005 1718 benedixisset,
2041 1685 2148 1710 tamen

1195 1719 1271 1748 satis
1295 1718 1391 1749 fuisse
1405 1718 1519 1749 Davidi
1545 1725 1650 1749 notam
1665 1718 1771 1749 Saulis
1785 1719 1937 1749 malitiam
1958 1726 1989 1750 et
2012 1731 2147 1760 pravam

1194 1760 1670 1800 obstinationem.Quamobrem
1679 1768 1852 1792 teneamus.
1863 1762 1929 1792 Deo
1938 1764 2148 1802 patefaciente

1194 1803 1285 1833 nobis
1309 1803 1446 1834 hostium
1472 1809 1651 1835 nostrorum
1677 1804 1879 1843 pravitatem,
1905 1804 1998 1835 licere
2019 1807 2148 1845 quidem

1194 1846 1285 1877 nobis
1308 1857 1433 1885 cavere,
1464 1851 1494 1877 et
1518 1857 1579 1876 non
1612 1847 1767 1877 coniicere
1791 1856 1848 1877 nos
1878 1847 1910 1877 in
1935 1848 2076 1887 ipsorum
2101 1849 2147 1881 la-

1193 1899 1298 1928 queos,
1328 1894 1358 1919 et
1382 1889 1536 1919 utendum
1561 1899 1628 1919 esse
1653 1888 1820 1927 prudentia
1843 1896 1873 1919 et
1896 1890 2036 1929 consilio,
2065 1892 2147 1931 quod

1192 1932 1259 1971 ipse
1283 1931 1372 1962 Deus
1397 1932 1600 1972 suggesserit.
1627 1931 1665 1961 ad
1690 1931 1815 1961 fraudes
1839 1937 1868 1961 et
1893 1931 1980 1963 dolos
2004 1933 2144 1973 ipsorum

1192 1974 1399 2014 effugiendos.
1446 1974 1531 2005 sane
1554 1973 1662 2004 fideles
1693 1974 1818 2013 quidem
1843 1980 1967 2013 oportet
1990 1983 2144 2016 perpetuo

1191 2018 1223 2047 in
1255 2017 1456 2056 simplicitate
1485 2016 1664 2052 ambulare,
1696 2022 1729 2046 ut
1761 2023 1867 2046 monet
1900 2016 2058 2055 Christus,
2089 2019 2144 2050 sed

1192 2071 1253 2089 non
1279 2060 1349 2090 ideo
1373 2065 1478 2090 tamen
1503 2070 1536 2089 se
1560 2059 1748 2098 praecipites
1771 2059 1801 2088 in
1827 2059 1966 2098 pericula
1990 2060 2066 2092 dare
2090 2062 2143 2093 ‹le-

1191 2103 1273 2137 bent,
1299 2108 1329 2132 et
1353 2103 1452 2132 veluti
1472 2102 1587 2132 clausis
1605 2102 1704 2132 oculis
1728 2102 1759 2130 in
1784 2101 1998 2140 improborum
2015 2103 2142 2144 laqueos

1191 2145 1265 2175 ferri
1290 2151 1319 2175 et
1343 2145 1490 2175 ultimum
1516 2145 1574 2174 sibi
1599 2145 1730 2174 exitium
1755 2154 1925 2175 accersere.
1968 2144 2061 2183 Quod
2087 2147 2141 2177 ob-

1190 2188 1370 2218 servatione
1402 2187 1623 2227 dignissimum
1655 2194 1700 2217 est
1732 2186 1781 2216 his
1808 2187 2005 2225 temporibus
2027 2189 2141 2228 quibus

1190 2236 1263 2261 nota
1278 2236 1324 2260 est
1348 2230 1549 2261 inimicorum
1564 2229 1635 2259 fidei
1660 2229 1810 2268 pravitas,
1835 2239 1913 2268 quos
1925 2231 2139 2262 certissimum

1188 2278 1235 2304 est
1259 2272 1381 2303 nullum
1407 2283 1506 2312 genus
1530 2272 1727 2302 crudelitatis
1751 2272 1925 2301 omissuros
1949 2273 1986 2302 ad
2012 2274 2140 2312 penitus

1188 2314 1456 2355 pessumdandam
1481 2314 1644 2345 ecclesiam
1669 2314 1693 2344 si
1720 2314 1853 2344 facultas
1877 2314 1977 2353 ipsius
1998 2315 2138 2348 daretur.

1188 2358 1251 2389 Sed
1276 2359 1422 2397 quoniam
1448 2367 1511 2387 non
1545 2356 1678 2386 offertur
1707 2357 1828 2386 occasio
1852 2362 1881 2386 et
1906 2359 2139 2398 opportunitas,

1187 2400 1224 2431 ad
1249 2399 1377 2430 fraudes
1401 2399 1549 2439 vulpinas
1572 2399 1768 2438 confugiunt,
1800 2404 1830 2429 et
1861 2399 1950 2429 miris
1975 2399 2137 2433 blanditiis

1185 2444 1329 2474 incautos
1353 2441 1503 2472 invadere
1527 2441 1636 2471 fideles
1667 2441 1853 2477 moliuntur,
1885 2452 1975 2472 suam
2007 2443 2136 2475 interim

1185 2485 1411 2526 poenitentiam
1444 2494 1646 2522 summopere
1676 2483 1936 2515 commendantes
1967 2490 1996 2515 et
2027 2487 2136 2517 melio-

1185 2539 1250 2559 rem
1274 2528 1304 2557 in
1330 2534 1490 2566 posterum
1514 2533 1652 2556 mentem
1677 2526 1872 2565 pollicentes.
1916 2527 1983 2557 Nae
2007 2529 2033 2558 si
2058 2528 2136 2560 fides

1156 2572 1158 2576 ’
1183 2572 1251 2602 istis
1279 2569 1489 2600 fraudulentis
1513 2568 1694 2599 hominibus
1726 2568 1940 2607 adhiberetur,
1971 2577 2136 2602 momento

1182 2613 1291 2644 fideles
1315 2611 1605 2651 pessumdarentur.
1638 2611 1854 2649 Quamobrem
1878 2617 2001 2651 oportet
2026 2613 2135 2645 fideles

1181 2656 1239 2688 sibi
1263 2665 1385 2691 cavere,
1408 2664 1506 2694 quum
1530 2654 1718 2693 praesertim
1742 2653 1863 2684 nullam
1883 2654 1988 2691 fidem,
2013 2655 2134 2687 nullam

1881 2704 1930 2731 39*
