2551 3044
162 206 224 238 545

160 302 206 332 ita
228 299 328 331 vero?
352 299 477 339 Nempe
496 298 579 338 quod
602 297 807 328 involvamus
826 306 896 327 eam
915 296 1033 327 nostris
1046 305 1118 335 pra-

161 344 210 374 vis
240 342 417 373 affectibus.
470 341 525 373 Sic
557 340 702 371 videmus
739 339 992 370 inexcusabilem
1021 339 1120 369 fuisse

161 385 299 417 Davidis
331 383 571 420 crudelitatem,
611 392 709 421 quare
743 382 842 422 igitur
875 392 945 412 eam
980 381 1120 411 nominis

162 428 263 459 divini
286 427 517 466 imprecatione
545 423 736 456 confirmat?
769 423 989 463 Quamobrem
1020 433 1119 463 quum

160 470 320 502 Davidem
344 479 380 499 eo
399 478 499 507 usque
518 466 688 498 devenisse
706 466 884 501 videamus,
909 472 943 496 ut
966 466 1120 505 abreptus

160 512 336 548 iracundia,
351 511 413 541 Dei
426 520 541 541 nomen
555 515 794 540 sacrosanctum
809 508 947 546 violarit,
968 518 1004 539 eo
1017 508 1120 548 magis

161 555 252 586 nobis
270 555 448 590 timeamus,
468 559 498 582 et
517 558 777 582 momentaneum
796 561 905 582 casum
926 557 1120 588 metuamus,

161 598 214 638 qui
245 596 296 627 vel
327 594 543 635 integerrimis
574 599 605 624 et
636 594 882 633 simplicissimis
915 594 991 624 viris
1016 598 1121 632 potest

160 639 313 676 accidere,
345 638 404 669 nisi
431 637 490 668 Dei
513 637 636 668 virtute
661 637 843 667 miserentis
866 637 1008 676 ipsorum
1034 635 1119 666 cohi-

159 682 302 713 beantur.
337 680 403 711 Nos
426 680 528 720 igitur
550 685 663 711 contra
692 679 835 710 fidelium
859 679 920 710 Dei
943 689 1119 714 servorum,

158 729 316 764 quatenus
360 733 394 754 se
438 722 476 753 ad
517 722 581 753 Dei
624 722 824 752 voluntatem
870 722 1119 758 conformarunt,

158 766 343 806 exemplum
362 765 549 795 intueamur
571 768 603 795 et
625 764 803 795 imitemur:
830 775 932 803 neque
955 764 1120 794 existime-

158 819 230 840 mus
254 809 351 839 unius
383 813 438 838 aut
470 807 604 838 alterius
634 806 755 838 factum
782 817 881 838 unum
903 812 959 837 aut
982 806 1120 837 alterum

158 853 191 882 in
207 851 390 891 exemplum
407 857 463 881 aut
480 850 624 890 regulam
640 849 825 889 generalem
839 849 1041 887 trahendum,
1061 849 1120 880 etsi

157 894 279 934 reliqua
289 894 356 925 vita
364 893 544 924 sanctitatis
553 898 586 923 et
594 892 790 932 integritatis
800 892 967 931 exemplar
974 902 1044 923 sese
1051 901 1121 931 pro-

160 937 314 977 posuerit.
339 935 484 966 Verbum
505 935 588 965 enim
602 934 665 964 Dei
686 945 779 965 suum
803 933 888 974 apud
911 944 971 965 nos
994 934 1121 973 pondus

156 979 299 1011 obtineat
321 984 453 1018 oportet,
485 983 520 1008 ut
544 977 591 1007 ad‘
606 977 693 1008 illius
722 978 955 1018 praescriptum
980 977 1121 1007 actiones

156 1032 269 1053 omnes
291 1026 434 1056 nostras,
466 1021 630 1060 vitamque
661 1025 762 1050 totam
785 1021 964 1060 exigamus.
1005 1019 1036 1050 A
1059 1029 1121 1058 quo

157 1108 211 1147 qui
234 1107 325 1147 prius
348 1105 528 1146 angelicam
547 1105 650 1135 vitam
670 1110 814 1145 egerant,
839 1116 902 1136 non
921 1105 992 1136 ideo
1012 1110 1121 1135 tamen

157 1150 232 1181 licet
254 1149 346 1180 nobis
368 1150 509 1188 ipsorum
525 1147 710 1187 exemplum
734 1148 862 1186 imitari,
886 1147 942 1178 sed
962 1148 1069 1187 potius
1087 1147 1122 1177 in

158 1192 222 1224 Dei
242 1191 378 1223 verbum
396 1191 524 1228 intueri,
549 1196 581 1221 et
599 1196 802 1230 perpetuum,
827 1201 941 1221 verum
953 1197 984 1221 et
1003 1191 1121 1221 irrevo-

160 1235 261 1267 cabile
269 1235 355 1266 vitae
371 1234 597 1272 actionumque
615 1241 799 1263 nostrarum
815 1234 959 1264 omnium
970 1234 1120 1263 retinere.

245 1278 462 1308 Transeamus
493 1286 511 1306 a
541 1275 663 1306 Nabalo
693 1275 733 1305 ad
756 1286 890 1306 uxorem
918 1276 1020 1315 ipsius
1043 1275 1122 1306 Abi-

159 1320 276 1361 gailem
299 1325 331 1350 et
354 1319 455 1359 ipsius
486 1328 606 1355 servos,
639 1328 676 1348 ac
705 1318 848 1358 primum
877 1318 1018 1350 occurrit
1040 1318 1120 1348 illud

159 1362 439 1401 considerandum,
463 1371 563 1392 unum
588 1371 628 1392 ex
640 1360 773 1391 Nabalis
793 1361 920 1392 famulis
940 1372 1007 1392 rem
1020 1365 1121 1391 totam

159 1405 300 1445 Abigaili
313 1414 472 1441 narrasse,
491 1408 528 1434 ut
540 1408 632 1443 gesta
645 1409 723 1442 erat,
741 1404 922 1444 periculum
935 1405 1122 1443 exposuisse

159 1448 243 1488 quod
257 1447 372 1478 Nabali
395 1447 584 1478 imminebat
607 1446 728 1486 totique
752 1447 891 1477 familiae
905 1446 1120 1482 admonuisse,

159 1495 196 1522 ut
217 1491 288 1531 ipsa
311 1489 504 1529 provideret,
528 1500 568 1520 ne
593 1489 667 1529 quid
692 1489 877 1520 detrimenti
898 1491 1064 1529 acciperet,
1088 1500 1121 1520 se

158 1534 264 1574 ipsum
288 1531 443 1563 Nabalem
467 1531 710 1563 admoniturum
734 1532 842 1570 fuisse,
867 1533 928 1563 nisi
952 1537 1020 1562 tam
1044 1532 1121 1563 feris

159 1575 301 1607 moribus
325 1579 418 1610 esset,
441 1579 477 1605 ut
500 1584 564 1605 non
587 1575 688 1605 cuivis
712 1574 750 1604 ad
770 1575 877 1614 ipsum
902 1575 1009 1606 aditus
1034 1579 1123 1614 pate-

160 1624 219 1650 ret.
254 1618 305 1649 Ex
328 1628 390 1657 quo
413 1617 556 1657 primum
580 1621 722 1657 apparet,
747 1617 893 1648 difficiles
917 1627 953 1648 ac
977 1628 1122 1648 morosos

160 1661 307 1692 homines
349 1660 410 1691 sibi
443 1660 631 1699 plerumque
676 1660 797 1690 malum
832 1669 1010 1691 accersere:
1046 1670 1122 1690 nam

159 1704 214 1744 qui
237 1702 315 1734 adeo
339 1703 397 1733 feri
420 1709 453 1733 et
475 1702 647 1733 inhumani
673 1708 758 1741 sunt,
790 1709 826 1734 ut
849 1703 1122 1734 admonitionibus

159 1747 263 1778 locum
286 1745 414 1776 nullum
438 1745 633 1785 relinquant,
656 1756 768 1776 eorum
792 1746 845 1785 qui
871 1747 950 1776 bene
973 1746 1053 1786 ipsis
1071 1756 1123 1777 cu-

159 1790 262 1829 piunt,
294 1793 327 1819 et
349 1788 524 1819 commodis
547 1789 692 1828 ipsorum
714 1788 854 1826 student,
885 1799 920 1820 ac
945 1789 1024 1819 bene
1048 1798 1122 1819 con-

160 1831 272 1863 sulunt
301 1841 366 1862 non
396 1830 565 1862 adulantes
596 1831 702 1867 vitiis,
734 1830 790 1862 sed
813 1842 850 1862 ea
873 1831 1063 1862 damnantes
1086 1836 1123 1862 ut

160 1884 217 1914 par
246 1878 305 1914 est,
334 1884 396 1913 quo
426 1874 539 1913 fugere
568 1873 625 1904 illa
656 1873 793 1910 discant,
825 1874 945 1914 duplici
975 1874 1123 1905 condem-
1148 1895 1150 1901 ⁴

157 1917 289 1948 natione
311 1921 345 1947 et
366 1926 492 1947 summa
515 1916 600 1955 apud
625 1926 737 1947 omnes
764 1917 899 1948 infamia
927 1917 1017 1957 digni
1037 1922 1123 1947 sunt.

159 1960 273 1999 Neque
286 1969 363 1989 vero
379 1962 508 1989 tantum
527 1961 609 1998 apud
624 1959 779 1998 homines,
804 1970 915 1990 verum
930 1961 1026 1990 etiam
1040 1959 1123 1999 apud

160 2002 268 2033 Deum
290 2012 390 2042 grave
412 2001 606 2040 supplicium
630 2003 810 2040 incurrunt,
835 2002 917 2042 quod
931 2013 990 2033 sua
1013 2003 1122 2042 ingra-

160 2044 300 2075 titudine
330 2049 458 2074 tantum
489 2043 608 2074 bonum
639 2044 718 2084 ipsis
747 2045 892 2076 oblatum
928 2046 1122 2084 respuerint,

159 2087 293 2127 Deoque
317 2087 418 2117 veluti
437 2087 566 2117 ianuam
585 2087 786 2124 occluserint,
811 2098 873 2128 quo
894 2088 1123 2127 nomineipsos

161 2129 304 2161 Satanae
323 2128 512 2160 cruciandos
543 2129 651 2167 tradit,
682 2137 714 2160 et
734 2131 856 2161 meritis
880 2131 989 2170 poenis
1013 2130 1122 2162 afficit.

162 2171 292 2211 Quanta
315 2172 400 2203 enim
425 2178 481 2208 est,
514 2172 654 2210 obsecro,
687 2173 838 2213 superbia
868 2178 900 2203 et
927 2174 1122 2213 arrogantia,

163 2215 224 2245 Dei
246 2215 375 2245 nomine
397 2215 497 2246 factas
516 2214 752 2246 admonitiones
770 2216 903 2247 reiicere
923 2221 954 2246 et
966 2216 1122 2247 fastidire.

162 2256 232 2288 Nae
259 2257 397 2288 inultam
421 2256 511 2287 Deus
543 2262 665 2288 tantam
697 2259 916 2299 arrogantiam
945 2269 1009 2289 non
1033 2259 1125 2296 sinet,

163 2305 196 2330 et
218 2309 294 2331 suae
316 2300 440 2340 gratiae
462 2304 693 2339 contemptum,
718 2311 816 2340 quum
840 2301 878 2331 ad
903 2301 990 2332 viam
1012 2302 1125 2332 salutis

163 2342 224 2374 iter
245 2342 337 2373 nobis
362 2347 532 2373 monstrat.
557 2342 611 2374 Sic
633 2343 741 2384 itaque
760 2344 863 2374 Nabal
883 2344 946 2374 Dei
968 2344 1125 2375 iudicium

163 2385 196 2415 in
219 2395 253 2416 se
275 2384 457 2417 accersebat
484 2385 650 2417 indomitis
680 2392 712 2417 et
742 2386 848 2418 efferis
876 2387 942 2417 suis
973 2387 1124 2418 moribus.

165 2427 248 2458 Nam
271 2428 298 2458 si
320 2427 448 2459 facilem
471 2438 505 2459 se
528 2428 768 2469 benignumque
791 2430 1001 2469 praebuisset,
1024 2430 1126 2469 ipsius

165 2479 278 2501 servus
301 2480 375 2501 eum
398 2470 437 2501 de
460 2469 600 2502 admisso
621 2476 752 2511 peccato
769 2472 1001 2509 admonuisset,
1023 2482 1125 2503 reme-

167 2512 319 2552 diumque
348 2517 473 2543 mature
499 2523 656 2553 quaerere
682 2514 722 2545 ad
745 2514 940 2554 placandum
964 2514 1126 2546 Davidem

166 2554 328 2586 iussisset:
365 2554 420 2586 sed
450 2556 602 2595 quoniam
632 2567 780 2589 morosus
811 2567 847 2588 ac
877 2557 1017 2588 difficilis
1047 2561 1125 2593 erat,

168 2596 245 2635 quid
268 2597 355 2628 aliud
380 2603 548 2638 supererat
576 2610 672 2639 quam
702 2604 738 2631 ut
768 2611 787 2630 a
809 2600 876 2631 suis
899 2600 1070 2631 derelictus
1092 2601 1126 2630 in

168 2639 309 2670 amentia
330 2649 385 2671 sua
410 2641 493 2671 male
520 2642 663 2680 periret?
695 2643 762 2674 Nos
784 2653 862 2674 vero
893 2648 1005 2674 contra
1028 2642 1127 2674 disca-

269 2689 378 2717 Calvim'
392 2699 487 2724 opera.
523 2691 580 2718 Vol.
594 2692 690 2719 XXX.

812 204 856 234 IN
884 204 908 235 1.
934 204 1020 234 LIB.
1043 202 1241 234 SAMUEL.
1266 204 1362 235 CAP.
1388 205 1499 236 XXV.

2074 205 2136 237 546

1173 307 1243 327 mus
1267 308 1342 337 erga
1366 308 1476 330 omnes
1500 299 1544 330 ita
1567 303 1737 330 mansuete
1755 303 1787 330 et
1810 298 1948 338 benigne
1972 309 2077 340 agere,
2101 303 2138 331 ut

1172 340 1422 371 cuivisliberum
1436 341 1474 372 ad
1500 351 1558 372 nos
1570 351 1734 373 accessum
1760 342 1926 379 faciamus,
1951 348 1983 373 et
2003 341 2041 373 de
2065 352 2137 382 pee-

1172 383 1250 413 catis
1285 382 1449 414 admoneri
1484 383 1698 424 gaudeamus,
1734 389 1769 415 ut
1803 390 1930 416 mature
1965 384 2135 416 consilium

1172 425 1373 463 accipiamus,
1398 431 1427 456 et
1441 425 1515 465 quid
1531 427 1613 457 facto
1633 427 1674 457 sit
1687 437 1776 467 opus,
1800 426 1922 467 etquid
1941 427 2019 459 utile
2032 427 2136 459 disca-

1172 477 1254 497 mus.
1279 467 1367 498 Idem
1388 478 1483 508 porro
1497 468 1635 509 Abigaili
1659 469 1742 509 quod
1768 479 1862 500 servo
1882 470 2034 511 contigit:
2058 480 2134 501 nam

1172 510 1278 540 mariti
1304 521 1425 541 morum
1451 522 1512 541 non
1537 512 1659 551 ignara,
1685 512 1802 543 dicitur
1819 523 1856 542 eo
1873 511 1922 543 die
1945 513 2049 552 ipsum
2070 523 2134 544 non

1172 552 1269 582 fuisse
1294 553 1464 592 alloquuta.
1510 553 1620 593 Neque
1644 555 1729 584 enim
1763 565 1839 585 sane
1862 555 2036 594 quidquam
2061 565 2134 594 pro—

1172 595 1339 632 movisset,
1369 595 1423 626 scd
1456 597 1604 626 insanum
1637 596 1799 627 hominem
1831 598 1934 637 magis
1967 597 2134 629 irritasset.

1172 636 1295 668 Idcirco
1320 648 1387 668 rem
1411 644 1510 668 totam
1534 639 1562 669 ei
1587 638 1778 675 dissimulat,
1803 644 1836 670 et
1859 639 1987 671 obviam
2012 639 2134 671 Davidi

1172 679 1336 709 festinanti
1351 681 1447 711 venit.
1476 680 1544 711 Nae
1557 681 1640 720 frugi
1665 683 1818 713 feminam
1832 688 1863 712 et
1876 682 2069 713 industriam
2094 693 2134 714 ex

1171 721 1242 752 istis
1265 727 1399 761 apparet
1423 723 1536 753 fuisse:
1560 733 1654 762 quam
1676 730 1837 755 momento
1861 725 1964 764 parati
1984 724 2024 755 ad
2043 724 2134 756 obse-

1172 765 1282 803 quium
1312 765 1433 802 famuli,
1465 766 1558 795 rebus
1590 767 1776 798 necessariis
1807 766 1847 797 ad
1880 767 2038 798 Davidem
2070 768 2135 807 pla-

1172 806 1310 837 candum
1345 807 1535 838 instructam
1571 809 1711 839 comitati
1752 814 1837 840 sunt.
1884 809 1967 840 Nam
2001 815 2135 850 repente

1173 849 1252 880 duos
1276 856 1364 880 utres
1389 850 1466 887 vini,
1487 850 1704 890 ducentosque
1728 862 1826 891 panes
1850 852 1951 883 asinis
1971 853 2134 893 imposuit,

1172 902 1245 923 cum
1270 892 1340 922 aliis
1364 892 1464 930 donis,
1493 903 1572 932 quae
1597 893 1673 924 dum
1697 895 1833 926 maritus
1857 895 1952 935 genio
1976 895 2133 937 indulget,

1173 938 1204 965 et
1239 934 1370 965 liberius
1411 936 1515 975 potat²,
1556 946 1681 966 summa
1723 936 1891 977 diligentia
1925 939 2132 978 comparavit.

1173 976 1312 1016 Quanta,
1327 987 1452 1017 quaeso,
1467 977 1603 1008 feminae
1616 978 1796 1018 vigilantia,
1817 984 1937 1019 quanta
1955 980 2133 1021 diligentia,

1147 1047 1149 1051 .
1173 1029 1267 1059 quam
1293 1030 1348 1050 le
1372 1030 1507 1059 aequare
1531 1021 1629 1060 possit
1650 1031 1700 1051 vir
1724 1022 1926 1053 fortissimus.
1951 1023 2036 1054 Nam
2061 1034 2138 1064 quo-

159 1065 187 1096 si
211 1064 272 1096 viri
288 1064 417 1104 quidam
441 1063 629 1093 infirmitate
649 1062 793 1093 humana
815 1063 897 1102 lapsi
920 1065 1122 1094 recesserunt
1146 1071 1148 1082 ⁴=

1174 1061 1266 1092 modo
1290 1068 1450 1093 momento
1479 1064 1581 1102 potuit
1610 1069 1657 1093 tot
1681 1074 1789 1105 panes,
1821 1065 1967 1104 pecudes,
1997 1068 2138 1107 quinque

1146 1107 1148 1137 j
1173 1109 1242 1136 sata
1273 1106 1389 1135 aristae
1420 1110 1530 1142 tostae,
1561 1112 1691 1136 centum
1724 1117 1804 1138 uvas
1831 1118 1951 1147 passas,
1983 1108 2138 1142 ducentas

1173 1148 1320 1187 palathas
1345 1149 1462 1178 ficuum
1494 1149 1609 1179 habere
1639 1149 1670 1178 in
1697 1155 1858 1189 promptu,
1889 1151 1951 1181 nisi
1974 1150 2138 1184 habuisset

1173 1191 1206 1221 iu
1230 1201 1314 1230 penu
1338 1191 1486 1230 reposita.
1532 1190 1700 1229 Quomodo
1733 1193 1831 1223 etiam
1861 1202 1972 1224 servos
2002 1195 2138 1226 educere

1175 1233 1267 1264 domo
1302 1234 1407 1272 potuit
1440 1234 1538 1264 inscio
1570 1234 1701 1271 marito,
1738 1235 1802 1265 nisi
1835 1235 1945 1266 fuisset
1979 1236 2138 1269 industria

1175 1275 1292 1306 mulier
1315 1282 1346 1306 et
1370 1276 1640 1316 vigilantissima?
1667 1276 1869 1317 Conspicuae
1888 1283 1963 1309 sunt
1987 1280 2085 1320 igitur
2108 1285 2139 1311 et

1174 1318 1319 1358 insignes
1337 1318 1370 1348 in
1395 1319 1453 1349 hac
1477 1318 1597 1349 femina
1620 1320 1766 1351 virtutes.
1794 1320 1902 1359 Quare
1923 1331 2002 1360 quae
2028 1322 2139 1354 haberi

1175 1361 1288 1391 volunt
1319 1361 1490 1400 prudentes
1521 1366 1551 1391 et
1578 1361 1756 1393 industriae
1797 1363 1946 1403 frugique
1977 1365 2138 1404 mulieres,

1174 1404 1260 1434 istud
1284 1404 1468 1443 exemplum
1492 1404 1611 1434 imitari
1635 1404 1767 1443 discant,
1795 1410 1826 1436 et
1851 1416 1924 1436 cum
1944 1408 2070 1438 maritis
2091 1414 2139 1439 to-

1175 1452 1271 1486 taque
1294 1447 1416 1477 familia
1444 1446 1566 1485 placide
1590 1446 1710 1485 vivere,
1743 1449 1788 1479 sic
1820 1453 1930 1479 tamen
1954 1460 1994 1480 ne
2018 1451 2139 1482 otiosae

1175 1490 1250 1529 sint,
1282 1489 1337 1520 sed
1361 1489 1513 1520 familiam
1538 1495 1661 1521 curent.
1693 1490 1852 1531 rebusque
1876 1493 2067 1524 necessariis
2090 1494 2139 1524 in·

1175 1536 1302 1562 struant
1324 1532 1406 1562 etin
1439 1542 1523 1571 penu
1553 1532 1746 1563 recondant:
1776 1535 1973 1574 meritosque
1997 1536 2139 1567 vicissim

1174 1575 1316 1614 alioquin
1340 1585 1482 1605 morosos
1506 1583 1536 1605 et-
1560 1574 1715 1611 difficiles,
1747 1576 1874 1608 lenibus
1899 1577 2005 1609 verbis
2029 1578 2139 1609 admo-

1176 1623 1281 1654 neant,
1307 1623 1338 1647 et
1361 1617 1399 1647 ad
1424 1617 1610 1648 facilitatem
1636 1617 1809 1650 reducant:
1834 1629 1874 1649 ne
1894 1619 1993 1651 elatos
2013 1621 2139 1653 animos

1175 1666 1305 1700 gerant:
1330 1660 1384 1691 sed
1405 1659 1505 1691 aDeo
1530 1670 1653 1690 morum
1678 1662 1870 1693 comitatem.
1894 1661 2139 1703 humanitatem,

1175 1703 1396 1743 prudentiam,
1428 1701 1614 1733 modestiam
1651 1703 1882 1743 deprecentur,
1918 1711 1954 1735 ut
1983 1711 2139 1746 perpetuo

1174 1746 1315 1776 familiae
1339 1745 1520 1785 invigilent,
1543 1745 1597 1775 sed
1622 1745 1653 1776 in
1679 1746 1789 1784 primis
1814 1757 1897 1786 quae
1921 1747 1960 1778 ad
1984 1748 2047 1779 Dei
2070 1749 2140 1789 glo-

1174 1789 1257 1819 riam
1280 1794 1312 1819 et
1335 1788 1491 1819 honorem
1522 1788 1641 1819 faciunt
1670 1799 1727 1827 pro
1752 1790 1839 1820 virili
1872 1800 1930 1821 sua
1956 1797 2140 1831 procurent.

1176 1831 1259 1861 Nam
1293 1831 1413 1862 multae
1447 1829 1564 1870 probae
1598 1830 1709 1861 haberi
1744 1832 1876 1869 volunt,
1912 1838 1943 1863 et
1976 1833 2140 1865 blanditiis

1175 1874 1353 1905 officiorum
1377 1875 1512 1914 gratiam
1544 1873 1602 1904 sibi
1626 1873 1808 1912 conciliare,
1841 1885 1923 1914 quae
1946 1880 2056 1907 tamen
2079 1876 2140 1907 mi-

1176 1917 1262 1947 nime
1285 1916 1369 1956 frugi
1393 1922 1476 1951 sunt,
1508 1921 1540 1947 et
1558 1916 1711 1946 familiam
1743 1917 1850 1948 labore
1875 1928 1932 1949 suo
1955 1928 2021 1949 non
2046 1918 2140 1950 modo

1176 1970 1240 1990 non
1265 1965 1392 1999 augent,
1419 1959 1475 1989 sed
1506 1959 1612 1998 potius
1643 1958 1723 1989 luxu
1748 1966 1779 1990 et
1810 1961 1928 1991 inertia
1958 1960 2141 2000 destruunt,

1176 2008 1207 2033 et
1235 2001 1388 2033 aculeatis
1418 2001 1484 2032 suis
1514 2001 1633 2040 linguis
1664 2003 1822 2033 maximas
1853 2003 1887 2033 in
1918 2003 2041 2034 familia
2063 2003 2141 2035 dant

1177 2044 1295 2075 turbas.
1321 2046 1365 2075 At
1385 2043 1483 2084 proba
1506 2043 1585 2074 haec
1608 2044 1724 2074 mulier
1744 2045 1882 2084 Abigail,
1907 2046 2074 2086 exemplar
2092 2051 2142 2078 est

1177 2098 1286 2118 eorum
1318 2097 1400 2126 quae
1434 2087 1561 2126 sapiens
1595 2087 1627 2116 in
1660 2086 1846 2118 Proverbiis
1880 2089 1915 2119 in
1949 2089 2140 2121 mulieribus

1177 2130 1294 2161 laudat.
1326 2129 1410 2160 Nam
1423 2129 1461 2160 de
1484 2129 1569 2169 frugi
1592 2129 1726 2168 loquens
1741 2130 1883 2168 muliere,
1907 2130 1984 2162 dicit
1996 2142 2066 2162 eam
2090 2142 2140 2163 so-

1177 2173 1278 2204 briam
1303 2183 1373 2203 esse
1396 2173 1430 2202 in
1454 2171 1559 2202 verbis
1582 2177 1614 2201 et
1637 2170 1706 2202 cibo
1725 2182 1761 2202 ac
1785 2178 1871 2211 potu,
1897 2183 1932 2204 os
1953 2184 2047 2205 suum
2069 2185 2141 2214 ape-

1177 2216 1240 2246 rire
1271 2215 1449 2254 sapienter,
1486 2219 1517 2244 et
1547 2214 1724 2245 doctrinam
1759 2214 1968 2255 benignitatis
1998 2216 2140 2248 insidere

1177 2258 1305 2297 linguae
1328 2258 1414 2287 eius:
1445 2256 1633 2296 vigilantem
1658 2257 1690 2286 in
1714 2257 1893 2289 rationibus
1924 2259 2064 2290 familiae
2087 2259 2141 2290 ad-

1178 2300 1409 2336 ministrandis,
1429 2309 1604 2339 egenorum
1618 2299 1780 2329 misereri:
1805 2305 1837 2330 et
1851 2300 2005 2341 quidquid
2018 2302 2139 2333 iustum

1178 2348 1211 2373 et
1240 2353 1377 2382 aequum
1409 2346 1457 2372 est
1487 2342 1598 2372 facere.
1641 2341 1767 2380 Quibus
1798 2343 1947 2375 omnibus
1978 2343 2139 2384 insignem

1178 2386 1274 2417 fuisse
1294 2385 1474 2424 Abigailem
1499 2384 1652 2415 videmus.

1263 2428 1363 2458 Porro
1387 2427 1531 2466 quaestio
1554 2437 1617 2457 non
1641 2436 1742 2466 parva
1760 2426 1812 2458 hic
1829 2428 1940 2464 oritur,
1965 2429 2139 2461 Mulierine

1177 2471 1303 2502 licuerit
1327 2470 1365 2500 de
1389 2470 1494 2499 mariti
1519 2469 1608 2499 bonis
1639 2470 1707 2508 ipso
1737 2469 1837 2500 inscio
1868 2470 2043 2511 quidquam
2078 2472 2140 2503 tol-

1178 2514 1258 2544 lere:
1282 2513 1371 2544 cuius
1385 2512 1496 2543 saltem
1518 2512 1622 2551 ipsum
1636 2511 1808 2542 admonere
1829 2511 1955 2544 debuit:
1979 2514 2138 2554 siquidem

1179 2567 1243 2587 non
1274 2556 1427 2595 exiguum
1457 2554 1526 2589 fuit,
1556 2554 1634 2584 duos
1663 2560 1749 2584 utres
1779 2554 1858 2592 vini,
1890 2565 1963 2586 cum
1996 2556 2139 2588 docentis

1179 2599 1316 2639 panibus
1348 2603 1378 2628 et
1409 2597 1478 2628 aliis
1509 2596 1689 2627 istiusmodi
1721 2597 1816 2628 rebus
1846 2598 1944 2630 asinis
1964 2598 2140 2642 imponere,

1179 2647 1211 2673 et
1234 2640 1333 2672 inscio
1354 2640 1468 2671 marito
1492 2645 1664 2679 asportare.
1696 2639 1805 2670 Nimia
1828 2639 1889 2671 ista
1912 2641 2045 2672 audacia
2066 2652 2140 2673 mu-
