2551 3044
129 201 190 235 329

783 201 831 234 IN
852 201 879 232 1.
903 201 990 232 LIB.
1017 199 1213 232 SAMUEL.
1237 199 1333 231 OAP.
1358 200 1453 231 XIX.
2043 203 2106 233 3:30

131 304 200 330 tum
225 297 354 337 habere,
376 297 430 328 sed
450 297 615 335 utriusque
637 305 765 327 causam
790 305 859 326 esse
878 304 1091 326 communem.
1117 297 1119 341 J
1145 293 1414 332 quemadmodum
1446 296 1538 326 multi
1570 296 1760 336 plerumque
1790 306 1906 327 nomen
1934 306 2102 328 servorum

133 341 220 373 Sane
246 341 325 371 satis
349 338 623 370 animadvertebat
647 337 777 368 Saulem
800 337 860 368 hoc
884 338 965 368 facto
988 337 1092 377 magis
1117 373 1118 378 ¹
1144 336 1204 366 Dei
1228 336 1367 367 inaniter
1390 340 1599 370 mentiuntur.
1624 340 1680 370 Sic
1704 339 1791 371 vides
1811 340 1843 370 in
1864 345 1982 379 papatu
2002 339 2102 371 ecele-

1117 401 1118 409 ,
1143 379 1208 409 siae
1232 379 1398 419 praelatos,
1429 381 1604 420 episcopos,
1629 387 1772 421 pastores
1795 382 1857 413 1)οἰ
1882 382 2010 412 nomine
2034 383 2101 422 glo-

1116 424 1118 431 *
1143 421 1228 459 riari,
1252 422 1340 461 quasi
1365 422 1397 452 in
1422 424 1525 453 medio
1551 424 1689 463 ipsorum
1715 430 1875 465 regnaret,
1910 424 2101 456 catholicam

133 384 298 415 irritatum
322 382 370 417 iri,
393 382 516 420 sibique
538 380 655 411 idcirco
678 380 783 410 maius
806 380 983 419 periculum
1004 389 1090 410 erea-

134 431 202 457 tum
226 426 282 456 iri:
307 423 563 464 quandoquidem
587 423 656 462 ipse
681 428 789 453 tantae
813 423 995 453 autoritatis
1019 432 1090 461 pro-

133 469 240 509 pheta,
269 471 301 498 et
328 471 394 497 tam
425 469 594 505 provectae
624 465 738 496 aetatis
770 464 878 505 egredi
910 467 1003 495 domo
1027 475 1089 494 non

133 514 269 552 poterat,
292 509 368 548 quin
392 508 477 538 fama
500 507 608 538 statim
633 514 808 547 emanaret,
840 513 871 538 et
894 507 933 538 ad
958 507 1090 538 Saulem

134 553 324 593 perveniret.
355 550 444 581 Nihil
468 554 574 580 tamen
598 549 701 588 ipsum
727 550 875 590 impediit
898 550 973 590 quin
998 549 1091 580 domo

134 596 208 628 licet
230 604 293 625 non
316 593 385 624 sine
408 602 534 623 summa
553 591 743 623 difficultate
762 603 911 633 egressus
931 592 1090 623 Davidem

134 638 349 673 comitaretur,
384 639 416 665 et
453 645 512 665 sua.
541 635 721 674 praesentia
752 637 955 666 commissam
983 635 1042 666 sibi
1074 644 1092 664 a

133 679 272 711 Domino
307 677 487 708 doctrinam
520 678 727 708 confirmaret
761 684 929 717 ratamque
962 678 1089 708 faceret.

131 722 217 753 Hinc
247 724 379 760 apparet
409 730 461 750 eos
492 720 607 759 quibus
639 720 729 751 verbi
760 721 860 751 divini
883 720 1089 760 praedicandi

130 774 206 795 cura
236 765 404 794 commissa
434 769 490 799 est,
521 772 586 792 11οο
616 767 762 802 oportere
787 768 913 794 tantum
934 763 1012 793 illud
1037 772 1090 793 ore

128 805 323 847 praedicare,
366 804 421 836 sed
451 805 546 836 etiam
578 815 677 844 quum
708 815 788 845 opus
819 806 880 836 erit
910 805 1089 836 doctrinam

129 859 222 880 suam
250 849 317 879 vita
348 847 477 887 propria
506 848 685 887 obsignare,
716 848 791 879 licet
821 848 975 879 adversus
1004 848 1089 888 ipsos

127 892 235 923 furore
268 890 407 921 mundus
448 894 626 922 exaestuet.
671 890 788 930 Atque,
824 890 961 928 obsecro,
1003 890 1090 930 quali

127 934 307 965 tentatione
330 932 491 963 Davidem
515 933 702 973 agitandum
727 939 887 973 putamus,
911 934 937 964 si
959 932 1089 964 Samuel

1143 464 1319 499 ecclesiam,
1349 466 1579 496 successionem
1609 468 1825 506 apostolicam,
1857 471 1888 498 et
1912 467 2100 498 vieariatuni

1142 506 1216 537 Iesu
1240 506 1362 537 Christi
1385 518 1576 548 magnopere
1608 510 1734 547 iactare,
1765 511 1899 550 denique
1923 510 2100 540 istiusmodi

1142 549 1270 589 magnis
1295 550 1394 580 titulis
1417 551 1559 590 insignes
1583 562 1664 590 csse;
1689 553 1743 583 sed
1767 564 1830 584 non
1856 553 1933 583 satis
1956 558 2003 582 est
2023 553 2099 583 titu-

1143 591 1182 622 lis
1211 592 1341 631 gloriari
1371 593 1431 624 nisi
1462 604 1511 624 res
1535 595 1603 633 ipsa
1637 596 1837 634 respondeat,
1868 600 1899 625 et
1930 595 2007 625 tales
2037 596 2101 626 sint

1144 644 1178 664 ro
1209 634 1278 674 ipsa
1301 635 1411 674 quales
1442 636 1550 666 haberi
1576 637 1694 668 volunt.
1740 638 1824 668 Nam
1848 637 1958 678 quales
1979 637 2100 668 dixeris

1143 677 1307 717 episcopos
1340 678 1408 709 sive
1441 679 1751 718 superintendentes,
1792 681 1847 720 qui
1882 680 2004 711 nullam
2040 681 2099 711 sibi

1143 720 1304 751 commissi
1335 721 1442 761 gregis
1466 732 1574 751 curam
1599 728 1719 761 gerant,
1752 724 1824 753 solis
1849 723 1965 753 annuis
1988 722 2099 753 rediti-

1144 762 1202 792 bus
1240 772 1373 793 suorum
1404 774 1484 803 quae
1520 771 1634 795 vocant
1672 765 1895 796 beneficiorum
1932 766 2098 796 contenti?

1115 809 1117 822 ²
1142 805 1293 835 Pastores
1317 805 1412 836 etiam
1437 806 1556 845 quales,
1580 814 1611 837 et
1635 808 1719 846 quali
1744 808 1811 839 cibo
1835 819 1908 839 suas
1932 818 2008 839 oves
2031 819 2099 847 pas-

1114 950 1116 963 A

128 987 147 1008 a
170 987 204 1007 se
228 976 394 1007 dimissum
418 975 565 1006 iussisset
587 974 647 1006 sibi
671 982 702 1006 et
722 975 816 1007 rebus
840 976 906 1007 suis
928 981 964 1006 ut
984 980 1091 1016 posset
1115 991 1117 1014 ς

130 1018 314 1051 consulere:
348 1028 381 1049 se
410 1018 490 1048 nihil
523 1018 584 1048 nisi
614 1018 696 1057 quod
726 1029 799 1049 eum
824 1018 914 1049 Deus
944 1019 1090 1050 iussisset

128 1062 251 1093 fecisse.
281 1060 403 1092 Contra
424 1070 620 1100 magnopere
644 1060 751 1091 David
775 1067 938 1092 recreatus
962 1066 992 1091 et
1016 1071 1090 1092 con·

128 1104 276 1135 firmatus
300 1109 356 1141 est,
379 1113 476 1142 quum
496 1113 529 1134 se
549 1103 593 1134 illi
615 1102 748 1134 Samuel
768 1103 925 1141 adiunxit,
950 1109 982 1135 et
1002 1103 1091 1134 velut

127 1147 163 1178 in
186 1146 261 1177 forti
285 1146 525 1186 propugnaculo
553 1145 732 1177 collocavit.
777 1146 846 1178 Sua
869 1148 976 1186 itaque
999 1157 1089 1186 prae-

128 1189 234 1220 sentia
257 1187 388 1220 Samuel
411 1188 573 1219 Davidem
606 1189 709 1220 facere
733 1189 837 1220 voluit
860 1190 1027 1220 certiorem
1052 1188 1090 1219 de

127 1231 192 1263 Dei
215 1231 334 1262 auxilio
366 1234 397 1261 et
421 1230 459 1262 de
483 1231 729 1271 promissionem
753 1232 855 1272 ipsius
879 1231 1089 1263 certitudine:

127 1275 196 1305 sore
219 1274 370 1305 nimirum
391 1278 434 1310 ut,
458 1273 533 1305 licet
553 1274 660 1314 ipsum
679 1274 719 1305 ad
738 1280 875 1305 mortem
898 1285 997 1314 usque
1010 1274 1087 1306 Saul

127 1320 348 1357 persequatur,
367 1320 400 1347 et
417 1316 569 1348 maximis
588 1317 716 1347 iniuriis
728 1317 854 1354 afficiat,
874 1317 964 1348 Dens
979 1322 1088 1348 tamen

125 1359 355 1399 promissiones
378 1369 451 1390 suas
471 1359 612 1399 impleat,
636 1364 668 1390 et
686 1360 787 1399 ipsius
806 1361 1009 1392 misereatur.
1035 1359 1088 1391 Sic

123 1402 234 1442 itaque
256 1412 315 1433 sua
337 1402 520 1441 praesentia
539 1402 700 1433 Davidem
719 1402 840 1433 solatus
863 1408 919 1440 est,
943 1407 976 1434 et
999 1413 1086 1442 spem

124 1445 199 1476 fecit
230 1454 304 1475 eum
335 1444 388 1484 qui
420 1444 573 1485 loquutus
604 1448 739 1476 estnon
763 1446 995 1485 permissurum
1018 1446 1087 1476 ina·

124 1497 200 1519 nem
219 1497 288 1518 esse
307 1487 591 1528 inaugurationem
610 1492 642 1519 et
660 1488 914 1528 promissionem.
937 1488 1087 1528 Denique

124 1530 202 1561 hinc
233 1533 368 1570 apparet
397 1534 519 1570 quanta
549 1531 730 1562 constantia
759 1535 791 1561 et
819 1531 1087 1571 magnanimitate

124 1571 188 1603 Dei
211 1572 351 1603 ministri
374 1572 552 1604 doctrinam
576 1583 667 1604 suam
686 1574 907 1604 confirmarint
930 1577 962 1605 et
983 1578 1086 1604 ratam

124 1615 269 1653 fecerint,
300 1614 384 1655 quod
413 1620 443 1646 et
474 1626 603 1648 necesse
626 1616 694 1647 fuit.
739 1616 914 1648 Praeterea
936 1615 1086 1648 videmus

124 1657 219 1698 quale
248 1657 290 1689 sit
318 1661 465 1689 nostrum
496 1659 529 1690 in
553 1659 718 1699 quibusvis
750 1659 979 1691 afflictionibus
1000 1659 1086 1690 refu·

124 1700 225 1741 gium,
248 1711 363 1740 nempe
386 1700 449 1732 Dei
473 1701 617 1742 verbum,
641 1712 722 1742 quae
745 1712 822 1733 vera
845 1706 894 1733 est
917 1707 947 1733 et
969 1702 1086 1733 firmis-

123 1743 207 1775 sima
230 1743 293 1774 Dei
315 1743 455 1774 filiorum
477 1749 651 1775 armatura.
688 1744 776 1776 Hinc
799 1744 887 1783 fides,
909 1744 985 1776 hinc
1007 1744 1087 1776 aliae

124 1785 273 1823 virtutes,
296 1796 377 1826 spes,
401 1786 527 1826 caritas,
551 1787 732 1827 prudentia,
764 1788 921 1827 patientia
942 1791 1086 1824 manant,

125 1827 240 1868 quibus
263 1828 380 1860 armati
403 1829 528 1860 fortiter
546 1830 687 1861 hostium
707 1834 891 1862 nostrorum
914 1830 1088 1862 insultibus

125 1871 307 1903 resistimus
330 1870 430 1903 donec
454 1873 621 1904 victoriam
645 1879 855 1913 reportemus,

210 1913 382 1945 Caeterum
413 1924 453 1945 ex
477 1915 538 1946 hoc
561 1916 657 1946 etiam
681 1916 750 1947 loco
773 1915 962 1954 colligimus,
993 1925 1086 1955 quas-

127 1955 201 1987 dam
224 1956 324 1988 fuisse
347 1957 580 1998 prophetarum
610 1958 746 1999 scholas,
776 1959 808 1989 in
833 1957 949 1998 quibus
971 1958 1084 1989 forma-

125 2002 240 2030 rentur
262 1999 315 2039 qui
339 1999 455 2031 deinde
477 2011 588 2032 veram
608 2000 798 2042 religionem
818 2001 977 2039 docerent,
1000 2001 1087 2041 puri-

128 2044 293 2082 tatemque
317 2041 480 2074 doctrinae
503 2044 690 2075 retinerent.
734 2044 848 2084 Neque
871 2044 957 2075 enim
981 2044 1087 2084 aliquo

127 2087 256 2115 tantum
285 2088 432 2125 tempore
467 2086 643 2126 prophetae
672 2087 707 2117 in
737 2086 858 2118 Naioth
888 2086 1087 2123 habitabant,

126 2126 182 2157 sed
204 2126 249 2159 ibi
277 2128 374 2158 fixam
406 2127 513 2160 sedem
538 2129 707 2160 habebant.
754 2130 854 2161 Porro
878 2138 942 2160 non
967 2129 1088 2170 simpli-

126 2168 206 2200 citer
233 2170 410 2210 prophetae
440 2171 539 2203 fuisse
570 2172 732 2210 dicuntur,
761 2172 816 2204 sed
847 2172 1087 2212 prophetantes,

128 2220 169 2258 ex
187 2221 249 2250 quo
268 2217 400 2252 apparet
422 2213 495 2246 illos
514 2225 609 2246 omne
628 2225 722 2246 suum
741 2215 883 2246 studium
903 2214 1088 2246 adhibuisse

128 2263 163 2283 10
193 2253 319 2286 divinae
349 2255 429 2296 legis
459 2257 698 2295 exercitatione,
732 2262 768 2289 ut
797 2257 908 2288 fideles
942 2258 1087 2290 doctores

131 2300 240 2326 essent
264 2296 297 2327 in
319 2298 443 2338 populo.
489 2299 583 2338 Quod
614 2311 689 2332 vero
713 2300 841 2340 quidam
866 2310 975 2331 vocem
999 2300 1086 2332 illam

125 2337 292 2386 prophetae
321 2341 482 2381 accipiunt
509 2353 566 2383 pro
596 2343 797 2374 modulatore
820 2342 1015 2375 cantieorum
1040 2348 1087 2375 est

132 2379 321 2429 ridiculum:
344 2392 418 2414 nam
440 2395 504 2416 non
528 2385 660 2416 dubium
684 2389 732 2417 est
754 2386 830 2426 quin
854 2386 913 2417 hac
935 2396 1015 2418 voce
1036 2386 1086 2417 in-

133 2422 329 2471 telligentiae
359 2424 477 2458 donum
500 2428 801 2468 comprehendatur.
845 2428 1088 2468 Prophetarunt

132 2469 253 2504 itaque,
269 2465 315 2513 ,id
335 2470 395 2514 est
422 2478 492 2500 sese
521 2470 556 2501 in
585 2471 666 2512 legis
689 2470 834 2503 doctrina
857 2476 1086 2503 exercuerunt:

129 2517 227 2547 quam
250 2507 310 2539 sibi
332 2509 410 2548 ipsis
432 2511 638 2552 applicarent,
661 2518 693 2545 et
720 2514 891 2554 discipulos
913 2514 1086 2546 erudirent.

130 2549 240 2588 Quare
274 2551 449 2590 prophetae
482 2554 534 2586 hic
565 2560 724 2588 vocantur
747 2556 769 2587 ii
800 2557 854 2597 qui
877 2567 946 2588 sese
968 2558 1001 2588 in
1025 2557 1087 2588 Dei

129 2591 202 2633 lege
224 2593 432 2641 exercebant:
457 2599 488 2627 et
509 2598 738 2638 prophetantes
757 2598 918 2637 dicuntur,
942 2604 977 2631 ut
998 2600 1087 2631 doce·

130 2643 225 2667 amur
257 2645 321 2666 non
353 2646 464 2669 manes
492 2648 560 2671 esse
591 2646 737 2682 oportere
774 2642 933 2674 honorum
965 2642 1086 2680 titulos,

1142 852 1236 885 cunt;
1260 854 1291 877 et
1315 848 1367 879 ubi
1391 855 1466 879 sunt
1486 860 1561 880 oves
1584 860 1718 888 quarum
1738 861 1847 881 euram
1869 850 2008 890 gerunt?
2030 851 2098 881 Nae

1141 890 1236 921 officii
1259 890 1402 930 ipsorum
1423 891 1504 922 ratio
1524 892 1714 931 postulabat,
1737 899 1771 923 ut
1795 893 1898 923 Deum
1919 893 2097 933 praesidem

1141 932 1298 980 habentes
1317 934 1433 973 populo
1447 944 1557 964 sanam
1571 934 1746 965 doctrinam
1762 943 1986 975 proponerent,
2010 946 2098 966 eum-

1142 986 1202 1015 que
1225 986 1257 1006 10
1281 977 1493 1007 sanctimonia.
1522 982 1553 1007 et
1574 978 1760 1016 integritate
1790 978 1876 1009 vitae
1900 986 2099 1016 exercerent,

1142 1022 1174 1048 et
1197 1017 1237 1048 ad
1265 1018 1401 1049 salutem
1427 1021 1510 1049 viam
1535 1026 1770 1051 monstrarent:
1801 1020 1855 1051 sed
1880 1021 1951 1059 quis
1974 1021 2100 1052 illorum

1142 1061 1203 1091 ista
1224 1061 1359 1092 curant?
1392 1062 1479 1093 Sane
1503 1062 1529 1093 si
1554 1062 1625 1093 Iesu
1650 1062 1771 1094 Christi
1796 1063 1930 1103 vestigia
1953 1069 1984 1093 et
2007 1074 2098 1094 mau-

1142 1103 1217 1134 data
1245 1108 1424 1143 sequuntur
1448 1104 1595 1144 operibus
1625 1105 1654 1135 id
1685 1106 1888 1136 manifestum
1912 1105 2029 1137 debent
2052 1107 2096 1137 fa-

1142 1156 1223 1177 cere.
1267 1146 1331 1177 Sed
1361 1148 1433 1186 quis
1457 1147 1587 1178 obsecro
1618 1148 1702 1179 inter
1726 1148 1796 1179 illos
1819 1148 1895 1179 ordo
1918 1153 1975 1186 est,
1998 1159 2097 1188 purae

1141 1188 1290 1228 religioni
1313 1190 1569 1220 consentaneus?
1594 1189 1753 1222 Dominus
1773 1191 1856 1221 enim
1878 1196 1986 1222 noster
2005 1191 2096 1222 Iesus

1142 1231 1294 1262 Christus
1313 1243 1412 1271 quum
1432 1233 1464 1263 in
1485 1232 1616 1264 ecclesia
1635 1238 1779 1273 pastores
1797 1234 1972 1272 constituit,
1994 1234 2098 1264 noluit

1141 1274 1235 1314 genio
1255 1274 1422 1315 indulgere
1441 1280 1473 1306 et
1491 1276 1554 1306 otio
1574 1280 1708 1316 torpere,
1732 1275 1786 1307 sed
1805 1276 1948 1306 sedulam
1967 1287 2097 1316 operam

1141 1315 1284 1348 docendo
1322 1318 1437 1357 populo
1469 1328 1599 1354 navare,
1640 1318 1806 1358 eidemque
1846 1324 1911 1349 tam
1952 1318 2098 1350 doctrina

1141 1369 1237 1398 quam
1268 1359 1359 1391 bonis
1390 1361 1537 1400 operibus
1567 1366 1599 1392 et
1621 1362 1705 1392 vitae
1728 1361 1939 1392 sanctimonia
1962 1362 2095 1400 praeire.

1141 1401 1206 1433 Sed
1242 1401 1288 1433 illi
1320 1413 1401 1443 quae
1430 1403 1591 1434 Dominus
1621 1408 1728 1435 noster
1751 1404 1920 1439 ordinavit,
1952 1404 2097 1435 funditus

1140 1449 1298 1476 evertunt.
1344 1446 1394 1476 Ex
1427 1446 1541 1485 quibus
1574 1452 1705 1486 apparet
1740 1447 1850 1477 inanes
1883 1446 1954 1477 illos
1989 1447 2098 1478 titulos

1141 1488 1258 1527 quibus
1281 1487 1335 1519 isti
1357 1489 1547 1529 gloriantur,
1571 1499 1635 1520 non
1660 1494 1784 1520 tantum
1809 1488 1979 1520 ridiculum
2003 1489 2094 1529 quid-

1140 1530 1213 1561 dam
1237 1540 1314 1568 esse,
1345 1531 1400 1562 sed
1423 1532 1556 1571 impium
1587 1537 1619 1562 et
1641 1532 1702 1572 ipsi
1724 1531 1795 1562 Deo
1817 1531 2094 1563 contumeliosum.

1140 1573 1212 1612 Quo
1243 1573 1327 1604 enim
1358 1574 1437 1612 iure,
1480 1574 1529 1605 vel
1556 1585 1652 1614 quam
1682 1573 1886 1614 impudenter
1913 1575 2020 1614 potius
2048 1574 2096 1605 illi

1139 1626 1172 1647 se
1190 1621 1335 1656 pastores
1358 1617 1466 1648 ovium
1491 1616 1610 1654 dicunt,
1634 1618 1686 1657 qui
1710 1617 1775 1656 lupi
1798 1622 1873 1647 sunt
1897 1627 2036 1657 rapaces,
2065 1624 2097 1648 et

1139 1659 1250 1699 procul
1273 1658 1391 1690 absunt
1413 1660 1452 1691 ab
1476 1670 1512 1691 eo
1535 1670 1667 1691 munere
1686 1670 1747 1700 quo
1765 1664 1873 1690 tamen
1892 1659 2095 1700 gloriantur?

1139 1700 1357 1740 Quamobrem
1381 1701 1626 1743 diligentissime
1646 1701 1879 1734 observandum
1902 1702 1985 1742 quod
2005 1702 2094 1733 audi-

1138 1754 1209 1776 mus
1238 1744 1297 1776 hoc
1321 1745 1404 1776 loco:
1435 1745 1607 1785 prophetas
1630 1756 1695 1776 non
1725 1744 1816 1775 titulo
1839 1749 1933 1776 tenus
1957 1749 2094 1784 vocatos,

1138 1791 1173 1818 ut
1195 1787 1273 1818 istos
1296 1787 1589 1828 pseudo-pastores
1618 1788 1790 1828 papisticos
1812 1787 1961 1818 inanibus
1984 1787 2096 1828 elogiis

1138 1830 1247 1861 ornari
1270 1830 1426 1867 videmus,
1451 1830 1506 1862 sed
1527 1841 1638 1861 revera
1662 1830 1878 1870 prophetasse,
1901 1830 1933 1861 id
1958 1834 2007 1861 est
2030 1841 2095 1861 non

1138 1873 1228 1904 inani
1252 1873 1388 1913 quadam
1408 1873 1561 1904 iactantia
1583 1873 1786 1913 superbiisse,
1810 1872 1866 1903 sed
1889 1872 1922 1903 in
1942 1873 2004 1903 Dei
2027 1872 2097 1913 lege

1139 1926 1173 1947 se
1196 1916 1386 1953 exercuisse,
1411 1921 1442 1947 et
1466 1916 1497 1946 10
1522 1916 1607 1946 illius
1627 1915 1772 1947 doctrina
1790 1925 1860 1946 sese
1879 1915 2097 1953 confirmasse,

1139 1962 1175 1990 ut
1206 1958 1351 1989 fidelium
1382 1958 1546 1990 doctorum
1577 1959 1679 1990 officio
1709 1958 1931 1998 fungerentur.
1984 1957 2095 1996 Quare

1139 2001 1191 2032 1110
1223 2001 1311 2032 100115
1346 2006 1394 2032 est
1427 2001 1650 2032 observatione
1681 1999 1807 2041 dignus,
1842 2011 1883 2031 ne
1913 2000 2003 2031 falsis
2032 2001 2095 2032 illis

1140 2043 1243 2075 titulis
1285 2044 1400 2083 quibus
1434 2044 1578 2074 homines
1612 2043 1791 2083 gloriantur
1823 2053 2094 2074 commoveamur.

1138 2086 1262 2118 Idcirco
1295 2086 1370 2118 alibi
1406 2087 1562 2126 propheta
1599 2087 1742 2117 minatur
1777 2086 1816 2116 iis
1844 2086 1899 2125 qui
1927 2086 2094 2117 scientiam

1138 2129 1330 2166 reiecerunt,
1362 2130 1428 2160 fore
1452 2134 1487 2159 ut
1508 2129 1703 2165 reiiciantur,
1727 2138 1767 2159 ne
1790 2128 1924 2159 Domini
1948 2128 2095 2160 sacerdo—

1139 2176 1186 2204 tes
1218 2172 1406 2203 habeantur.
1452 2171 1553 2202 Porro
1584 2182 1645 2202 vox
1678 2171 1732 2202 illa
1760 2170 1911 2202 Scientiae
1943 2181 2006 2202 non
2037 2182 2095 2211 pro

1138 2215 1320 2256 cognitione
1354 2220 1386 2246 et
1418 2214 1638 2254 intelligentia,
1676 2213 1731 2244 sed
1765 2223 1823 2253 pro
1857 2213 2094 2253 praedicatione

1138 2258 1302 2298 accipitur,
1326 2259 1415 2297 quasi
1434 2257 1524 2288 Deus
1547 2257 1585 2288 iis
1608 2256 1754 2287 omnibus
1777 2256 1832 2296 qui
1851 2256 1961 2288 haberi
1981 2256 2095 2287 volunt

1138 2305 1284 2342 pastores
1312 2304 1344 2331 et
1372 2300 1514 2331 doctores
1542 2299 1692 2330 ecclcsiae
1716 2298 1921 2329 denuntiaret
1945 2309 2008 2330 000
2033 2299 2095 2330 alia

1138 2344 1264 2375 ratione
1294 2343 1368 2379 fore,
1400 2352 1502 2381 neque
1534 2341 1679 2372 habitum
1709 2341 1748 2372 iri
1776 2346 1916 2381 pastores
1948 2352 2044 2382 quam
2067 2343 2094 2373 si

1139 2397 1217 2427 pure
1240 2389 1272 2417 et
1294 2385 1416 2417 sincere
1436 2385 1497 2415 Dei
1520 2383 1653 2415 verbum
1675 2384 1874 2424 praedicent:
1898 2394 1935 2416 ac
1957 2384 2093 2424 proinde

1138 2430 1165 2460 si
1189 2428 1221 2459 id
1244 2438 1307 2459 non
1331 2428 1464 2459 feceriut
1481 2427 1592 2458 inanes
1611 2431 1642 2458 et
1660 2427 1767 2457 irritos
1789 2427 1867 2458 istos
1885 2426 1953 2458 fore
1972 2427 2092 2458 titulos.

1138 2471 1227 2502 Deus
1252 2470 1339 2501 enim
1362 2475 1470 2509 aperte
1494 2469 1634 2500 declarat
1656 2480 1690 2501 se
1713 2479 1777 2500 non
1798 2469 1916 2501 habere
1939 2480 1997 2510 pro
2021 2469 2093 2501 doc-

1138 2514 1260 2545 toribus
1271 2518 1301 2544 et
1314 2512 1494 2552 pastoribus
1507 2522 1560 2543 005
1573 2512 1626 2552 qui
1645 2512 1810 2544 scientiam
1829 2523 1894 2543 non
1912 2512 2043 2551 habent,
2062 2512 2093 2543 id

1139 2561 1196 2594 est,
1216 2556 1268 2596 qui
1282 2566 1346 2586 000
1359 2559 1433 2586 sunt
1443 2555 1507 2594 apti
1525 2559 1555 2585 et
1569 2554 1674 2586 idonei
1689 2554 1728 2586 ad
1741 2555 1873 2586 verbum
1886 2555 1988 2596 ipsius
2001 2565 2093 2595 prae-

1139 2598 1320 2635 dicandum,
1344 2601 1375 2628 et
1396 2597 1450 2637 qui
1473 2606 1537 2627 non
1561 2597 1740 2638 funguntur
1758 2608 1908 2629 verorum
1927 2602 2093 2638 pastorum

1139 2641 1241 2673 officio
1266 2641 1297 2671 10
1321 2639 1488 2680 pascendis
1511 2639 1672 2680 gregibus,
1702 2640 1757 2672 sed
1779 2641 1888 2681 potius
1912 2651 1981 2673 esse
2004 2640 2096 2680 lupos
