2551 3044
360 216 423 247 295

364 320 398 340 se
421 307 557 339 consilio
584 317 718 338 suorum
743 307 967 347 obtemperare
990 305 1081 343 velle,
1107 311 1137 337 et
1162 306 1230 337 istis
1255 307 1338 338 frau-

366 351 459 382 dibus
496 351 526 381 in
560 350 760 390 impietattm
797 357 826 380 et
857 349 1049 381 iniustitiam
1074 349 1181 380 emnia
1205 359 1337 380 convcr-

365 392 456 424 tere?
499 392 799 423 verumenimvero
825 392 914 423 Deus
945 393 976 423 in
1009 392 1207 422 contrarium
1232 393 1339 423 onmia

364 436 536 475 convertit,
567 444 596 466 et
631 434 827 466 callidorum
861 446 897 466 ac
927 434 1145 475 versipellium
1171 433 1338 466 hominum

364 478 499 509 consilia
524 479 556 509 in
581 485 677 518 caput
716 478 858 518 ipsorum
892 484 1066 517 retorquet.
1112 477 1167 508 Sic
1198 478 1340 517 oportuit

364 521 497 552 Saulem
524 521 642 552 Davitli
668 520 771 551 filiam
793 531 884 551 suam
906 521 1028 560 nuptiis
1049 520 1161 557 locare,
1185 530 1223 551 ex
1247 526 1339 560 pacto

364 563 517 601 debitam,
550 563 624 594 licet
650 563 788 594 libenter
813 565 1015 594 sententiam
1041 573 1132 594 suam
1156 569 1238 594 esset
1268 573 1340 594 mu·
1364 564 1367 572 ⁴

365 612 503 638 taturus.

450 648 532 688 Quis
567 658 644 679 vero
669 647 800 679 tandem
826 649 963 679 istorum
989 647 1118 679 exitus?
1163 646 1339 688 Sequitur:

369 693 411 725 Et
440 692 517 723 vidit
551 690 639 723 Saul.
673 694 698 721 et
722 691 871 722 intellexit
894 691 976 731 quod
993 690 1152 722 Dominus
1174 693 1252 722 esset
1273 700 1340 722 cum

366 735 486 768 David.
535 733 577 765 Ee
609 733 687 764 Saul
710 734 811 773 mayis
834 735 928 773 coepit
951 734 1056 765 timae
1078 733 1195 768 David,
1223 734 1340 773 sactus-

370 790 426 819 (μα’
449 780 493 809 es!
519 777 580 816 ipsi
606 777 752 808 inaniens
775 777 890 807 efflictis
909 776 1025 808 dicbus.
1073 777 1124 807 Ex
1144 775 1258 816 quibus
1277 776 1340 808 cla-

372 822 438 852 rius
465 819 570 851 adhue
594 826 728 859 apparet
753 819 836 858 quod
861 830 957 859 supra
983 819 1201 859 exposuimus,
1226 829 1340 859 nempe

372 862 538 903 improbos
563 861 691 902 quidtm
718 862 832 892 timere
857 862 974 898 Deum,
998 870 1028 892 at
1054 873 1118 892 non
1144 869 1177 892 ut
1201 872 1270 893 sese
1294 861 1340 892 illi

372 906 578 941 submittant,
613 910 644 935 et
674 914 708 935 se
738 903 777 934 ad
801 904 901 944 ipsius
925 904 1112 944 obsequium
1137 911 1340 944 componant,

372 949 427 980 sed
453 948 560 988 potius
584 954 619 978 ut
644 946 851 978 iul'rendcaut
876 947 1024 978 dentibus
1048 947 1203 978 adversus
1224 947 1340 987 ipsum,

369 1000 400 1022 et
431 1001 489 1031 pro
521 990 642 1020 viribus
674 990 733 1030 ipsi
763 990 974 1021 reluctentur.
1020 990 1064 1021 Et
1088 990 1148 1021 hoe
1173 990 1238 1021 iam
1265 996 1340 1020 ante

370 1036 400 1064 in
422 1033 520 1065 Saule
540 1032 689 1068 vidimus,
715 1039 744 1063 et
765 1032 858 1063 modo
878 1033 915 1063 fit
935 1033 1028 1073 longe
1048 1033 1175 1064 clarius.
1229 1032 1340 1071 Neque

368 1077 452 1107 enim
479 1081 605 1106 tantum
632 1075 748 1105 dicitur
773 1075 851 1106 Saul
877 1075 996 1106 vidisse
1016 1075 1180 1106 Davidem
1201 1086 1258 1115 per
1277 1074 1339 1106 Dei

371 1119 509 1160 gratiani
535 1128 689 1158 prospero
710 1129 816 1148 rerum
838 1119 882 1149 uti
901 1128 1062 1155 successu,
1086 1118 1142 1150 sed
1167 1118 1340 1159 agnovisse

369 1171 560 1202 prosperum
585 1160 672 1191 illam
700 1171 883 1192 successum
912 1161 1028 1192 Dat-idi
1049 1162 1237 1201 contingere
1256 1161 1338 1200 quod

370 1204 461 1236 Deus
484 1210 568 1235 esset
591 1213 663 1234 cum
686 1204 763 1243 ipso.
809 1203 918 1242 Quare
937 1204 1037 1244 igitur
1057 1205 1148 1235 timet
1167 1204 1340 1237 Davidem,

370 1248 397 1279 si
429 1247 518 1279 Deus
553 1253 623 1277 erat
646 1256 718 1277 eum
743 1246 833 1286 ipso?
881 1246 963 1277 Nam
990 1247 1019 1278 si
1045 1248 1205 1277 fortunam
1231 1246 1340 1277 existi-

370 1294 489 1321 masset
523 1299 630 1320 rerum
662 1288 825 1319 dominam
872 1288 991 1320 Davidi
1023 1290 1143 1326 favere,
1177 1289 1340 1320 videretur

369 1331 571 1373 aliquomodo
601 1330 814 1368 excusandus,
844 1332 869 1362 si
902 1331 1062 1363 Davidem
1093 1336 1221 1372 optaret.
1251 1331 1339 1362 mille

369 1375 526 1406 mortibus
555 1374 668 1414 pcriro.
713 1373 777 1405 Sed
807 1384 905 1414 quum
936 1375 995 1405 sibi
1020 1375 1213 1415 persuadeat
1237 1373 1338 1405 Davi—

371 1419 443 1449 dem
475 1428 530 1457 pcr
559 1427 593 1448 se
625 1416 705 1447 nihil
737 1426 816 1455 esse,
847 1416 902 1448 sed
926 1417 1081 1458 quidquid
1106 1423 1154 1449 cst
1179 1427 1254 1448 esse
1278 1416 1339 1447 Dei

371 1462 490 1498 favore,
514 1467 545 1490 et
568 1459 720 1490 bonitatis
744 1459 873 1490 divinae
897 1460 988 1500 signa
1012 1471 1074 1491 non
1095 1460 1194 1492 dubia
1219 1460 1250 1491 in
1271 1459 1339 1500 ipso

370 1513 534 1544 apparere,
581 1512 680 1541 quare
721 1501 918 1542 obstupescit
959 1508 990 1533 et
1032 1509 1119 1534 totus
1159 1501 1338 1534 cohorret?

370 1546 487 1577 Nonne
521 1545 629 1585 potius
657 1544 791 1576 debebat
827 1545 887 1575 hoc
921 1545 952 1575 in
987 1547 1129 1576 animum
1166 1544 1340 1576 inducere:

372 1589 461 1619 Deus
490 1587 543 1618 hic
574 1594 631 1624 est,
666 1598 742 1627 ergo
774 1588 905 1628 propius
930 1588 1007 1618 mihi
1032 1587 1248 1620 accedendum
1275 1592 1339 1618 est.

373 1631 437 1663 Sed
463 1641 526 1670 quo
550 1630 643 1670 plura
667 1630 757 1660 videt
780 1630 981 1670 praesentiae
1003 1631 1062 1662 Dei
1083 1632 1186 1671 signa,
1214 1640 1251 1661 eo
1270 1630 1341 1670 plus

373 1674 491 1709 horret,
515 1679 546 1703 et
566 1673 694 1713 longius
714 1673 844 1703 recedit.
892 1672 1174 1711 Quemadmodum
1197 1673 1343 1704 homines

374 1716 500 1747 rabidos
535 1715 682 1746 videmus
708 1715 771 1746 huc
801 1715 876 1747 illuc
908 1715 1223 1756 circumspectantes,
1253 1716 1280 1747 si
1309 1715 1343 1747 in

374 1769 476 1799 aquae
499 1765 705 1798 conspectum
732 1758 903 1789 inciderint
927 1759 1049 1796 terreri,
1089 1765 1119 1789 et
1143 1759 1202 1789 sibi
1227 1768 1342 1799 aquam

374 1802 570 1833 contrariam
603 1801 783 1841 imaginari,
815 1800 898 1840 quod
931 1808 1036 1832 tamen
1068 1801 1271 1832 elementum
1296 1807 1345 1832 est

374 1845 460 1875 vitae
495 1843 656 1874 humanae
691 1844 965 1882 pernecessarium
998 1850 1032 1875 ct
1067 1844 1160 1875 utile:
1196 1844 1239 1874 ita
1265 1842 1344 1875 Saul

374 1887 426 1918 hic
458 1885 585 1917 videtur
615 1884 677 1916 Dei
710 1886 931 1925 praesentiam
957 1894 1107 1926 tanquam
1130 1886 1189 1917 sibi
1213 1887 1342 1918 noxiam

376 1930 516 1961 horrere.
555 1928 637 1958 Nam
658 1927 746 1959 illius
768 1934 910 1959 mentem
932 1928 977 1960 sic
998 1935 1215 1960 transversam
1230 1928 1345 1970 agebat

376 1971 511 2003 frenesis
546 1976 582 2002 ut
615 1971 737 2011 gratiae
773 1970 834 2002 Dei
871 1972 1066 2010 praeseutia,
1101 1982 1180 2011 quae
1215 1981 1344 2002 omnem

376 2020 497 2046 metum
528 2019 562 2044 et
588 2023 739 2052 pavorem
764 2013 865 2045 lenire
889 2021 919 2044 et
944 2014 1073 2054 placare
1099 2014 1188 2050 solet,
1217 2020 1344 2054 pertur-

376 2058 470 2089 betur
504 2056 618 2096 magis,
653 2062 684 2086 et
719 2067 780 2087 non
817 2058 917 2096 possit
954 2057 1115 2096 quiescere
1149 2063 1178 2087 et
1214 2058 1281 2087 suis
1311 2068 1345 2087 se

377 2098 630 2140 cogitationibus
664 2098 772 2135 solari,
811 2098 865 2129 sed
904 2099 996 2130 furiis
1027 2099 1167 2140 agitetur
1198 2106 1232 2130 ut
1262 2099 1343 2130 nihil

377 2142 461 2182 apud
489 2152 523 2173 se
552 2141 651 2181 possit
681 2146 833 2179 statuere,
868 2151 1007 2182 moxque
1031 2143 1063 2172 in
1089 2142 1173 2173 banc
1195 2143 1289 2173 modo
1311 2143 1343 2173 in

378 2186 466 2216 illam
503 2183 720 2224 propendeat:
759 2183 936 2215 Davidisnc
978 2185 1194 2224 praesentiam
1234 2185 1345 2225 fugiat,

379 2238 517 2267 eumque
549 2226 659 2267 procul
691 2237 710 2257 a
740 2237 774 2258 se
797 2226 934 2267 ableget,
966 2238 1006 2258 an
1034 2238 1108 2258 vero
1132 2227 1217 2258 domi
1240 2228 1344 2267 ipsum

378 2270 526 2302 retineat.
572 2269 719 2301 Profecto
744 2268 836 2300 nobis
861 2269 1014 2301 omnibus
1038 2269 1120 2300 idem
1145 2270 1345 2311 contingeret

381 2313 443 2344 nisi
467 2311 557 2343 Deus
582 2313 650 2352 ipse
675 2311 767 2343 nobis
791 2317 902 2343 notum
927 2313 1046 2343 faceret
1070 2312 1253 2352 ubicunque
1276 2323 1347 2353 gra-

380 2356 443 2387 tiae
467 2355 567 2395 ipsius
591 2361 748 2395 apparent
770 2355 919 2395 vestigia,
945 2354 1079 2386 totidem
1103 2365 1172 2386 esse
1192 2355 1345 2386 bonitatis

379 2398 481 2439 ipsius
527 2407 604 2437 erga
646 2408 702 2428 nos
739 2398 931 2428 testimonia.
977 2396 1196 2437 Quamobrem
1236 2397 1345 2429 obser-

381 2439 521 2472 vandum
552 2447 598 2471 est
623 2440 706 2471 istud
731 2439 840 2472 Saulis
863 2439 1056 2480 exemplum,
1088 2447 1125 2471 ut
1147 2440 1174 2472 si
1198 2440 1290 2472 Deus
1314 2441 1345 2472 in

381 2483 546 2524 proximos
576 2488 704 2513 nostros
738 2483 856 2514 amoris
887 2483 938 2514 sui
965 2488 997 2513 et
1019 2488 1173 2523 paternae
1195 2482 1347 2514 bonitatis

380 2527 474 2567 sigua
497 2525 667 2557 contulerit
696 2525 786 2556 varia
814 2525 896 2557 dona
919 2530 951 2557 et
971 2536 1029 2557 sua
1045 2525 1154 2566 gratia
1172 2526 1346 2566 exornarh,
1371 2526 1374 2573 l

383 2569 544 2600 discamus
577 2578 632 2599 eos
665 2578 784 2606 amare,
817 2574 849 2599 et
883 2569 916 2600 in
952 2568 1030 2608 ipsis
1061 2568 1165 2600 Deum
1190 2568 1293 2600 colere
1316 2574 1348 2600 et

382 2611 541 2647 venerari,
564 2620 605 2641 ne
629 2610 710 2641 forte
733 2611 825 2642 nobis
848 2611 932 2643 idem
952 2610 1035 2651 quod
1055 2609 1146 2643 Sauli
1165 2611 1345 2652 contingat.

381 2654 552 2685 Caeterum
597 2663 692 2693 quam
738 2652 935 2685 horrendum
976 2656 1035 2693 est,
1080 2663 1206 2694 quaeso,
1254 2653 1341 2685 istud

1176 211 1379 244 HOMILIA
1402 212 1528 245 LXIX.

2278 214 2339 245 ‘2915

1389 307 1584 348 exemplum,
1614 315 1642 338 et
1672 317 1765 347 quam
1797 306 1994 337 detestabilis
2025 306 2191 338 homiuum
2215 307 2345 346 malitia,

1389 350 1442 389 qui
1466 350 1622 381 adversus
1647 350 1705 380 Dei
1730 350 1867 390 gratiam
1892 350 1924 380 in
1949 349 2054 389 aliquo
2079 360 2154 389 prae
2179 350 2249 380 aliis
2272 361 2344 382 con-

1390 394 1532 433 spicuam
1559 404 1621 423 non
1646 400 1800 423 verentur
1824 391 2018 423 stomachari
2040 399 2070 423 et
2088 402 2280 433 magnopere
2296 393 2345 424 in-

1391 436 1526 475 dignari.
1551 436 1628 466 adt-o
1651 442 1684 466 ut
1710 435 1868 472 resistere,
1893 440 1924 464 ct
1946 445 2015 466 sese
2038 435 2084 466 illi
2103 445 2262 475 opponere
2281 446 2345 467 non

1392 477 1621 509 reformident?
1666 477 1735 508 Nae
1758 477 1837 509 haec
1861 487 1921 508 non
1947 477 2097 508 videntur
2120 488 2209 517 posse
2233 477 2266 508 in
2288 478 2346 509 ho-

1391 522 1493 552 mines
1523 520 1651 552 cadere:
1682 530 1794 551 verum
1825 530 1924 560 quum
1954 520 1987 551 in
2017 521 2188 561 reprobum
2217 530 2346 552 sensum

1391 564 1618 596 coniiciuntur,
1642 562 1716 602 quid
1741 574 1802 593 uon
1827 563 1954 597 audent.
1978 563 2079 594 instar
2103 563 2294 594 furiosorum
2316 571 2349 594 et

1392 606 1575 638 rabidorum
1596 616 1722 643 eanum,
1743 612 1776 636 ut
1797 611 1873 637 ante
1892 605 2080 637 docuimus?
2119 605 2204 645 Quid
2230 616 2348 646 quaeso

1393 649 1500 680 Esavo
1530 648 1686 688 contigit?
1725 658 1788 688 quo
1818 647 1997 679 dementiae
2027 648 2177 680 devenit?
2223 648 2292 680 Nae
2321 648 2347 680 si

1393 692 1494 732 patris
1525 691 1775 722 benedictionem
1805 691 2059 731 contempsisset,
2094 691 2200 723 datam
2230 690 2348 722 Iacobo

1392 745 1486 774 quam
1501 733 1610 764 fraude
1624 734 1854 773 praeripuerat,
1878 734 1968 774 parvi
1986 734 2106 765 factum
2127 734 2204 765 illud
2219 734 2346 766 fecisset

1393 785 1424 808 et
1455 787 1512 818 pro
1544 776 1645 807 nihilo
1676 776 1848 807 habuisset.
1893 776 1937 807 At
1966 786 2035 807 sese
2057 776 2268 808 vehementer
2291 788 2345 808 ex-

1392 820 1523 855 cruciat,
1555 827 1582 849 et
1617 819 1788 859 gemitibus
1819 830 1854 850 ac
1885 818 2058 851 ululatibus
2088 820 2199 859 implet
2228 819 2346 850 omnia.

1393 862 1479 902 Quid
1500 863 1542 893 ita
1564 861 1662 892 vei-o?
1701 861 1825 902 Nempe
1843 862 1904 893 ista
1923 872 1987 893 non
2007 872 2076 893 esse
2095 872 2161 893 rem
2183 861 2348 899 ludicram,

1393 916 1496 945 neque
1531 905 1581 936 hie
1617 904 1668 944 agi
1703 904 1843 936 tabulam
1879 904 2015 936 sciebat:
2050 904 2104 935 sed
2139 904 2246 936 Deum
2281 905 2351 935 istis

1392 958 1538 988 praeesse
1569 954 1599 978 ct
1630 947 1738 978 eadem
1771 958 1882 988 regere
1905 948 2124 988 cognoscebat,
2154 948 2349 987 fratremque

1393 1001 1486 1021 suuni
1512 990 1660 1021 Iacobum
1686 1001 1703 1021 a
1726 989 1867 1021 Domino
1891 991 2027 1022 electum
2052 990 2126 1021 iude
2149 990 2240 1022 facile
2262 990 2348 1022 colli-

1393 1034 1503 1074 gebat:
1546 1033 1600 1063 sed
1641 1043 1682 1064 an
1715 1033 1786 1064 ideo
1819 1044 1888 1064 sese
1921 1032 1960 1064 ad
1995 1032 2126 1064 Domini
2161 1033 2347 1073 obsequium

1393 1075 1624 1116 componebat?
1668 1075 1740 1106 Imo
1781 1083 1891 1107 contra
1932 1086 2000 1107 sese
2034 1076 2213 1116 propinqua
2246 1076 2349 1116 patris

1393 1129 1470 1150 nece
1504 1118 1685 1149 consolatus
1717 1125 1773 1150 est.
1807 1125 1839 1149 et
1872 1129 1928 1158 spe
1958 1118 1997 1150 de
2026 1118 2124 1149 fratre
2155 1118 2244 1150 brevi
2275 1129 2292 1150 a
2315 1128 2350 1150 se

1394 1161 1613 1192 interficiendo
1646 1162 1807 1192 sustinuit.
1852 1161 1965 1201 Itaque
1996 1161 2249 1193 benedictionem
2280 1160 2350 1192 Deo

1394 1204 1521 1236 nolente
1552 1204 1622 1235 vult
1652 1203 1804 1241 obtinere,
1839 1204 1891 1235 vel
1921 1204 2029 1235 eodem
2054 1204 2166 1235 invito.
2212 1206 2256 1236 At
2279 1204 2348 1244 qui-

1394 1258 1466 1278 nam
1500 1248 1533 1277 fit
1570 1253 1604 1277 ut
1638 1247 1776 1284 EsavuS,
1810 1247 1836 1278 si
1871 1248 2002 1278 fratrem
2036 1257 2128 1278 suum
2163 1247 2300 1279 electum
2331 1257 2349 1277 a

1394 1290 1533 1320 Domino
1568 1290 1665 1320 fuisse
1698 1290 1827 1327 sciebat,
1860 1295 1890 1320 et
1924 1290 1969 1321 ita
2003 1300 2175 1330 persuasus
2204 1295 2281 1324 erat,
2314 1294 2351 1321 ut

1394 1333 1544 1363 reluctari
1579 1343 1641 1362 uon
1679 1338 1795 1373 posset,
1832 1338 1942 1364 eontra
1976 1331 2038 1363 Dei
2073 1332 2235 1364 decretum
2259 1332 2349 1363 fratri

1394 1381 1499 1406 struat
1529 1375 1671 1412 insidias,
1709 1381 1739 1406 et
1767 1380 1905 1406 mortem
1936 1375 2004 1406 eius
2026 1374 2181 1415 quaerat?
2226 1375 2350 1415 Nempe

1394 1418 1469 1449 hinc
1500 1423 1630 1457 apparet
1655 1417 1738 1458 quod
1761 1423 1836 1449 ante
1860 1417 1937 1455 dixi,
1967 1419 2126 1449 coniectos
2150 1417 2295 1449 homines
2317 1418 2347 1448 in

1394 1472 1420 1492 τι
1430 1459 1564 1501 probum
1587 1471 1718 1491 sensum
1741 1471 1836 1492 suum
1856 1461 1997 1501 ipsorum
2016 1460 2153 1492 exitium
2172 1466 2203 1491 et
2222 1460 2349 1492 ruinam

1394 1514 1583 1544 promovere
1621 1503 1775 1535 adversus
1812 1504 1917 1535 Deum
1947 1502 2131 1544 pugnando.
2176 1503 2228 1534 Ex
2259 1509 2351 1543 parte

1395 1545 1520 1586 quidem
1547 1545 1605 1577 sibi
1628 1545 1736 1577 Deum
1761 1546 1930 1578 adversum
1955 1546 2115 1577 sentiunt:
2145 1545 2200 1577 sed
2225 1545 2288 1577 alia
2310 1556 2350 1577 ex

1395 1596 1485 1629 parte
1505 1599 1632 1620 sensum
1653 1600 1779 1620 emnem
1800 1589 1979 1620 divinitatis
1999 1588 2162 1627 abiiciunt,
2186 1593 2219 1620 et
2236 1593 2351 1629 sponte

1396 1643 1463 1662 sese
1493 1633 1524 1662 in
1555 1631 1702 1663 tenebras
1732 1631 1915 1670 comiciam,
1949 1642 2141 1671 omnemque
2168 1631 2351 1664 considera-

1396 1676 1511 1705 tionem
1558 1676 1718 1714 potentiae
1764 1674 1827 1705 Dei
1874 1674 2010 1715 fugiunt.
2057 1674 2205 1714 Denique
2246 1674 2352 1706 Deum

1396 1718 1498 1757 ipsum
1530 1717 1674 1756 horrent,
1702 1718 1834 1749 minime
1864 1717 1992 1758 quidem
2017 1722 2092 1748 ante
2115 1717 2214 1757 ipsius
2237 1716 2353 1748 maies-

1396 1766 1492 1790 tatem
1524 1768 1708 1796 tremcntes,
1733 1766 1763 1792 et
1787 1771 1856 1791 sese
1879 1760 1925 1791 illi
1948 1760 2172 1792 subiicientes:
2205 1759 2260 1791 sed
2282 1769 2353 1791 sese

1396 1803 1498 1842 magis
1537 1803 1736 1840 indurantes,
1770 1809 1801 1835 et
1831 1803 1865 1834 in
1895 1802 2017 1834 malitia
2046 1802 2252 1834 obfirmantes
2282 1802 2352 1834 sine

1396 1846 1520 1876 ratione
1544 1853 1575 1876 ct
1597 1846 1723 1877 iudicio.

1480 1888 1570 1919 Idem
1601 1887 1693 1920 Sauli
1723 1889 1894 1929 contigisse
1924 1888 2080 1920 videmus.
2125 1887 2235 1921 Sensit
2265 1889 2351 1919 enim

1397 1938 1427 1961 et
1469 1931 1535 1970 ipsa
1577 1932 1777 1972 experientia
1810 1931 1922 1963 doctus
1956 1938 2003 1963 est
2036 1931 2142 1962 Deum
2176 1941 2246 1963 esse
2278 1940 2351 1962 cum

1397 1974 1539 2005 Davide:
1574 1985 1649 2005 nam
1680 1985 1744 2006 non
1776 1975 1964 2015 simpliciter
1994 1974 2110 2006 dicitur
2132 1973 2240 2005 David
2262 1983 2351 2014 pros-

1397 2027 1471 2056 pero
1504 2027 1651 2049 successu
1690 2028 1798 2048 rerum
1829 2027 1908 2048 usus
1937 2017 2043 2055 fuisse,
2077 2016 2131 2048 scd
2163 2016 2252 2048 Deus
2278 2025 2351 2047 cum

1398 2060 1464 2099 ipso
1496 2060 1602 2096 fuisse,
1637 2066 1669 2091 et
1698 2060 1836 2091 eundem
1866 2059 2036 2091 adiuvisse.
2081 2060 2133 2090 An
2167 2069 2243 2090 vero
2272 2057 2350 2091 Saul

1397 2102 1513 2133 idcirco
1543 2102 1685 2134 mollitus
1714 2108 1772 2142 est,
1800 2107 1832 2134 ct
1860 2113 1929 2134 sese
1959 2113 2065 2134 coram
2089 2102 2160 2133 Deo
2183 2101 2299 2134 deiecit
2320 2105 2352 2132 et

1397 2144 1601 2177 humiliavit?
1624 2156 1664 2176 an
1684 2146 1815 2186 agnovit
1833 2156 1867 2176 se
1886 2146 1970 2176 vires
1989 2145 2147 2176 humanas
2165 2154 2245 2185 opus
2262 2154 2353 2184 supe-

1398 2197 1473 2218 rans
1507 2188 1647 2228 aggredi,
1685 2199 1784 2228 quum
1816 2187 1976 2220 Davidem
2007 2188 2187 2228 opprimere
2215 2186 2351 2224 volebat,

1398 2240 1491 2269 quem
1516 2231 1606 2262 Deus
1629 2230 1815 2262 attollebat?
1847 2230 1968 2262 Contra
1990 2230 2094 2270 magis
2116 2230 2281 2270 magisque
2304 2229 2352 2260 in-

1398 2273 1532 2303 duratus
1555 2280 1586 2303 et
1609 2273 1798 2305 obfirmatus
1816 2279 1872 2304 est.
1909 2273 1951 2304 Et
1970 2273 2042 2304 licet
2061 2272 2235 2304 amicitiam
2254 2272 2354 2304 simu-

1399 2314 1487 2351 lavit,
1522 2316 1645 2356 ipsique
1678 2317 1776 2348 filiam
1811 2326 1901 2348 suam
1936 2315 2058 2356 nuptiis
2091 2315 2211 2352 locarit,
2243 2319 2354 2346 tamen

1398 2357 1504 2388 odium
1543 2358 1699 2391 adversus
1739 2360 1843 2399 ipsum
1875 2364 2004 2399 pectore
2038 2358 2127 2395 fovit,
2171 2363 2355 2397 metumque

1399 2400 1481 2430 intra
1505 2412 1538 2432 se
1560 2402 1727 2441 continuit,
1751 2402 1951 2434 occasionem
1974 2411 2131 2441 quaerens
2153 2399 2312 2432 Davidem
2336 2410 2354 2431 e

1399 2442 1483 2473 vivis
1515 2443 1659 2485 tollendi,
1690 2444 1782 2476 modo
1805 2449 1913 2476 tamen
1933 2454 1973 2475 ne
1992 2444 2059 2483 ipse
2078 2443 2191 2475 fecisse
2210 2443 2260 2474 vel
2279 2453 2352 2475 con-

1399 2485 1484 2516 scius
1515 2486 1610 2518 fuisse
1633 2487 1807 2519 videretur.
1837 2486 1961 2518 Idcirco
1983 2486 2100 2517 dicitur
2123 2485 2163 2517 ad
2186 2486 2282 2518 finem
2301 2496 2354 2517 us-

1399 2538 1459 2567 que
1480 2528 1574 2560 fuisse
1594 2530 1696 2561 factus
1714 2530 1864 2562 inimicus
1882 2528 2016 2560 Davidi:
2037 2528 2244 2569 quamobrem
2257 2528 2356 2560 timor

1399 2569 1453 2601 illc
1471 2570 1532 2602 fuit
1548 2572 1687 2604 furiosus
1703 2578 1735 2604 et
1750 2572 1891 2610 rabidus,
1914 2571 2018 2612 qualis
2034 2581 2104 2603 esse
2119 2571 2200 2603 solet
2212 2571 2354 2602 omnium

1400 2612 1618 2653 improborum
1671 2622 1703 2646 et
1747 2614 1964 2656 reproborum.
2009 2613 2121 2654 Neque
2164 2615 2249 2645 enim
2293 2612 2356 2645 Dei

1400 2656 1536 2696 gratiam
1565 2663 1698 2697 possunt
1727 2668 1821 2699 quam
1852 2656 2115 2690 animadvertunt
2141 2661 2355 2694 contemnere,
