2551 3044
419 222 480 254 527

420 315 607 348 vocabilem.

421 358 599 396 videbatur,
622 368 722 398 quum
746 358 900 399 populum
926 358 1051 390 videret
1073 359 1235 392 Samuelis
1262 360 1379 391 doetri-

421 410 496 432 nam
526 400 711 440 approbare.

1200 222 1402 255 HOMILIA
1425 222 1623 255 LXXXIX.

659 316 703 346 Et
746 316 847 356 ipsius
887 316 977 347 furor
1010 316 1107 347 etiam
1141 317 1255 358 augeri
1286 326 1405 358 posse}

2339 227 2402 259 528

1431 321 1457 349 et
1480 317 1748 349 annunciaverunt
1770 317 1799 349 ei
1823 319 1925 349 omnio
1948 317 2041 349 verba
2061 328 2142 358 quae
2152 319 2275 351 dixerat
2288 320 2401 353 Nabal.

1433 361 1482 392 13.
1510 360 1594 391 Tunc
1625 361 1670 391 ait
1701 359 1809 391 David
1832 361 1943 400 pueris
1971 362 2057 392 suis:
2080 362 2269 402 Accinqatur
2290 364 2402 395 anuis-

765 401 890 433 Luctus
927 402 1014 432 euim
1051 401 1105 433 illo
1135 402 1234 434 totius
1269 403 1380 444 populi
1404 399 1407 444 ¹,
1431 404 1559 443 quisque
1586 402 1692 442 qladio
1717 413 1783 434 suo.
1824 403 1867 435 Et
1894 404 2021 435 accincti
2050 408 2121 435 sunt
2143 405 2264 445 sinquli
2284 405 2404 445 yladiis

420 443 499 474 satis
513 442 690 474 testabatur
704 444 771 475 Deo
791 450 902 475 autore
919 443 991 475 duci
1013 444 1169 481 homines,
1191 450 1224 476 et
1236 444 1381 477 Samueli
1406 449 1408 487 ᾖ
1431 446 1509 483 suis,
1538 446 1750 485 accinctusque
1779 449 1822 477 est
1851 449 1878 478 et
1901 446 2009 477 David
2035 455 2104 477 ense
2128 456 2196 486 suo,
2225 450 2253 478 et
2279 448 2402 487 sequuti

421 492 548 516 mortuo
571 487 778 518 autoritatem
802 487 974 518 conciliari.
1020 486 1087 518 Vix
1118 488 1204 519 enim
1227 489 1381 529 populum

421 620 484 644 tur.

421 655 586 688 Samuelis
609 656 792 698 donumque
813 657 1036 698 propheticum
1050 669 1122 690 cum
1146 669 1247 700 regno
1262 658 1383 690 Davidi

422 699 587 738 promisse,
618 701 708 731 cuius
739 701 830 732 testis
861 706 892 731 et
923 701 1059 733 nuncius
1088 702 1208 738 fuerat,
1237 709 1270 732 et
1299 701 1385 742 quod

422 742 575 773 unctione
598 741 744 774 adhibita
767 749 922 784 tauquam
941 749 1143 776 sacramento
1165 745 1383 776 confirmarat.

423 783 563 815 Perinde
587 784 647 815 fuit
671 786 771 827 igitur
794 797 830 818 ac
859 787 886 817 si
909 786 990 818 Saul
1014 787 1047 817 in
1077 787 1258 827 praesentia
1288 787 1386 818 totius

425 826 535 867 populi
563 831 828 860 exauctoraretur
858 839 958 869 quum
982 833 1073 860 tauto
1095 829 1204 870 populi
1227 839 1385 862 concursu

425 869 588 901 Samuelis
612 869 760 902 doctrina
789 873 980 903 confirmata
1008 878 1065 903 est.
1109 872 1162 903 Ita
1191 872 1273 904 solet
1296 872 1387 903 Deus

424 912 524 943 verbo
546 922 604 943 suo
635 913 826 954 dignitatem
857 921 889 946 et
916 915 1123 946 autoritatem
1153 915 1324 947 conciliare
1353 915 1386 945 in

426 954 667 987 incredulorum
686 957 909 988 confusionem
922 962 954 988 et
966 957 1111 989 fidelium
1130 958 1385 989 instructionem.

424 997 496 1029 Etsi
520 1007 598 1028 vero
623 999 734 1031 divina
757 1000 879 1031 veritas
901 1010 959 1040 per
981 1011 1016 1032 se
1038 1001 1116 1031 satis
1140 1005 1189 1031 est
1212 1000 1388 1031 honorifica

423 1046 455 1071 et
477 1046 574 1078 certa,
599 1042 688 1074 Deus
711 1048 820 1074 tamen
844 1049 972 1074 nostrae
1001 1043 1200 1074 infirmitat-is
1230 1044 1388 1074 rationem

423 1082 546 1114 habens
580 1083 652 1116 istis
682 1085 797 1117 mediis
827 1086 1034 1117 autoritatem
1064 1086 1126 1127 ipsi
1157 1086 1323 1124 conciliat,
1357 1091 1388 1116 et

422 1136 481 1157 nos
503 1124 544 1157 ad
568 1136 603 1158 se
617 1133 719 1168 vocat,
743 1134 775 1160 et
797 1127 979 1160 incredulos
1002 1138 1039 1160 ac
1061 1129 1223 1169 improbos
1240 1128 1388 1159 homines

422 1169 543 1200 maiore
566 1171 754 1202 confusione
777 1170 893 1202 obruit.

506 1211 576 1242 Iam
603 1223 679 1244 vero
702 1214 798 1254 agite,
817 1216 867 1246 ete.

647 1358 892 1398 HOMILIA
920 1359 1148 1399 LXXXIX.

510 1431 540 1462 2.
566 1429 647 1460 Erat
669 1430 771 1459 autem
793 1427 843 1458 vir
865 1428 1026 1466 quispiam
1047 1428 1082 1458 in
1104 1427 1269 1459 solitudine
1281 1427 1388 1464 Maon,

425 1477 452 1505 et
468 1473 627 1513 possessio
650 1471 739 1502 illius
769 1470 800 1500 in
827 1468 977 1509 Carmelo,
1008 1472 1034 1500 et
1061 1470 1147 1501 homo
1177 1470 1229 1501 ille
1258 1481 1390 1511 maynus

424 1516 531 1553 nimis,
555 1517 700 1553 erantque
723 1514 749 1543 ei
773 1521 841 1543 oves
869 1512 933 1543 tria
961 1512 1079 1553 millia,
1110 1515 1137 1544 et
1157 1513 1239 1544 mille
1261 1523 1387 1552 caprae:

427 1561 454 1590 et
494 1558 606 1590 accidit
644 1559 677 1587 ut
717 1555 890 1586 tonderetur
926 1565 1004 1595 μναῖ
1036 1555 1139 1595 ipsius
1171 1557 1205 1586 in
1241 1555 1389 1587 Carmelo.

425 1602 454 1633 3.
488 1601 608 1632 Nomen
637 1601 738 1630 autom
767 1598 829 1628 viri
861 1597 948 1628 illius
983 1600 1049 1629 erat
1080 1598 1201 1630 Nabal:
1230 1601 1256 1629 et
1286 1609 1389 1630 nomon

424 1644 538 1675 uxoris
561 1643 627 1674 eius
641 1640 777 1681 Abiyail.
809 1640 946 1679 Eratque
958 1640 1068 1672 mulier
1078 1641 1134 1671 illa
1140 1641 1390 1681 prudentissima

424 1689 451 1718 et
483 1686 637 1725 speciosa.-
674 1693 768 1722 porro
802 1683 853 1714 vir
885 1683 954 1715 eius
985 1683 1086 1715 durus
1118 1686 1144 1714 et
1171 1684 1329 1723 pessimas
1361 1687 1388 1715 et
1415 1695 1416 1701 ¹

424 1729 616 1765 malitiosus,
652 1729 719 1757 erat
754 1728 855 1756 autem
883 1725 919 1757 de
945 1735 1050 1766 yenere
1081 1725 1179 1757 Caleb.
1224 1727 1253 1757 4.
1286 1726 1388 1765 Quum

425 1774 526 1803 autem
549 1770 685 1801 audisset
709 1768 816 1800 David
839 1768 878 1799 in.
894 1768 1011 1799 deserto
1033 1769 1115 1808 quod
1132 1769 1263 1800 tonderet
1284 1769 1388 1800 Nabal

422 1824 545 1855 yreyom
574 1822 674 1850 snam,
705 1811 735 1841 5.
759 1810 854 1842 Misit
875 1810 972 1842 decem
1001 1811 1139 1847 iuvenes,
1169 1814 1195 1842 et
1227 1812 1308 1842 dizit
1330 1813 1387 1843 eis.-

425 1855 614 1888 Adscendite
643 1856 678 1885 in
711 1853 896 1891 Carmelum,
927 1856 953 1885 et
981 1854 1108 1885 venietis
1138 1854 1179 1885 ad
1211 1854 1332 1893 Nabal,
1362 1857 1388 1885 et
1413 1850 1415 1862 ¹

424 1899 603 1931 salutabitis
625 1908 694 1928 eum
726 1907 764 1927 ez
791 1897 914 1927 nomine
946 1906 1010 1927 meo
1036 1897 1172 1936 pacifice.
1217 1897 1245 1928 6.
1271 1895 1325 1928 Et'
1345 1898 1389 1929 sic

424 1942 546 1974 dicetis.-
570 1940 620 1971 Sit
640 1939 797 1980 fratribus
818 1940 894 1970 meis
917 1941 943 1970 et
965 1939 1021 1969 tibi
1038 1949 1116 1979 pax,
1144 1942 1171 1970 et
1193 1939 1298 1971 domui
1319 1943 1389 1970 tuae

420 1994 499 2025 pax,
522 1986 549 2015 ct
569 1982 710 2015 omnibus
731 1991 928 2022 quaecunque
949 1981 1040 2013 babes
1057 1982 1098 2013 sit
1114 1992 1192 2021 pax.
1227 1982 1389 2013 [Audivi

425 2027 505 2067 quod
535 2026 688 2057 tonderent
713 2027 857 2065 pastores
886 2024 933 2054 tui
965 2025 1019 2063 qai
1049 2027 1137 2056 erant
1170 2024 1325 2056 nobiscum
1355 2026 1389 2056 in

425 2070 560 2107 ‹lesert0;
590 2078 748 2107 nunquam
771 2067 816 2098 eis
846 2067 963 2098 molesti
982 2067 1112 2106 fuimus,
1140 2077 1193 2098 nec
1221 2067 1389 2106 aliquando

426 2113 524 2152 defait
557 2111 728 2151 quidquam
760 2110 805 2142 eis
833 2110 870 2141 de
901 2119 990 2150 qreye
1022 2111 1106 2140 omni
1145 2111 1288 2149 tmnpore,
1330 2120 1389 2149 qno

425 2156 552 2194 fuerant
582 2153 737 2185 nobiscum
766 2153 800 2183 in
832 2152 980 2184 Carmelo.
1025 2152 1054 2183 8.
1089 2152 1250 2192 Interroya
1279 2162 1390 2192 pueros

427 2201 504 2235 tuos,
523 2200 549 2227 et
573 2196 752 2227 indicabunt
781 2195 846 2226 tibi.
894 2195 986 2226 Nunc
1015 2205 1085 2235 erqo
1112 2196 1271 2226 inveniant
1295 2195 1390 2234 paeri

427 2240 472 2270 tui
493 2240 630 2279 qratiam
652 2239 685 2269 in
708 2238 805 2269 oculis
828 2239 903 2277 tuis,
926 2238 959 2269 in
978 2238 1028 2269 die
1046 2238 1127 2269 enim
1144 2237 1217 2269 bora
1241 2239 1389 2275 venimus,

428 2282 629 2322 quodeunque
656 2281 807 2312 invenerit
834 2291 948 2312 manus
976 2284 1028 2311 tua
1056 2281 1097 2312 da
1125 2281 1224 2312 servis
1255 2281 1334 2317 tuis,
1365 2282 1391 2311 et

426 2325 494 2364 filio
518 2327 570 2355 tuo
600 2324 717 2355 David.
763 2323 790 2353 9.
818 2323 976 2362 Quumque
997 2324 1150 2355 venissent
1165 2323 1262 2362 paeri
1283 2322 1391 2354 David

428 2368 548 2407 loquuti
570 2369 642 2399 sunt
665 2367 705 2397 ad
730 2366 835 2397 Nabal
862 2367 966 2397 omnia
995 2366 1083 2397 verba
1111 2366 1185 2398 haec
1205 2376 1242 2397 0:12
1270 2366 1392 2397 nomine

429 2410 538 2441 David
571 2412 597 2440 et
627 2410 787 2440 siluerunt.
844 2409 890 2439 10.
922 2409 1122 2449 Respondent·
1156 2411 1257 2440 autem
1287 2408 1392 2440 Nabal

424 2453 537 2492 pueris
559 2452 668 2483 David
690 2453 751 2482 ait:
775 2451 852 2490 Quis
875 2454 917 2482 est
940 2451 1074 2483 David?
1105 2454 1130 2482 et
1151 2452 1222 2491 qais
1243 2454 1286 2482 est
1306 2451 1392 2490 filins
1417 2456 1418 2461 ¹

1416 2524 1418 2532 .
1444 2505 1460 2525 a
1488 2495 1554 2525 lieo
1580 2507 1744 2536 nunquam
1769 2496 1890 2532 deseri;
1913 2501 1946 2526 ct
1968 2496 2104 2535 ipsemet
2126 2505 2195 2526 sese
2217 2493 2405 2534 exemplum

430 2548 512 2569 suos,
550 2538 597 2568 11.
622 2537 739 2568 Tollam
761 2547 829 2577 eryo
849 2547 947 2576 panes
969 2548 1059 2572 meos,
1083 2540 1108 2568 et
1131 2547 1230 2576 aquas
1251 2546 1344 2573 meaa,
1367 2538 1393 2566 et
1416 2543 1417 2549 ¹

431 2496 528 2526 lsai?
567 2494 655 2526 bodie
683 2495 872 2526 increverunt
901 2495 983 2525 servi
1015 2495 1069 2533 qni
1095 2495 1219 2535 fuyinnt
1252 2495 1392 2525 dominos

431 2590 541 2612 carnos
558 2590 704 2618 pecorum
727 2590 804 2618 quae
826 2580 920 2610 occidi
943 2579 1115 2611 tonsoribus
1143 2580 1228 2620 meis,
1259 2583 1285 2611 el
1313 2579 1392 2610 dabo

432 2623 512 2653 viris
535 2633 610 2661 quos
632 2623 733 2653 nescio
756 2623 836 2653 unde
859 2623 944 2653 sint?
990 2623 1037 2653 12.
1062 2622 1207 2663 Reqressi
1236 2625 1308 2654 sant
1332 2623 1392 2653 ita-

432 2675 489 2703 que
504 2666 599 2705 pueri
624 2665 730 2696 David
746 2675 806 2704 per
829 2665 912 2696 viam
929 2675 1029 2703 snam,
1053 2668 1078 2696 ct
1100 2666 1217 2697 reversi
1239 2667 1393 2704 venerunt,

1409 834 1413 855 ’ἶ
1437 841 1509 862 care
1532 834 1713 870 cogeretur.

1406 490 1409 507 ²
1433 491 1506 520 sunt
1534 487 1644 519 David
1673 489 1767 527 quasi
1795 489 2013 529 qaadrinyenti
2043 489 2121 527 viri,
2146 499 2246 529 porro
2279 489 2403 523 ducenti

421 527 568 559 invenias
593 539 657 560 uno
687 539 845 561 consensu
877 540 1044 561 servorum
1069 529 1131 561 Dei
1162 541 1270 562 amore
1300 531 1383 569 duci,
1408 549 1410 568 ς

421 578 453 602 et
476 571 577 611 ipsius
601 570 781 603 doctrinam
805 572 984 612 approbare
1007 572 1070 604 nisi
1089 573 1220 605 aliunde
1240 573 1384 614 impella-
1408 569 1410 611 ζ

530 614 633 653 Atqui
656 615 863 655 inseparabili
895 625 983 646 nexu
1013 615 1206 647 cohaerebat
1235 616 1384 648 doctrina
1409 626 1411 651 1

1433 532 1647 562 remanserunt
1669 531 1712 562 ad
1731 533 1884 563 sarcinas.

1523 616 1586 648 Hic
1619 616 1652 646 in
1687 615 1800 656 primis
1833 616 2102 649 considerandum
2135 627 2198 657 quo
2228 624 2316 650 statu
2348 629 2401 651 res

1437 658 1574 691 Davidis
1605 658 1736 697 fuerint,
1767 670 1867 700 quum
1893 658 1972 691 Saul
2004 659 2110 700 ipsum
2141 666 2402 701 persequeretur,

1437 703 1554 733 misero
1582 712 1676 740 sane,
1715 707 1747 732 et
1779 703 1832 743 qui
1869 702 1937 734 cibo
1969 707 2002 733 et
2032 708 2108 742 potu
2138 702 2273 744 aliisque
2304 704 2400 736 rebus

1437 743 1624 776 necessariis
1647 751 1780 782 careret,
1810 750 1841 777 et
1871 745 1973 776 multa
1995 750 2162 785 pateretur
2189 746 2404 788 incommoda,

1437 787 1521 828 quod
1545 792 1672 827 praeter
1694 788 1806 819 mortis
1829 794 1950 818 metum
1979 788 2075 818 etiam
2107 787 2226 819 victum
2256 788 2403 820 emendi-

1759 829 1851 869 Quae
1874 831 2010 862 molesta
2039 830 2102 861 fuit
2131 838 2164 862 et
2195 837 2277 862 dura
2307 831 2405 864 nimis

1438 872 1589 910 conditio,
1612 877 1645 904 et
1668 882 1752 912 quae
1777 873 1936 904 Davidem
1960 877 2086 913 poterat
2108 872 2343 913 quodammodo
2366 873 2406 906 de

1439 926 1495 956 spe
1519 915 1656 947 deiicere
1679 915 1894 956 consequendi
1924 917 2045 957 regiam
2075 915 2267 956 dignitatem
2295 916 2358 948 sibi
2387 926 2408 948 a.

1441 958 1511 990 Deo
1541 958 1742 998 promissam.
1793 958 1955 997 Quoniam
1991 969 2066 990 vero
2094 958 2289 990 Davidicum
2326 958 2408 991 illud

1441 1011 1577 1042 regnum
1600 1001 1662 1032 fuit
1685 1001 1791 1042 imago
1818 1002 1895 1033 viva
1925 1002 2016 1042 regui
2041 1001 2080 1032 D.
2105 1001 2146 1033 N.
2176 1001 2251 1033 Iesu
2272 1001 2407 1040 Christi,

1441 1044 1620 1082 discamus,
1660 1042 1731 1074 Deo
1773 1054 1832 1075 nos
1871 1045 1969 1075 variis
2010 1044 2191 1075 rationibus
2224 1048 2408 1083 exercente,

1441 1087 1602 1127 patienter
1623 1097 1717 1118 casus
1740 1097 1852 1118 omnes
1880 1086 1974 1126 ferre,
2005 1092 2039 1118 et
2069 1097 2135 1117 non
2165 1086 2301 1119 moleste
2323 1087 2408 1119 ferre

1442 1140 1545 1169 neque
1569 1129 1746 1160 insolenter
1765 1130 1792 1160 si
1810 1129 1903 1169 fame,
1927 1130 1989 1167 siti,
2014 1134 2115 1167 aestu,
2139 1129 2258 1170 frigore
2278 1139 2407 1170 prema-

1443 1183 1524 1209 mur,
1559 1172 1717 1212 rebusque
1747 1171 1787 1203 ad
1818 1172 1919 1203 vitam
1952 1172 2142 1204 necessariis
2171 1171 2406 1212 quodammodo

1443 1215 1664 1252 destituamur,
1689 1214 1858 1255 Deumque
1879 1215 2018 1247 sciamus
2047 1215 2239 1255 patientiam
2264 1220 2408 1247 nostram

1443 1263 1474 1289 et
1495 1257 1592 1288 fidem
1615 1257 1792 1297 explorare,
1823 1258 1916 1289 ouius
1938 1258 1984 1289 rei
2007 1258 2193 1298 exemplum
2222 1258 2255 1289 in
2278 1257 2407 1290 Davide

1443 1301 1649 1340 conspicuum
1680 1305 1738 1332 est.
1790 1300 1964 1332 Caeterum
1998 1300 2127 1332 obiiciat
2155 1300 2290 1340 aliquis,
2324 1310 2408 1341 quae

1443 1343 1503 1375 hoc
1532 1343 1601 1375 loeo
1632 1343 1808 1374 recitantur
1841 1353 1905 1374 nou
1938 1343 2112 1375 convenire
2145 1353 2219 1374 cum
2252 1343 2293 1374 iis
2325 1352 2408 1383 quae

1444 1386 1574 1417 Psalmo
1603 1385 1652 1416 37.
1684 1386 1887 1424 referuntur,
1919 1386 2026 1417 David
2054 1386 2139 1417 enim
2174 1386 2346 1426 profitetur
2373 1395 2408 1417 se

1444 1429 1541 1460 fuisse
1564 1429 1714 1459 iuvenem
1738 1433 1770 1460 et
1788 1428 1828 1460 ad
1847 1433 2046 1460 senectutem
2066 1428 2261 1469 pervenisse,
2286 1432 2318 1460 et
2342 1439 2408 1460 non

1444 1472 1560 1503 vidisse
1583 1472 1702 1502 iustum
1727 1471 1928 1511 derelictum,
1952 1481 2011 1502 nec
2034 1481 2145 1503 semen
2163 1471 2233 1502 eius
2251 1480 2408 1511 quaerere

1444 1524 1571 1555 panem.
1608 1514 1689 1545 Erat
1711 1520 1820 1545 autem
1839 1524 1879 1545 ex
1898 1524 2032 1545 numero
2054 1514 2226 1550 iustorum,
2249 1521 2281 1544 et
2300 1513 2407 1544 Deum

1442 1556 1643 1594 timentium,
1683 1562 1716 1587 et
1756 1563 1865 1588 tamen
1905 1557 2054 1588 videmus
2093 1566 2167 1587 cum
2207 1556 2242 1586 in
2281 1560 2408 1587 tantam

1442 1604 1617 1639 egestatem
1641 1599 1816 1637 redactum,
1846 1603 1882 1630 ut
1904 1598 1943 1630 ad
1969 1599 2124 1631 Nabalem
2145 1598 2275 1630 mittere
2296 1607 2409 1630 servos

1442 1648 1571 1674 coactus
1595 1643 1638 1673 sit
1660 1643 1783 1674 victum
1796 1641 2045 1673 mendicaturos.
2079 1640 2145 1673 Sed
2165 1641 2268 1673 facilis
2289 1640 2409 1673 solutio

1442 1691 1506 1722 est,
1541 1684 1803 1725 quandoquidem
1838 1685 1914 1716 dicit
1947 1695 1984 1716 eo
2017 1684 2087 1716 loco
2120 1694 2155 1715 se
2190 1694 2253 1715 non
2288 1683 2409 1716 vidisse

1441 1728 1560 1759 iustum
1582 1727 1782 1765 derelictum,
1805 1738 1864 1760 nec
1883 1737 1992 1758 semen
2015 1727 2083 1758 eius
2101 1736 2261 1766 quaerens
2280 1735 2408 1767 panem.

1441 1770 1525 1802 Nam
1560 1770 1621 1802 etsi
1656 1771 1746 1802 Deus
1781 1780 1948 1810 nunquam
1981 1769 2139 1810 permittit
2179 1779 2254 1801 suos
2295 1778 2408 1801 servos

1440 1813 1551 1844 multis
1584 1812 1796 1845 incommodis
1829 1813 1959 1854 urgeri,
1999 1817 2033 1843 et
2072 1811 2185 1844 multis
2225 1811 2265 1843 ad
2307 1812 2409 1843 vitam

1440 1857 1628 1887 necessariis
1660 1855 1814 1895 indigere,
1843 1857 1921 1896 ipsis
1944 1860 2052 1886 tamen
2076 1855 2206 1886 tandem
2231 1858 2410 1895 opportuno

1440 1903 1584 1939 tempore
1614 1898 1765 1930 subvenit
1802 1904 1835 1929 et
1867 1898 2055 1938 opitulatur.
2108 1897 2157 1929 Ac
2193 1907 2271 1928 sane
2299 1896 2409 1928 verbis

1441 1941 1505 1972 illis
1533 1941 1645 1972 fideles
1675 1940 1715 1972 ab
1745 1941 1894 1972 omnibus
1924 1940 2152 1972 afflictionibus
2186 1950 2250 1971 non
2281 1939 2406 1971 eximit.

1440 1984 1524 2015 Nam
1555 1985 1652 2024 paulo
1684 1989 1754 2023 post
1790 1983 1879 2015 addit
1908 1984 2008 2015 bonos
2043 1983 2077 2014 in
2108 1982 2227 2014 multas
2257 1982 2405 2014 miserias

1440 2037 1580 2064 casuros,
1603 2026 1658 2058 sed
1673 2027 1780 2057 Deum
1804 2026 1890 2067 ipsos
1903 2026 2114 2057 liberaturum
2139 2031 2170 2056 et
2187 2030 2404 2056 servaturum.

1441 2069 1555 2100 Noluit
1587 2069 1687 2110 igitur
1718 2069 1826 2100 David
1856 2069 1918 2100 Dei
1952 2079 2065 2099 servos
2099 2074 2132 2099 et
2164 2068 2247 2099 filios
2278 2068 2312 2099 in
2344 2067 2406 2099 hoo

1441 2112 1562 2143 mundo
1585 2117 1737 2152 tanquam
1768 2113 1802 2143 in
1833 2111 1981 2143 terrestri
2003 2110 2151 2151 paradiso
2181 2110 2338 2142 collocare
2368 2109 2405 2141 in

1442 2164 1504 2194 quo
1536 2154 1656 2186 delitiis
1687 2155 1822 2185 affluant
1857 2161 1888 2186 et
1919 2154 2140 2193 voluptatibus
2169 2152 2337 2184 abundent
2368 2156 2406 2184 ut

1443 2197 1521 2227 nihil
1547 2198 1624 2237 ipsis
1645 2197 1736 2234 desit,
1767 2197 1823 2228 sed
1848 2197 1969 2234 docere,
1995 2197 2053 2227 Dei
2078 2195 2160 2226 filios
2182 2195 2295 2227 multis
2317 2194 2404 2227 cala-

1443 2240 1610 2272 mitatibus
1633 2250 1802 2280 oppressos
1824 2239 1864 2270 ad
1877 2239 1977 2279 ipsius
1990 2239 2167 2270 bonitatem
2180 2237 2405 2279 confugientes

1444 2293 1608 2323 nunquam
1639 2293 1710 2314 esse
1740 2282 1942 2319 deserendos,
1971 2281 2026 2313 sed
2051 2282 2156 2312 Deum
2186 2291 2222 2312 re
2251 2281 2321 2322 ipsa
2350 2279 2406 2311 de-

1443 2330 1697 2356 monstraturum
1720 2325 1865 2366 ipsorum
1887 2335 1921 2356 se
1944 2324 2144 2364 singularem
2159 2334 2270 2355 euram
2283 2333 2406 2363 gerere,

1443 2367 1516 2398 licet
1538 2368 1577 2398 ad
1601 2372 1728 2408 tempus
1751 2368 1863 2399 faciem
1893 2367 2052 2399 occult-are
2076 2366 2236 2398 videatur.
2281 2365 2405 2405 Quam-

1443 2409 1551 2441 obrem
1576 2410 1764 2442 meditanda
1785 2410 1863 2441 Divi
1886 2409 1981 2441 Pauli
2012 2409 2167 2450 doctrina,
2198 2408 2310 2440 fideles
2337 2408 2405 2449 qui-

1444 2452 1516 2482 dem
1540 2454 1650 2485 multis
1674 2452 1813 2485 miseriis
1838 2458 1869 2484 et
1881 2452 2144 2494 oppressionibus
2168 2451 2324 2483 obnoxios
2347 2450 2404 2483 sed

1444 2538 1616 2568 multarum
1631 2539 1839 2570 afflictionum
1857 2539 2016 2579 proponit,
2039 2542 2077 2569 ut
2099 2537 2133 2568 in
2156 2547 2191 2568 se
2214 2537 2282 2577 ipso
2294 2536 2407 2569 doceat

1444 2590 1525 2619 quae
1548 2582 1587 2611 sit
1601 2581 1745 2613 fidelium
1758 2581 1907 2617 conditio,
1932 2591 2031 2621 quum
2054 2580 2108 2620 ait,
2131 2590 2166 2611 se
2188 2590 2245 2619 per
2267 2579 2404 2620 gloriam

1444 2627 1477 2653 et
1500 2623 1720 2662 ignominiam,
1742 2634 1801 2664 per
1818 2624 1964 2656 convicia
1985 2630 2017 2654 et
2035 2623 2156 2662 laudes,
2180 2622 2354 2659 ambulare,
2373 2626 2404 2652 et

1445 2670 1480 2695 ut
1504 2666 1693 2698 morientem
1725 2677 1802 2704 esse,
1831 2666 1885 2698 sed
1917 2666 2036 2703 vivere,
2064 2671 2101 2696 ut
2131 2666 2185 2705 qui
2215 2664 2405 2705 castigatur,
