2551 3044
187 195 246 227 321

836 194 884 224 IN
907 194 932 226 Ι.
956 194 1044 227 LIB.
1069 194 1267 227 SAMUEL.
1291 196 1388 228 GAP.
1412 197 1508 229 XIX.

2099 198 2163 230 322

182 289 298 321 rendas
335 293 429 321 erant
461 289 619 320 molliores
654 292 686 319 et
719 287 926 325 remissiores,
960 287 1010 318 vel
1044 287 1139 318 etiam
1165 290 1167 335 l
1195 288 1361 328 dixissent,
1385 296 1415 321 et
1437 290 1475 321 ad
1501 290 1632 323 Saulem
1656 291 1852 330 retulIssent,
1876 292 1970 323 iussit
1988 297 2158 333 aegrotum

184 332 305 372 pudore
341 336 373 363 et
412 331 590 373 ignominia
629 330 841 368 afficerentur,
882 329 936 369 qui
970 330 1003 360 in
1036 330 1167 381 officio}

185 375 436 415 negligentiores
463 380 564 411 erant,
595 372 676 412 quod
706 382 816 402 eorum
841 372 1140 412 magnanimitatem

185 418 351 457 oportebat
372 427 439 447 esse
462 416 634 446 mulierum
659 414 774 445 animis
797 415 1003 454 superiorem.
1042 415 1140 445 Prae·
1165 445 1167 449 ,

185 464 271 491 terea
301 460 345 490 sic
375 459 475 490 voluit
496 459 583 489 Deus
606 457 710 497 palam
735 457 804 487 fieri
828 467 961 488 suarum
985 467 1138 488 manuum

185 512 265 543 opus
294 511 372 538 esse,
402 500 485 540 quod
516 505 580 530 tam
610 499 747 530 infirmis
771 500 994 530 instrument-is
1018 500 1140 539 perfec-

185 549 254 575 tum
282 548 338 575 est.
384 542 599 582 Quamobrem
623 542 741 572 Davidi
765 542 866 572 maior
888 542 994 573 oblata
1018 548 1065 573 est
1088 551 1140 573 oc·
1165 558 1166 577 1

184 587 268 619 casio
298 585 403 616 Deum
426 584 585 620 laudandi,
619 590 650 615 et
673 584 866 624 agnoscendi
890 595 923 615 se
948 585 1008 615 Dei
1032 585 1140 624 provi·
1165 586 1167 624 l

184 629 293 660 dentia
336 638 377 658 ex
420 627 601 658 imminenti
639 628 750 658 mortis
784 627 926 666 periculo
959 625 1166 664 liberatum‚³

182 681 280 711 quum
308 670 417 701 uxoris
444 670 577 701 consilio
608 680 664 709 per
695 669 870 700 fenestram
899 669 1050 701 dimissus
1081 676 1139 706 est,

182 723 277 753 quam
318 713 345 744 si
382 712 532 743 humanis
567 712 687 743 viribus
720 712 848 743 adiutus
885 712 1004 743 suisset.
1057 712 1141 743 Nam

182 766 282 796 quum
312 755 408 794 solus,
438 755 507 786 sine
538 755 634 786 ullius
663 755 783 785 auxilio
816 755 1032 791 remansisset,
1068 755 1141 786 licet

181 798 275 829 multi
305 797 432 838 quidem
463 807 503 828 ex
532 798 597 828 suis
621 797 774 828 militibus
798 798 954 828 auxilium
979 797 1025 828 illi
1049 797 1140 828 tulis—

180 846 260 878 sent,
290 841 317 872 si
347 841 527 881 potuissent
550 845 581 870 et
602 840 670 870 ausi
694 846 810 877 essent,
845 845 877 870 et
900 851 981 871 uxor
1002 840 1049 871 illi
1072 840 1141 871 sola

180 889 370 923 superesset,
408 882 483 923 quid
520 893 611 922 posse
645 882 815 914 videbatur
845 882 1001 914 adversus
1032 882 1140 914 Saulis

181 925 345 957 furorem?
391 924 495 965 Saepe
518 926 555 956 fit
577 925 664 955 enim
684 932 718 956 ut
740 925 789 955 vel
810 925 1014 957 audacissimi
1034 926 1140 956 fortis-

181 969 316 1008 simique
354 968 415 999 viri
451 968 677 1007 obstupescant
707 967 746 998 ad
776 978 888 1008 regum
919 968 1071 1006 furorem,
1108 972 1140 999 et

179 1017 268 1042 metu
291 1012 375 1042 vires
398 1011 540 1051 ipsorum
564 1011 774 1042 collabantur.
820 1010 1039 1049 Quamobrem
1065 1010 1140 1041 hinc
1165 1022 1166 1053 ᾗ

178 1059 311 1094 apparet
333 1053 440 1084 Deum
464 1054 524 1084 sibi
548 1053 607 1083 soli
628 1053 767 1084 voluisse
787 1053 920 1093 gloriam
941 1053 1140 1084 liberationis
1165 1058 1166 1063 ¹

178 1096 315 1127 Davidis
345 1095 453 1133 tribui,
487 1106 550 1126 non
575 1096 649 1126 ullis
673 1095 821 1126 humanis
846 1096 968 1127 viribus
993 1096 1138 1127 adscribi.

178 1139 231 1170 Ex
264 1139 398 1170 istorum
432 1149 508 1169 vero
542 1138 729 1168 narratione
762 1138 840 1170 satis
875 1145 1009 1178 apparet
1033 1139 1139 1170 Deum

179 1192 272 1222 posse
305 1191 378 1212 suos
411 1181 481 1211 sine
514 1181 587 1212 ullis
621 1180 770 1212 humanis
806 1181 972 1220 praesidiis
1003 1182 1139 1212 liberare
1165 1186 1167 1223 ζ

181 1224 430 1264 quotiescunque
459 1224 519 1264 ipsi
551 1223 721 1263 videbitur,
750 1235 789 1254 ex
821 1225 956 1255 summis
979 1225 1138 1264 periculis,

180 1277 219 1298 ex
243 1267 356 1307 quibus
379 1266 489 1297 nullus
514 1266 680 1297 hominum
703 1267 851 1306 opinione
876 1266 1046 1298 videbatur
1071 1267 1138 1297 exi-

179 1314 229 1340 tus
252 1309 322 1340 dari
344 1319 445 1348 posse.
491 1309 583 1344 Nam,
615 1309 754 1348 exempli
777 1310 890 1349 gratia,
927 1309 1064 1340 Davidis
1088 1309 1139 1340 do-

179 1362 268 1383 mum
290 1352 459 1390 cingebant
481 1352 597 1382 armati
621 1351 730 1383 Saulis
755 1352 920 1391 satellites,
944 1363 1080 1392 eumque
1099 1352 1138 1383 ad

180 1400 315 1425 mortem
335 1394 537 1434 quaerebant.
576 1394 608 1425 Is
629 1405 662 1425 se
682 1404 738 1434 per
758 1395 929 1425 fenestram
949 1395 1139 1435 proripiens,

179 1447 242 1468 non
275 1442 382 1468 tamen
412 1436 517 1468 adhuc
547 1437 655 1468 salvus
685 1444 717 1467 et
747 1437 916 1468 incolumis
939 1448 1034 1468 omne
1058 1438 1140 1477 peri-

178 1480 286 1511 culum
321 1485 474 1511 evaserat.
520 1480 603 1511 Nam
636 1480 670 1510 in
705 1487 844 1511 armatos
878 1480 950 1511 illos
985 1481 1140 1511 satellites

179 1527 305 1563 poterat
326 1522 476 1558 incidere,
499 1533 517 1553 a
536 1523 651 1562 quibus
670 1522 782 1554 domus
802 1523 902 1562 ipsius
923 1522 1140 1562 obsidebatur,

180 1571 212 1596 et
234 1565 273 1596 ab
295 1565 372 1605 ipsis
394 1565 446 1596 vel
469 1565 538 1605 ipso
562 1572 724 1596 momento
748 1566 898 1604 interfici,
923 1566 971 1596 vel
996 1565 1035 1596 ad
1059 1565 1141 1597 Sau-

179 1608 250 1638 lem.
286 1608 525 1639 interficiendus
567 1607 689 1639 deduci.
734 1609 857 1639 Verum
900 1609 1006 1640 hostes
1038 1609 1139 1648 ipsius

179 1650 269 1681 Deus
291 1651 336 1682 sic
359 1651 549 1687 exeaecavit,
573 1657 610 1681 ut
628 1650 736 1682 salvus
756 1656 786 1682 et
806 1651 975 1682 incolumis
993 1651 1137 1691 ipsorum

178 1703 294 1724 manus
324 1693 470 1724 evaserit.
516 1693 626 1732 Quare
656 1693 801 1724 divinum
828 1694 878 1725 hic
901 1693 1058 1725 auxilium
1081 1704 1138 1734 ag·

179 1746 347 1767 noscamus
374 1746 437 1776 quo
464 1746 530 1766 non
562 1748 602 1767 ex
633 1736 698 1767 levi
727 1737 834 1776 aliquo
858 1736 1053 1775 discrimine,
1082 1737 1137 1767 sed

179 1788 220 1809 ex
253 1778 354 1818 ipsius
387 1779 524 1818 sepulcri
560 1779 702 1810 faucibus
737 1779 844 1810 David
886 1780 1040 1810 liberatus
1080 1784 1167 1829 est„y

179 1821 263 1852 Nam
291 1831 368 1852 sane
398 1822 517 1853 centies
547 1828 684 1852 mortem
708 1829 860 1862 oppetere
883 1823 1046 1862 potuisset,
1079 1823 1140 1854 nisi
1166 1833 1167 1860 g

178 1862 242 1894 Dei
284 1874 381 1895 manu
421 1864 610 1895 admiranda
650 1872 797 1896 servatus
838 1872 931 1903 esset,
976 1866 1140 1906 vitamque

176 1906 276 1937 veluti
310 1916 428 1938 novam
464 1908 501 1938 ab
535 1908 604 1947 ipso
635 1909 817 1947 accepisset*
863 1908 950 1940 Hinc
980 1907 1140 1940 discamus
1167 1913 1168 1931 ἲ

175 1948 209 1979 in
240 1948 382 1980 Domino
426 1949 578 1981 fiduciam
608 1956 754 1981 nostram
785 1951 950 1989 collocare,
981 1961 1045 1982 non
1070 1951 1168 1991 qui-l

178 1990 250 2022 dem
281 1995 318 2022 ut
347 1992 428 2023 ratio
461 1993 602 2023 humana
633 1993 811 2033 dictaverit,
843 1998 874 2024 et
903 1995 1006 2024 nostri
1028 2004 1141 2025 sensus

178 2034 467 2074 apprehenderint:
493 2035 547 2067 sed
571 2036 604 2066 in
627 2036 698 2076 ipsa
717 2041 818 2067 morte
838 2047 1014 2076 speremus,
1039 2047 1141 2076 quan-

180 2076 349 2117 doquidem
381 2078 467 2109 Deus
491 2079 524 2109 in
546 2078 649 2118 ipsam
672 2084 809 2110 mortem
832 2079 1005 2119 imperium
1030 2085 1062 2110 et
1085 2079 1141 2110 do-

181 2119 388 2151 minationem
412 2121 545 2152 obtinet.

265 2162 366 2193 Porro
389 2164 533 2203 sequitur
553 2164 634 2195 alius
652 2163 781 2204 quidam
802 2164 894 2195 dolus
910 2175 1005 2205 quem
1019 2165 1141 2196 Michol

183 2205 303 2242 nexuit,
327 2210 363 2235 ut
386 2206 503 2237 Davidi
528 2211 653 2246 tempus
676 2207 833 2238 evadendi
857 2214 888 2238 et
911 2207 1053 2246 fugiendi
1073 2208 1140 2238 lon-

183 2246 255 2285 gius
277 2247 416 2286 daretur,
440 2259 478 2280 ex
502 2260 563 2289 quo
589 2260 643 2289 per
667 2250 839 2281 fenestram
859 2250 1009 2281 dimissus
1028 2250 1141 2282 fuerat.

183 2288 266 2319 Nam
297 2291 396 2321 sensit
424 2297 547 2331 patrem
571 2292 655 2323 illico
679 2293 832 2324 satellites
856 2293 1064 2324 dimissurum
1087 2294 1141 2333 qui

184 2330 343 2363 Davidem
371 2333 612 2375 investigarent,
648 2340 679 2366 et
710 2336 879 2366 inventum
910 2336 979 2367 neci
1010 2336 1139 2367 darent:

184 2382 284 2412 quare
312 2384 367 2413 pro
398 2376 516 2408 viribus
546 2388 674 2417 operam
707 2378 793 2409 dedit
816 2385 851 2409 ut
874 2378 1015 2418 deceptis
1039 2384 1142 2410 custo-

184 2415 276 2447 dibus
313 2416 437 2457 longius
473 2425 599 2460 tempus
632 2421 749 2452 Davidi
779 2421 819 2452 ad
850 2421 960 2462 fugam
992 2421 1139 2452 daretur:
1166 2434 1167 2448 1

184 2457 355 2490 Caeterum
387 2470 484 2499 quum
517 2463 650 2494 subinde
685 2464 773 2495 missi
808 2465 961 2495 satellites
992 2475 1009 2495 a
1041 2464 1140 2496 Saule

183 2499 343 2532 Davidem
377 2504 635 2543 comprehensuri
670 2506 828 2545 dicuntur,
864 2518 903 2538 ex
938 2517 973 2537 eo
1008 2513 1139 2546 apparet

183 2550 302 2581 quanto
339 2544 445 2575 furore
483 2546 562 2578 Saul
603 2548 757 2580 adversus
798 2549 890 2580 illum
932 2551 1138 2581 exaestuarit.

183 2585 331 2617 Primum
362 2587 448 2618 enim
477 2588 651 2622 intromissi
680 2592 832 2624 satellites
856 2592 1017 2623 Davidem
1042 2603 1137 2632 quae-

182 2634 259 2659 runt
283 2628 322 2659 ad
346 2635 494 2661 mortem:
527 2642 620 2671 quem
643 2644 741 2673 quum
764 2646 804 2666 ex
828 2635 947 2667 Michol
972 2640 1138 2676 aegrotare

268 2680 376 2707 Caluini
393 2688 484 2714 opera.
523 2683 578 2709 Vol.
593 2683 687 2710 XXX.

1193 331 1231 361 ad
1252 343 1285 363 se
1305 333 1409 372 ipsum
1430 333 1462 364 in
1484 334 1565 365 lecto
1585 335 1703 374 portari
1725 345 1823 365 manu
1843 345 1900 365 sua
1920 335 2156 375 perimendum.

1193 374 1264 404 Non
1289 376 1370 405 tanti
1395 376 1575 407 faciendum
1601 377 1668 407 eius
1692 378 1835 408 morbum
1860 378 1912 417 qui
1937 388 2011 408 mox
2035 379 2078 409 sit
2100 389 2157 418 pe·

1192 417 1367 449 rimendus.
1413 419 1533 449 Ratum
1566 420 1672 459 itaque
1703 421 1835 450 verbum
1860 430 1929 451 esse
1952 420 2036 458 vult;
2065 425 2158 452 tanta

1164 458 1167 477 3
1191 466 1238 489 cst
1264 460 1370 491 Saulis
1393 461 1541 497 amentia,
1563 468 1672 492 tantus
1692 462 1790 493 furor.
1820 463 1908 494 Hinc
1927 468 2061 503 apparet
2081 463 2156 495 huic

1192 502 1317 533 mulieri
1343 503 1510 533 consilium
1534 514 1552 534 a
1577 504 1716 535 Domino
1740 511 1939 545 suggestum,
1963 511 1996 536 et
2015 505 2156 545 pruden-

1193 545 1271 574 tiam
1303 556 1364 584 qua
1388 546 1487 585 patris
1511 554 1691 577 occurreret
1716 547 1870 579 insaniae.
1915 548 1989 584 Nae,
2022 555 2055 578 ut
2079 554 2156 580 ante

1193 586 1269 624 dixi,
1293 587 1386 626 pauci
1411 588 1449 618 ad
1473 589 1651 619 istiusmodi
1677 601 1809 629 pavores
1832 590 1975 621 animum
1996 591 2156 622 retinent:

1193 630 1361 660 consilium
1392 630 1476 662 enim
1509 632 1636 663 nonnisi
1660 633 1754 663 rebus
1778 633 1894 672 quietis
1917 637 1949 663 et
1971 633 2157 672 tranquillis

1193 673 1293 712 accipi
1317 672 1406 709 solet,
1431 678 1462 703 et
1487 673 1560 704 dato
1584 675 1686 714 spatio
1706 675 1743 705 ad
1766 674 2009 706 deliberandum
2029 675 2156 708 idoneo.

1193 714 1302 753 Quare
1325 715 1349 745 si
1374 716 1561 755 repentinus
1585 717 1698 756 aliquis
1722 717 1877 748 incideret
1900 728 2007 758 pavor,
2040 728 2157 750 sensus

1194 757 1424 797 obstupefiunt,
1458 762 1488 788 et
1523 769 1588 789 non
1623 760 1757 790 veniunt
1789 761 1822 790 in
1857 761 2046 791 memoriam
2075 771 2157 800 quae

1194 800 1289 830 rebus
1324 801 1506 840 tranquillis
1540 806 1571 831 et
1603 802 1723 841 pacatis
1757 802 1796 833 ad
1831 810 1953 834 rectum
1984 803 2156 834 consilium

1193 848 1378 874 occurrunt.
1430 842 1648 881 Quamobrem
1681 845 1834 876 miraculo
1865 845 2003 886 quodam
2034 845 2156 877 factum

1193 885 1332 921 videtur,
1357 892 1391 915 ut
1416 885 1550 916 Micholi
1574 892 1705 926 repente
1728 888 1856 918 venerit
1878 889 1911 918 in
1931 893 2073 919 mentem
2093 893 2157 919 sta—

1194 934 1281 958 tuam
1312 928 1346 958 in
1376 927 1512 958 Davidis
1543 929 1623 960 lecto
1647 930 1810 966 collocare,
1844 930 1927 970 pelle
1951 931 2082 970 caprina
2106 931 2155 961 in-

1192 970 1348 1007 volutam,
1383 976 1413 1001 et
1449 971 1652 1003 vestimentis
1686 980 1838 1012 opertam,
1874 972 1913 1003 ad
1948 973 2159 1005 iniiciendam

1193 1012 1338 1044 hostibus
1358 1013 1494 1044 Davidis
1514 1024 1645 1051 moram,
1669 1026 1708 1045 ne
1727 1023 1858 1055 repente
1877 1016 2054 1056 fugientem
2072 1026 2155 1047 asse-

1192 1062 1385 1095 querentur:
1420 1056 1511 1095 quasi
1542 1067 1593 1087 res
1625 1063 1753 1097 pacatae
1783 1064 1891 1089 essent
1914 1064 1946 1089 et
1969 1069 2026 1098 per
2048 1058 2156 1089 iocum

1192 1104 1223 1129 et
1247 1103 1340 1129 extra
1360 1098 1538 1138 periculum
1559 1100 1731 1130 constituta
1749 1100 1850 1131 risum
1866 1104 2043 1140 quaereret.
2069 1100 2156 1132 Sane

1165 1167 1167 1173 2
1192 1140 1268 1171 facti
1289 1141 1383 1171 huius
1404 1141 1509 1172 Deum
1530 1146 1561 1172 et
1579 1150 1721 1173 autorem
1743 1147 1774 1173 et
1793 1149 2006 1182 promotorem
2027 1154 2045 1174 a
2060 1143 2154 1174 nobis

1193 1184 1320 1224 agnosci
1356 1194 1414 1223 par
1444 1190 1501 1220 est,
1537 1185 1589 1223 qui
1622 1185 1754 1215 Micholi
1785 1185 1951 1216 consilium
1983 1186 2155 1226 suggessit,

1193 1226 1284 1266 eique
1315 1227 1466 1257 maritum
1495 1227 1644 1257 servandi
1675 1227 1840 1258 audaciam
1870 1228 1987 1265 iniecit,
2019 1238 2055 1259 ae
2078 1239 2156 1268 pru-

1194 1268 1335 1299 dentiam
1367 1268 1454 1299 dedit
1483 1269 1515 1300 in
1539 1269 1666 1309 incepto
1691 1271 1854 1310 pergendi,
1890 1281 1929 1301 ne
1952 1271 1985 1301 in
2009 1270 2151 1302 hostium

1193 1312 1298 1351 ipsum
1336 1311 1573 1351 insequentium
1610 1323 1724 1343 manus
1762 1312 1935 1344 deveniret.
1982 1313 2157 1344 Discamus

1193 1355 1301 1394 itaque
1325 1353 1434 1386 (livino
1458 1355 1578 1385 auxilio
1603 1366 1642 1386 ex
1666 1355 1815 1395 periculis
1838 1356 1938 1395 erepti
1957 1356 2063 1395 ipsum
2083 1366 2158 1396 pre-

1194 1397 1258 1427 cari
1296 1401 1331 1427 ut
1368 1407 1462 1428 suum
1495 1408 1574 1436 opus
1608 1398 1761 1437 perficiat,
1802 1408 1906 1437 neque
1939 1399 2156 1438 conquiescat,

1195 1440 1295 1471 donec
1326 1438 1365 1470 ad
1396 1450 1489 1470 suum
1518 1440 1615 1471 finem
1646 1440 1825 1471 deduxerit.
1871 1440 1997 1471 Deinde
2020 1451 2158 1481 cognos-

1194 1492 1303 1513 camus
1334 1481 1441 1513 Deum
1471 1493 1540 1513 esse
1568 1483 1622 1522 qui
1645 1483 1777 1522 pedibus
1800 1483 2012 1523 manibusque
2037 1484 2158 1515 nostris

1195 1525 1279 1555 vires
1303 1525 1503 1564 suppeditat:
1528 1525 1582 1565 qui
1607 1526 1723 1556 nostris
1748 1525 1907 1556 mentibus
1931 1526 2101 1557 consilium
2125 1530 2158 1557 et

1194 1568 1397 1607 prudentiam
1427 1568 1589 1598 immittit:
1620 1569 1672 1608 qui
1704 1569 1826 1599 animos
1855 1569 1930 1599 facit
1953 1568 1993 1599 ad
2016 1568 2048 1599 id
2073 1569 2158 1609 quod

1194 1610 1273 1641 utile
1297 1615 1353 1648 est,
1384 1615 1414 1641 et
1438 1610 1476 1640 ad
1500 1611 1583 1650 quod
1607 1610 1646 1641 ab
1670 1611 1737 1650 ipso
1761 1621 1912 1642 vocamur
1936 1611 2062 1642 fortiter
2084 1622 2158 1652 per-

1165 1663 1166 1671 *
1192 1653 1374 1684 ficiendum.
1420 1653 1506 1683 Hinc
1543 1653 1639 1683 etiam
1670 1654 1703 1683 in
1733 1652 1880 1684 omnibus
1912 1653 2158 1685 difficultatibus

1192 1702 1223 1726 et
1256 1696 1413 1735 angustiis
1448 1695 1487 1726 ad
1521 1696 1626 1736 ipsum
1660 1697 1832 1736 confugere
1863 1696 2031 1734 discamus,
2065 1697 2157 1737 eique

1165 1762 1166 1766 ,
1192 1749 1319 1770 omnem
1334 1743 1463 1769 nostrae
1477 1738 1673 1769 liberationis
1686 1739 1821 1779 gloriam
1836 1739 1985 1777 tribuere,
2004 1747 2157 1770 caventes

1192 1791 1394 1820 summopere
1428 1792 1468 1812 ne
1491 1791 1543 1811 eos
1567 1781 1732 1812 imitemur
1755 1782 1807 1821 qui
1831 1782 1862 1811 in
1887 1786 2012 1821 partem
2036 1781 2156 1822 gloriae

1192 1835 1266 1856 eum
1289 1825 1356 1863 ipso
1380 1824 1492 1854 venire
1515 1824 1658 1863 cupiunt.
1704 1824 1786 1854 Nam
1811 1824 1902 1854 multi
1928 1825 2068 1855 fatentur
2087 1826 2156 1864 qui-

1166 1865 1168 1908 {
1193 1867 1265 1897 dem
1290 1877 1322 1897 se
1342 1866 1473 1896 Domini
1492 1866 1618 1897 adiutos
1637 1877 1745 1902 manu,
1770 1866 1825 1897 sed
1845 1866 1904 1897 sibi
1925 1867 2022 1897 etiam
2041 1867 2157 1898 salutis

1194 1915 1315 1950 partem
1336 1909 1508 1946 ascribunt,
1533 1913 1722 1948 tantumque
1745 1909 1783 1939 de
1808 1909 1868 1939 Dei
1888 1908 1982 1939 laude
2002 1915 2033 1940 et
2052 1910 2156 1949 gloria

1195 1952 1376 1983 detrahunt.
1424 1951 1492 1983 Soli
1522 1952 1582 1992 ipsi
1606 1952 1713 1991 itaque
1738 1951 1845 1982 deberi
1869 1962 1994 1982 omnem
2018 1952 2156 1992 gloriam

1167 2002 1280 2027 ffcerto
1313 1995 1465 2034 persuasi,
1506 2005 1545 2025 ne
1580 1993 1762 2025 dubitemus
1797 1994 1873 2033 quin
1907 1993 1946 2024 ad
1980 1995 2085 2034 ipsum
2120 1996 2154 2027 in

1167 2106 1169 2122 l

1167 2044 1169 2062 '1
1195 2038 1340 2078 angustis
1372 2037 1466 2068 rebus
1488 2047 1559 2067 cum
1584 2036 1691 2067 debita
1713 2037 1894 2067 reverentia
1917 2043 1949 2067 et
1971 2037 2154 2070 humilitate

1168 2087 1169 2099 ³
1195 2081 1416 2120 confugientes
1447 2079 1606 2110 exaudiat.

1656 2080 1698 2110 Et
1722 2080 1747 2109 si
1770 2079 1803 2109 in
1827 2080 1921 2110 rebus
1945 2080 2075 2111 incertis
2099 2091 2154 2112 au—

1197 2124 1310 2154 xilium
1356 2122 1438 2160 tulit,
1481 2122 1564 2153 idem
1600 2122 1670 2152 aliis
1705 2121 1928 2162 ingruentibus
1964 2123 2156 2155 effecturum

1195 2167 1342 2205 sciamus,
1374 2175 1534 2204 suumque
1563 2175 1641 2204 opus
1671 2165 1714 2194 ita
1745 2165 1972 2203 perfecturum,
2006 2170 2040 2195 ut
2071 2176 2156 2197 nun-

1195 2219 1289 2249 quam
1313 2208 1508 2242 deseramur,
1533 2208 1625 2237 modo
1645 2218 1704 2238 nos
1723 2208 1856 2247 spiritus
1875 2207 1976 2247 ipsius
1995 2208 2155 2248 sapientia

1195 2252 1261 2292 regi
1285 2251 1437 2287 sinamus,
1462 2250 1614 2289 verbique
1638 2250 1737 2289 ipsius
1762 2250 1881 2280 virtute
1905 2250 2020 2281 armati
2043 2251 2153 2284 simus.

1279 2293 1373 2332 Quod
1405 2303 1480 2323 vero
1512 2293 1703 2323 nominatim
1727 2292 1845 2323 dicitur
1867 2292 1990 2323 Michol
2014 2297 2154 2326 statuam

1194 2336 1355 2377 quandam
1389 2336 1555 2375 accepisse,
1591 2342 1621 2365 et
1656 2336 1689 2365 in
1723 2335 1802 2366 lecto
1832 2335 1969 2366 Davidis
1998 2337 2154 2377 posuisse,

1167 2407 1168 2410 ,
1193 2390 1287 2419 saepe
1310 2379 1343 2409 in
1367 2378 1466 2409 sacris
1487 2388 1550 2408 vox
1570 2377 1624 2408 illa
1643 2378 1816 2418 Teraphim
1837 2379 1870 2408 in
1889 2378 2008 2409 malam
2027 2384 2154 2418 partem

1193 2422 1363 2461 accipitur:
1409 2420 1463 2451 sed
1505 2431 1570 2450 non
1607 2420 1859 2451 existimandum
1893 2427 1941 2451 est
1975 2421 2154 2454 Michulam

1192 2466 1293 2496 ullum
1332 2463 1480 2494 habuisse
1519 2463 1604 2493 domi
1635 2463 1843 2494 simulacrum
1873 2463 1956 2503 quod
1987 2463 2151 2498 adoraret:

1166 2519 1167 2522 ¹
1192 2518 1295 2547 neque
1319 2506 1454 2545 legimus
1479 2505 1620 2540 Saulem,
1644 2506 1704 2537 etsi
1727 2505 1905 2537 coniectum
1925 2507 1956 2537 in
1978 2507 2151 2547 reprobum

1192 2560 1330 2587 sensum,
1373 2559 1513 2589 unquam
1550 2552 1659 2579 tamen
1694 2549 1753 2579 sibi
1787 2549 1918 2580 finxisse
1951 2549 2037 2580 idola
2071 2561 2152 2589 quae

1191 2594 1317 2629 coleret,
1358 2596 1413 2622 aut
1454 2591 1521 2622 ulla
1555 2591 1780 2630 superstitione
1815 2591 1913 2625 fuisse
1950 2598 2150 2631 occupatum,

1191 2635 1299 2675 Quare
1328 2644 1392 2665 non
1423 2637 1472 2665 est
1501 2633 1675 2665 verisimile
1705 2633 1881 2665 Micholam
1910 2634 1978 2665 ulla
2001 2634 2155 2670 habuisse

1965 2686 1998 2712 21
