2551 3044
356 212 418 243 339

361 306 433 337 dem
457 305 547 345 quasi
572 305 666 345 plane
689 304 794 335 nudus
818 304 925 342 fuerit,
949 302 1003 334 sed
1027 301 1112 342 quod
1135 302 1201 333 suis
1225 302 1319 332 vesti·
1345 318 1348 324 ν

362 350 420 380 bus
450 349 622 388 spoliatum
651 347 742 378 Deus
771 346 907 377 voluerit
936 346 981 376 ita
1009 344 1155 379 deiicere,
1192 350 1227 374 ut
1255 344 1321 374 siu-

361 391 446 432 gulis
466 391 565 430 ipsius
585 389 819 430 turpitudinem
841 395 948 419 notam
970 388 1099 418 faceret.
1143 386 1323 426 Prophetae

359 433 487 473 quidem
526 438 614 464 certa
644 432 800 472 quaedam
831 431 991 462 habebant
1021 433 1222 465 vestimenta,
1257 439 1321 460 non

361 476 493 506 omnino
521 475 629 515 qualia
658 482 732 506 sunt
763 474 863 504 stolae
886 480 917 504 et
942 480 1048 504 vestes
1070 472 1320 503 sacrificulorum

362 517 597 554 hodiernorum,
632 517 686 548 scd
711 528 748 547 ea
772 523 879 547 tamen
904 516 1020 556 quibus
1043 526 1061 546 a
1085 515 1182 556 vulgo
1205 514 1323 546 discer-

361 567 525 592 nerentur.
568 560 609 591 Et
641 560 699 590 hoc
721 559 827 599 colligi
851 565 956 598 potest
979 568 1019 589 ex
1041 558 1199 589 Zacharia
1222 557 1323 588 nomi-

361 605 472 636 natim.
515 602 600 643 apud
634 612 728 642 quem
764 602 882 632 dieitur
916 602 991 639 fore,
1032 608 1066 631 ut
1100 611 1199 640 quum
1236 600 1323 630 Deus

361 646 527 677 ecelesiam
558 656 647 676 suam
680 645 831 685 purgabit
860 643 899 673 ab
929 644 1017 675 omni
1047 643 1262 683 corruptione,
1293 649 1323 672 et

362 688 540 719 idololatria
579 695 611 719 et
653 688 891 727 superstitione,
933 686 1230 726 pseudoprophetae
1270 685 1323 724 qui

361 730 493 762 Domini
519 732 643 761 vineam
667 730 948 767 administrabant,
977 734 1009 760 et
1030 729 1063 759 in
1087 729 1189 768 pretio
1212 732 1244 758 et
1266 737 1322 757 au—

363 775 490 806 toritate
524 779 626 809 erant,
661 773 757 812 pallia
790 783 847 803 sua
881 771 1069 812 prophetica
1099 771 1258 807 abiiciant,
1293 775 1324 799 et

361 818 522 857 privatam
548 817 646 847 vitam
671 815 798 855 degant.
844 814 891 846 Ae
915 815 941 845 si
965 814 1035 854 quis
1060 824 1115 844 eos
1139 814 1323 852 interroget,

361 860 438 900 quid
463 860 581 890 factum
606 859 649 889 sit
671 858 815 897 ipsorum
840 857 1007 897 dignitate,
1038 856 1262 896 respondeant,
1291 866 1323 886 se

363 913 467 942 neque
495 902 668 942 prophetas
699 911 800 939 neque
825 900 905 931 filios
927 910 997 930 esse
1020 900 1262 940 prophetarum,
1292 904 1324 927 et

361 955 395 976 se
428 944 493 975 illis
516 944 665 975 omnibus
690 943 900 973 renuntiasse.

360 988 385 1019 si
418 987 514 1018 hodie
545 986 693 1017 monaehi
724 996 741 1015 a
766 985 834 1016 Deo
857 985 1031 1016 illuminati
1056 990 1269 1024 agnoscerent
1291 993 1324 1013 se

361 1029 658 1070 pseudoprophetas
689 1029 795 1064 fuisse,
826 1028 886 1058 Dei
915 1034 947 1058 et
969 1027 1135 1058 hominum
1159 1033 1324 1065 contemp-

362 1081 456 1112 tores,
492 1081 522 1103 et
551 1072 652 1102 variis
681 1070 963 1110 superstitionibus
986 1076 1017 1101 et
1040 1069 1241 1100 idolomaniis
1265 1069 1324 1098 mi·
1350 1076 1352 1083 ’

361 1125 465 1147 seram
496 1114 621 1155 plebem
652 1114 775 1146 lusisse,
807 1120 838 1143 et
861 1112 1019 1143 cucullam
1043 1122 1143 1147 suam,
1179 1111 1272 1141 funes
1294 1116 1327 1141 et
1350 1127 1352 1136 ι

361 1159 423 1189 alia
448 1156 630 1188 istiusmodi
653 1156 805 1194 mysteria
828 1154 1012 1192 abiicerent,
1036 1155 1205 1195 palamque
1230 1159 1325 1184 testa—

364 1206 476 1232 rentur
507 1211 540 1231 se
568 1199 814 1239 superstitiones
837 1198 908 1228 illas
933 1199 1067 1237 eiurare,
1097 1205 1128 1227 et
1152 1196 1236 1227 nolle
1259 1206 1325 1226 am-

363 1243 447 1284 plius
482 1243 551 1274 Deo
580 1248 612 1273 et
642 1241 826 1272 hominibus
857 1240 1000 1276 illudere,
1039 1239 1123 1280 quod
1154 1238 1326 1269 diabolicas
1352 1253 1353 1259 1

363 1286 529 1318 illusiones
565 1285 622 1315 illa
656 1284 808 1322 mysteria
838 1283 936 1314 fuisse
966 1288 1152 1322 agnoscant.
1197 1282 1248 1312 lta
1279 1280 1325 1310 di-

363 1336 482 1361 cuntur
510 1327 594 1368 apud
617 1326 807 1357 Zachariam
832 1325 1125 1365 pseudoprophetae
1154 1324 1199 1354 illi
1229 1323 1327 1364 pallia
1353 1321 1354 1335 ³

364 1371 553 1412 prophetica
582 1369 747 1400 abiecturi.
794 1367 856 1399 Sed
889 1368 1057 1407 peculiaris
1088 1367 1243 1407 quaedam
1275 1366 1327 1397 hic

365 1422 415 1446 est
439 1413 548 1444 Saulis
571 1413 662 1447 ratio,
693 1421 788 1451 quem
814 1410 903 1441 Deus
926 1412 970 1441 ita
994 1411 1130 1450 punivit,
1161 1417 1196 1440 ut
1220 1409 1327 1440 exutis

366 1456 510 1487 vestibus
533 1454 620 1486 humi
645 1460 677 1485 et
701 1460 826 1484 noctem
847 1460 879 1483 et
899 1453 981 1483 diem
1004 1454 1163 1492 integram
1182 1451 1326 1482 iacuerit.

365 1499 439 1530 Non
469 1508 545 1537 ergo
569 1502 694 1528 tantum
718 1497 756 1526 ob
782 1495 982 1535 prophetiam
1006 1502 1122 1526 exutus
1145 1495 1205 1526 fuit
1230 1494 1327 1525 vesti-

368 1541 436 1577 bus,
455 1542 510 1571 sed
530 1539 722 1580 peculiarem
743 1538 902 1578 quandam
923 1538 1054 1569 ultionis
1074 1538 1202 1569 divinae
1219 1542 1326 1568 notam

367 1583 415 1615 illi
448 1583 537 1614 Deus
567 1582 690 1617 inussit,
724 1591 763 1612 ne
793 1588 876 1612 esset
900 1582 931 1611 iu
957 1581 1057 1619 pretio
1082 1586 1114 1611 et
1137 1581 1266 1617 honore,
1297 1584 1328 1610 et

368 1637 409 1658 ne
447 1625 642 1666 prophetans
683 1623 844 1655 videretur
875 1623 1029 1663 pristinae
1059 1623 1207 1660 dignitati
1236 1622 1327 1653 resti-

369 1675 467 1700 tutus.
513 1667 605 1698 Deus
641 1668 747 1706 itaque
781 1666 871 1696 illum
905 1666 1059 1697 dedecore
1093 1674 1123 1696 et
1155 1666 1330 1706 ignominia

369 1710 503 1748 notavit,
527 1714 562 1741 ut
585 1716 736 1749 tanquam
763 1709 890 1739 tui-bine
909 1709 1050 1749 agitatus
1069 1713 1232 1739 momento
1251 1707 1330 1738 deii-

369 1759 505 1791 ceretur,
553 1758 585 1784 et
631 1751 836 1782 vestimentis
876 1757 994 1782 exutus
1035 1751 1162 1791 pavoris
1202 1751 1330 1790 signum

370 1796 477 1836 palam
514 1795 706 1826 ostenderet.
752 1793 814 1825 Hic
852 1793 938 1824 loeus
976 1793 1084 1833 itaque
1116 1793 1205 1824 nullo
1235 1793 1331 1823 modo

370 1838 483 1879 probat
506 1836 679 1877 prophetas
703 1847 820 1867 exuere
840 1842 944 1866 vestes
963 1836 1083 1874 solitos,
1107 1842 1138 1866 et
1159 1841 1232 1866 ante
1251 1835 1332 1866 vidi—

370 1892 443 1912 mus
467 1880 537 1911 illos
563 1880 651 1910 varia
675 1879 744 1910 loca
768 1879 904 1910 lustrare
927 1878 1048 1918 solitos,
1079 1887 1111 1910 et
1133 1879 1166 1909 in
1192 1879 1251 1909 Dei
1275 1877 1332 1908 ho-

371 1933 483 1955 norem
515 1922 671 1962 quaedam
695 1921 820 1952 cantica
841 1930 972 1952 canere:
1003 1921 1058 1952 sed
1084 1920 1192 1953 Saulis
1215 1921 1332 1951 factum

373 1965 527 2006 quiddam
559 1964 655 1995 habet
684 1975 701 1994 a
732 1963 961 2003 prophetarum
992 1974 1079 1995 more
1109 1964 1270 1994 diversum
1302 1969 1334 1994 et

373 2016 573 2048 separatum:
615 2006 685 2037 Deo
727 2007 831 2046 ipsum
872 2006 1042 2037 deiiciente
1082 2012 1114 2037 et
1148 2007 1178 2037 in
1215 2012 1332 2036 terram

373 2051 562 2092 proiieiento
586 2056 617 2081 et
641 2049 838 2082 humiliante.
865 2059 928 2078 non
953 2049 1081 2088 quidem
1105 2055 1141 2080 ut
1164 2060 1202 2079 ex
1227 2047 1334 2078 animo

375 2093 573 2134 poenitentia
602 2092 781 2127 duceretur,
818 2102 892 2121 nam
924 2093 973 2122 sui
1004 2102 1130 2132 semper
1159 2091 1273 2121 similis
1303 2092 1334 2120 in

377 2136 500 2168 malitia
533 2135 685 2175 perrexit,
718 2133 773 2164 scd
804 2139 839 2164 ut
867 2144 885 2164 a
913 2133 984 2164 Deo
1013 2134 1191 2174 ignominia
1221 2133 1337 2164 multa-

378 2186 477 2215 retur,
509 2184 540 2208 et
573 2178 629 2208 toti
660 2177 778 2217 populo
805 2176 1056 2216 contemptibilis
1078 2176 1275 2212 redderetur,
1307 2181 1338 2206 et

379 2222 481 2262 ipsius
522 2220 612 2251 furor
650 2226 682 2250 ct
715 2219 903 2258 improbitas
939 2219 1134 2259 vulgaretur,
1176 2219 1231 2258 qui
1266 2218 1338 2248 lieet

379 2265 498 2296 furioso
539 2263 661 2302 impetu
695 2262 835 2293 ferretur
868 2267 899 2292 ct
932 2262 1121 2302 sanguinem
1156 2261 1340 2292 avidissime

379 2307 497 2343 sitiret,
517 2306 595 2336 nihil
618 2314 723 2335 tamen
744 2304 884 2342 auderet,
904 2304 958 2335 sed
979 2305 1086 2344 potius
1106 2304 1214 2335 divina
1230 2313 1340 2339 manu,

381 2357 532 2388 tanquam
564 2349 630 2379 fera
661 2346 816 2387 quaedam
847 2347 1008 2387 repagulis
1031 2352 1240 2379 coerceretur.
1288 2344 1342 2377 Sic

382 2392 472 2423 Deus
513 2390 683 2421 ridendum
725 2390 874 2430 propinat
913 2389 1055 2430 Saulem,
1094 2396 1127 2421 et
1165 2388 1342 2430 ignominia

382 2440 484 2471 notat,
508 2440 542 2463 ut
565 2433 708 2463 vestibus
730 2432 885 2471 spoliatus
907 2438 939 2463 et
962 2432 1068 2464 nudus
1091 2443 1197 2464 eoram
1225 2432 1292 2462 Deo
1311 2436 1344 2461 et

383 2476 569 2508 hominibus
599 2475 723 2506 veniam
754 2474 943 2515 deprecetur
965 2475 1097 2507 furoris:
1133 2481 1164 2506 et
1186 2475 1232 2505 ita
1254 2473 1344 2504 Deus

385 2520 482 2550 faciat
515 2523 669 2549 testatum
705 2518 871 2557 indignum
908 2528 977 2549 esse
1011 2517 1145 2550 Saulem
1178 2517 1343 2554 hominum

385 2562 558 2598 consortio,
589 2572 681 2600 quem
713 2561 836 2591 nudum
865 2561 934 2592 sine
964 2561 1107 2592 vestibus
1131 2561 1218 2592 humi
1241 2561 1345 2590 iacere

386 2615 458 2636 cum
491 2603 667 2643 ignominia
690 2602 826 2640 volebat,
856 2614 920 2634 non
943 2603 1070 2643 quidem
1095 2603 1189 2644 plane
1212 2602 1345 2638 nudum,

385 2646 443 2678 sed
466 2651 573 2677 tamen
597 2651 732 2676 exutum
756 2645 899 2677 vestibus
923 2652 959 2676 ut
981 2657 1053 2678 eum
1078 2645 1231 2678 dedecore
1254 2644 1345 2677 volu·

1151 206 1350 238 HOMILIA
1375 205 1539 238 LXXIII.

2271 203 2335 235 340

1374 307 1506 331 taretur.
1550 299 1636 331 Hine
1677 299 1837 331 discamus
1877 299 1993 339 quibus
2034 309 2090 330 nos
2123 309 2231 331 coram
2264 299 2335 330 Deo

1374 342 1575 374 vestimentis
1614 343 1721 373 ornari
1763 342 1886 373 deceat:
1931 341 2082 382 quamdiu
2123 342 2208 372 enim
2243 342 2335 373 nobis

1374 387 1450 425 ipsis
1482 384 1585 415 induti
1616 395 1723 416 coram
1755 385 1822 424 ipso
1845 395 2046 425 apparemus,
2078 390 2187 416 nostra
2212 391 2334 420 natura,

1374 427 1618 468 cogitationibus
1641 437 1671 457 et
1695 427 1871 463 affectibus,
1895 428 1989 468 longe
2009 427 2149 458 deterius
2169 427 2335 458 nobiseum

1375 472 1484 511 agitur
1521 480 1617 510 quam
1654 469 1680 500 si
1719 472 1849 500 omnino
1879 470 1958 501 nudi
1988 480 2140 501 essemus.
2186 470 2272 501 Hinc
2302 470 2335 500 in

1375 512 1543 552 cvangelio
1575 512 1707 543 Domini
1739 513 1838 543 nostri
1863 513 1936 544 Iesu
1961 512 2083 544 Christi
2108 513 2227 553 passim
2250 512 2337 543 iube-

1376 567 1447 586 mur
1470 565 1588 586 exuere
1612 555 1722 585 sordes
1747 562 1872 586 nostras
1895 562 1927 586 et
1950 556 2095 587 carnales
2118 565 2230 586 omues
2248 555 2336 594 cupi-

1375 597 1499 635 ditates,
1533 597 1616 637 quod
1646 597 1726 628 nihil
1756 597 1820 628 siut
1849 598 1934 628 aliud
1966 609 2059 638 quam
2091 598 2202 629 foedae
2233 597 2336 638 pollu-

1377 642 1487 677 tiones,
1519 640 1632 680 quibus
1651 649 1670 670 a
1690 639 1758 672 Deo
1777 645 1928 680 tanquam
1950 641 2072 680 profani
2100 647 2130 672 et
2155 640 2336 672 detestandi

1376 683 1569 714 reiiciauiur.
1615 682 1724 721 Quare
1747 683 1862 722 deponi
1887 690 2013 723 oportet
2031 694 2050 713 a
2069 684 2168 721 nobis,
2192 690 2223 715 et
2243 693 2337 714 nosse

1376 726 1557 765 quicunque
1581 725 1732 765 splendor
1755 726 1912 756 virtutum
1937 732 2090 765 appareat
2108 736 2214 757 coram
2237 725 2337 756 homi—

1376 769 1480 806 nibus,
1520 767 1599 798 nihil
1642 768 1703 799 uisi
1744 767 2018 807 imperfectionem
2052 775 2083 799 et
2119 769 2233 799 vitium
2268 778 2338 799 esse

1376 820 1481 841 coram
1516 809 1596 848 Deo,
1633 810 1710 841 adeo
1746 810 1874 850 quidem
1908 816 1942 841 ut
1977 821 2081 849 neque
2115 822 2219 842 coram
2256 809 2337 849 Deo,

1377 863 1478 892 neque
1515 863 1622 884 coram
1661 853 1760 892 ipsius
1796 853 1920 893 angelis
1954 863 2138 893 comparere
2169 854 2337 893 possimus,

1350 931 1351 938 ἵ
1376 896 1475 926 donec
1510 896 1694 926 cxuerimus
1724 895 1806 935 quod
1838 902 1952 926 natura
1976 897 2067 927 nobis
2091 897 2255 936 proprium
2279 900 2338 926 est.

945 942 1039 981 Quod
1062 941 1194 982 perinde
1217 947 1265 971 est
1288 950 1324 969 ac
1350 951 1351 960 ¹

1378 941 1419 968 At
1454 939 1480 969 si
1514 937 1593 968 nudi
1627 938 1790 976 fuerimus,
1831 949 1949 978 magna
1983 944 2134 978 sequetur
2167 939 2275 978 inopia
2308 943 2340 969 et

1350 1017 1351 1026 ἵ
1378 988 1512 1021 egestas,
1536 986 1566 1011 et
1587 980 1748 1012 horrenda
1766 981 1907 1012 confusio
1927 981 2030 1020 qualis
2049 981 2181 1012 Saulem
2201 982 2338 1012 invasit:

1376 1024 1583 1063 quamobrem
1614 1034 1672 1054 nos
1702 1030 1830 1063 oportet
1856 1023 2006 1054 omnibus
2037 1024 2124 1055 vitiis
2155 1031 2185 1054 et
2207 1034 2339 1063 corrup-

1377 1067 1518 1097 tionibus
1552 1073 1668 1097 exutos
1693 1065 1825 1096 Domini
1849 1067 1949 1097 nostri
1971 1066 2046 1097 Iesu
2070 1066 2193 1097 Christi
2217 1067 2340 1098 iustitia

1380 1110 1499 1140 vestiri.
1546 1108 1656 1147 Quare
1687 1109 1845 1140 discamus
1875 1109 1920 1139 ita
1950 1110 2067 1140 nostris
2096 1109 2244 1140 sordibus
2267 1119 2340 1149 spo-

1350 1152 1458 1188 31iuri,
1490 1156 1526 1182 ut
1557 1151 1726 1183 Christum
1756 1151 1935 1187 induamus,
1966 1158 1998 1182 et
2029 1152 2089 1182 Dei
2120 1152 2185 1183 filio
2214 1152 2340 1183 coufor-

1378 1203 1520 1225 memur:
1562 1204 1597 1224 ac
1637 1194 1770 1234 proinde
1804 1193 1843 1224 ad
1876 1194 1982 1234 ipsum
2017 1194 2205 1226 accedamus
2239 1194 2341 1235 ipsius

1379 1238 1520 1268 vestibus
1551 1237 1723 1268 induendi:
1759 1236 1841 1276 quod
1869 1237 1936 1276 ipse
1964 1237 2052 1269 solus
2082 1247 2139 1268 nos
2163 1237 2232 1268 Deo
2255 1237 2341 1278 patri

1381 1280 1481 1319 possit
1503 1279 1684 1316 conciliare,
1708 1287 1878 1319 gratosque
1897 1280 2032 1311 efficere.
2077 1279 2267 1320 Spoliamur
2284 1279 2343 1320 igi-

1380 1329 1432 1353 tur
1465 1332 1536 1353 cum
1571 1322 1677 1362 aliquo
1712 1328 1818 1353 nostro
1851 1321 2014 1358 dedecore,
2047 1322 2103 1353 sed
2137 1333 2200 1354 non
2232 1329 2341 1354 tamen

1379 1366 1464 1396 sieut
1487 1365 1578 1404 Saul,
1607 1365 1757 1405 quoniam
1783 1365 1870 1396 Deus
1894 1364 1963 1404 ipse
1986 1375 2042 1396 nos
2065 1365 2198 1403 iustitia,
2222 1365 2342 1397 sancti·

1380 1413 1446 1439 tate
1469 1414 1499 1438 et
1523 1408 1716 1447 perfectione
1738 1407 1825 1438 unici
1847 1407 1898 1438 sui
1922 1407 1979 1438 filii
2002 1408 2122 1439 induet.

1465 1450 1619 1490 Sequitur
1652 1450 1801 1490 deinceps
1831 1449 1914 1481 hane
1944 1450 1982 1480 ob
2012 1460 2141 1481 causam
2173 1449 2340 1490 vulgatum

1381 1493 1477 1524 fuisse
1507 1493 1729 1533 proverbium:
1762 1492 1849 1524 Num
1877 1495 1904 1524 et
1935 1492 2013 1523 Saul
2043 1494 2123 1524 inter
2146 1492 2341 1534 prophetas?

1380 1536 1418 1567 In
1450 1536 1564 1576 quibus
1596 1535 1701 1567 verbis
1731 1536 1825 1566 etiam
1850 1535 1958 1575 aliqua
1983 1535 2111 1566 videtur
2131 1545 2200 1567 esse
2223 1545 2342 1577 repug-

1381 1580 1500 1610 nantia.
1546 1579 1629 1610 Nam
1658 1589 1756 1618 quum
1785 1585 1879 1608 antea
1908 1578 1992 1608 facta
2015 1584 2064 1609 est
2086 1579 2343 1619 inaugurationis

1382 1621 1490 1653 Saulis
1513 1622 1642 1657 mentio,
1670 1631 1769 1660 quum
1792 1621 1898 1652 iussus
1922 1626 2005 1652 esset
2028 1630 2102 1651 eum
2127 1620 2258 1652 Samuel
2281 1631 2343 1652 un-

1381 1675 1456 1704 gere
1488 1664 1575 1695 inter
1607 1663 1781 1700 Israelitas,
1823 1663 1942 1694 dictum
1977 1669 2026 1694 est
2059 1663 2149 1694 illum
2184 1663 2344 1704 accepisse

1382 1707 1571 1747 prophetiae
1593 1706 1725 1744 donum,
1747 1712 1778 1737 et
1797 1716 1894 1746 quum
1914 1706 1948 1736 in
1968 1705 2198 1745 prophetarum
2217 1710 2344 1738 coetum

1382 1749 1547 1780 incidisset
1576 1750 1630 1789 qui
1661 1759 1699 1780 ex
1729 1749 1868 1789 quodam
1899 1748 1966 1779 loco
1989 1748 2023 1779 in
2046 1748 2145 1779 alium
2168 1749 2345 1789 proficisce-

1383 1792 1510 1832 bantur,
1544 1792 1576 1823 in
1610 1792 1715 1823 medio
1748 1792 1891 1831 ipsorum
1923 1791 2181 1831 prophetavisse:
2215 1798 2248 1823 et
2270 1791 2344 1822 inde

1384 1841 1495 1865 natum
1517 1834 1733 1874 proverbium,
1753 1839 1885 1874 propter
1903 1834 1949 1865 rei
1964 1834 2184 1866 insolentiam:
2204 1833 2346 1874 quando-

1383 1878 1510 1916 quidem
1549 1878 1643 1908 homo
1679 1879 1818 1908 rusticus
1848 1883 1879 1907 et
1909 1877 2046 1916 agrestis
2078 1882 2143 1907 tam
2174 1876 2346 1908 excellenti

1385 1920 1466 1950 dono
1497 1920 1604 1951 fuerat
1633 1925 1766 1951 ornatus
1797 1926 1830 1950 et
1859 1918 1987 1959 quidem
2018 1925 2189 1950 momento.
2235 1918 2346 1958 Quare

1385 1973 1483 2002 quum
1506 1962 1603 1994 fiebat
1626 1962 1762 1994 alicuius
1785 1962 1904 1993 mentio
1927 1962 1981 2001 qui
2003 1971 2020 1993 e
2043 1961 2141 1993 bardo
2165 1968 2197 1993 et
2219 1961 2347 2002 stupido

1387 2006 1418 2035 in
1449 2006 1579 2037 doctum
1606 2011 1637 2036 et
1667 2005 1751 2036 acuti
1782 2005 1905 2045 ingenii
1935 2005 2041 2035 virum
2065 2004 2229 2042 evasisset,
2259 2003 2347 2035 adhi-

1386 2048 1453 2078 beri
1487 2048 1609 2079 solebat
1643 2047 1729 2079 istud
1763 2047 1979 2088 proverbium,
2020 2045 2098 2078 Saul
2132 2047 2229 2078 etiam
2262 2047 2348 2078 inter

1388 2090 1568 2131 prophetas,
1589 2097 1623 2121 ut
1641 2090 1831 2121 admiranda
1843 2089 2000 2130 quaedam
2014 2089 2149 2120 mutatio
2162 2095 2346 2121 notaretur:

1389 2132 1656 2174 quemadmodum
1697 2133 1777 2165 Saul
1812 2138 1984 2172 antequam
2018 2132 2053 2163 in
2086 2132 2208 2173 regiam
2243 2131 2349 2172 digni-

1390 2182 1489 2207 tatem
1531 2175 1732 2214 eveheretur,
1772 2176 1868 2207 homo
1902 2175 2040 2206 rusticus
2074 2179 2106 2205 et
2137 2175 2225 2206 rudis
2260 2175 2349 2206 visus

1390 2219 1493 2249 fuerat
1540 2219 1624 2249 inter
1666 2218 1847 2259 prophetas.
1904 2217 2026 2248 Verum
2070 2217 2223 2257 quoniam
2267 2216 2347 2249 Saul

1391 2267 1499 2301 postea-
1527 2261 1685 2293 fanaticus
1708 2267 1738 2292 et
1762 2260 1852 2301 quasi
1876 2260 2015 2291 furiosus
2037 2265 2068 2291 et
2091 2259 2224 2291 insanus
2247 2260 2351 2292 factus

1391 2310 1447 2339 cst,
1477 2311 1510 2334 ut
1542 2314 1614 2335 eum
1645 2303 1828 2335 hominibus
1853 2312 1916 2334 non
1940 2308 2045 2342 posset
2068 2302 2262 2340 conversari,
2292 2312 2351 2334 no-

1394 2357 1466 2377 vam
1500 2346 1587 2377 dedit
1623 2347 1821 2378 occasionem
1852 2345 1927 2377 huic
1957 2344 2124 2385 proverbio
2146 2345 2351 2376 renovando:

1395 2395 1429 2419 ut
1457 2399 1554 2428 quum
1586 2389 1701 2429 aliquis
1724 2390 1825 2420 vitam
1848 2388 1966 2429 egisset
1989 2393 2082 2419 antea
2105 2388 2295 2428 flagitiosam
2319 2393 2353 2419 et

1394 2431 1600 2470 deploratam,
1641 2437 1674 2463 et
1713 2431 1753 2463 ad
1792 2432 1907 2463 bonam
1945 2434 2086 2462 mentem
2121 2435 2153 2461 et
2185 2430 2351 2462 meliorem

1394 2473 1517 2512 frugem
1549 2485 1698 2506 reversus
1727 2481 1820 2511 esset,
1850 2474 1889 2505 de
1919 2473 1986 2513 ipso
2010 2473 2185 2505 diceretur:
2218 2473 2304 2504 Num
2325 2475 2353 2504 et

1397 2515 1474 2546 Saul
1502 2517 1580 2548 inler
1603 2517 1796 2557 prophetas?
1841 2516 1941 2556 Quasi
1973 2515 2092 2548 dietum
2116 2521 2214 2547 esset:
2244 2515 2353 2547 Istone

1395 2559 1568 2597 improbus,
1607 2561 1666 2591 iste
1700 2560 1887 2600 flagitiosus.
1924 2559 1985 2590 iste
2015 2558 2129 2590 salutis
2158 2557 2352 2598 deploratae,

1396 2611 1571 2632 conversus
1602 2603 1639 2633 ad
1666 2604 1789 2643 frugem
1814 2602 1917 2639 rediit,
1950 2606 1983 2632 et
2003 2602 2107 2633 instar
2129 2600 2237 2642 angeli
2259 2601 2352 2641 sapit,

1397 2650 1429 2674 et
1459 2643 1490 2673 in
1522 2643 1582 2675 Dei
1613 2646 1752 2677 filiorum
1782 2655 1914 2676 numero
1938 2643 2096 2676 habetur?
2141 2642 2222 2675 Saul
2245 2643 2353 2683 itaque
