2551 3044
410 216 471 246 ss?

412 321 513 350 neque
547 310 698 349 speciosis
730 309 911 340 istiusmodi
940 310 1119 341 rationibus
1151 310 1236 341 vinci
1268 311 1384 350 potuit.

411 352 553 392 Ideoque
584 350 777 382 imitandum
802 361 839 382 co
864 351 1053 393 diligentius
1077 353 1263 393 exemplum
1288 353 1384 390 istud,

411 406 472 435 quo
514 395 691 435 insignius,
735 400 771 425 ut
805 394 844 425 ad
882 395 1003 426 malum
1034 395 1197 427 sollicitati
1231 396 1384 436 speciosis

412 438 507 468 etiam
522 437 709 473 rationibus,
734 436 860 468 diabolo
873 437 1087 477 persuadente
1106 449 1215 469 rerum
1239 439 1383 470 omnium
1409 460 1411 478 ¹.

412 481 537 511 felicem
569 480 694 510 exitum
725 480 802 518 fore,
835 479 963 511 fortiter
986 481 1169 512 istiusmodi
1195 482 1383 513 tentationi—

412 524 471 553 bus
485 523 683 558 resistamus,
697 529 728 553 et
741 523 903 563 speciosas
915 523 1057 555 rationes
1068 524 1287 555 confutemus:
1301 525 1384 556 serio
1409 554 1411 562 ,

411 575 469 597 nos
493 567 728 605 examinantes,
752 572 783 596 et
807 565 946 596 blandiri
971 566 1062 598 nobis
1087 567 1279 605 desinentes,
1303 567 1382 599 adeo

413 615 445 639 ut
477 608 557 639 nihil
583 608 644 639 nisi
668 608 751 648 quod
777 608 947 640 honestum
971 615 1003 640 et
1026 609 1096 641 Deo
1120 616 1248 650 gratum
1272 621 1382 651 accep-

412 659 546 691 tumque
577 657 624 682 est
656 651 900 692 aggrediamur,
932 651 988 683 sed
1016 652 1070 684 ubi
1100 652 1222 684 malum
1253 653 1383 694 aliquod

412 696 608 734 apparuerit,
633 695 741 724 statim
766 694 957 726 resiliamus.

499 736 598 768 Porro
630 735 792 768 Davidem
831 737 971 769 noluisse
1011 748 1144 769 manum
1184 739 1312 770 mittere
1349 740 1382 770 in

412 779 543 811 Saulem
577 786 672 810 antea
703 779 854 817 vidimus,
885 780 969 820 quod
1001 788 1084 812 esset
1115 792 1171 812 rex
1203 786 1235 813 et
1264 787 1383 814 unctus

413 822 554 858 Domini,
569 833 650 862 quac
664 823 745 853 ratio
760 833 845 854 nunc
868 824 963 853 etiam
988 823 1077 854 illum
1102 824 1222 855 retinet
1245 836 1263 855 a
1286 825 1382 856 caede

413 865 534 896 Saulis.
563 866 642 905 Quis
665 866 755 906 enim,
780 865 897 906 inquit,
921 866 1063 898 extendet
1085 877 1214 898 mamam
1235 878 1326 899 suam
1349 868 1381 899 in

414 907 571 939 Christum
601 908 747 944 Domini,
784 912 812 939 et
842 909 985 940 innocens
1014 909 1095 940 ent?

413 950 493 982 Saul
508 962 565 981 rex
586 962 603 980 a
619 951 757 982 Domino
781 951 894 983 factus.
921 952 973 983 Ex
996 963 1058 992 quo
1082 951 1244 984 discamus
1263 953 1382 985 doetri-

413 1004 488 1024 nam
518 994 606 1024 illam
633 1004 714 1034 quae
739 994 781 1025 ibi
806 1000 943 1026 tractata
967 1001 1015 1026 est
1040 996 1072 1026 in
1098 1006 1192 1026 usum
1212 1006 1383 1028 revocare:
1408 1003 1410 1013 ¹

412 1046 528 1077 nempe
559 1047 671 1067 omnes
702 1037 853 1068 venerari
881 1042 914 1068 et
945 1037 1104 1069 honorare
1128 1039 1181 1078 qui
1205 1039 1318 1070 sedent
1343 1039 1382 1070 ad
1408 1045 1410 1071 ἰ

413 1090 521 1110 rerum
535 1079 763 1120 gubernacula,
787 1080 881 1120 quod,
907 1087 943 1112 ut
961 1085 1071 1112 monet
1095 1081 1269 1121 apostolus,
1293 1082 1383 1114 nulla
1408 1090 1409 1095 ¹

413 1122 554 1163 dignitas
583 1123 625 1153 sit
655 1123 715 1154 nisi
740 1133 758 1154 a
783 1122 869 1154 Deo:
898 1134 935 1154 ac
965 1123 1100 1164 proinde
1125 1124 1212 1155 hunc
1235 1124 1381 1156 ordinem

413 1176 430 1196 a
455 1166 524 1196 Deo
555 1166 767 1197 constitutum
792 1165 967 1197 violantem
991 1167 1131 1198 sciamus
1154 1167 1214 1206 ipsi
1240 1168 1308 1199 Deo
1332 1168 1382 1198 in-

412 1209 533 1239 iurium
557 1219 635 1245 esse,
668 1214 699 1239 et
722 1208 880 1240 adversus
903 1209 1009 1249 ipsum
1033 1209 1213 1249 insurgere.
1260 1210 1382 1249 Quam-

412 1252 521 1282 obrem
553 1261 724 1282 eaveamus
753 1251 928 1291 quidquam
953 1250 1109 1283 adversus
1133 1252 1241 1283 Deum
1267 1253 1381 1292 moliri,

412 1294 580 1334 publicum
611 1294 758 1325 ordinem
789 1294 968 1342 violantes:
1000 1299 1031 1325 et
1057 1305 1110 1326 eos
1133 1295 1255 1326 honore
1275 1296 1382 1327 debito

413 1347 656 1377 prosequamur,
680 1347 759 1376 quos
783 1336 873 1368 Deus
897 1337 929 1368 in
954 1337 1094 1377 aliquem
1118 1338 1287 1378 dignitatis
1311 1350 1382 1380 gra-2

413 1379 489 1411 dum
521 1380 638 1417 evexit
669 1386 700 1410 et
731 1379 823 1410 nobis
854 1379 1023 1420 praefecit:
1056 1380 1115 1411 hoc
1143 1392 1205 1412 uno
1228 1382 1382 1420 contenti,

413 1433 536 1454 smram
549 1423 743 1462 scripturam
763 1422 886 1460 docere,
911 1434 973 1453 non
994 1434 1063 1454 csse
1087 1424 1288 1464 privatorum
1312 1435 1381 1456 sese

413 1465 577 1497 attollere:
608 1475 644 1496 ac
668 1464 743 1496 licet
767 1465 860 1496 multi
884 1465 1069 1506 ambitione,
1093 1467 1232 1498 avaritia
1255 1474 1287 1498 et
1310 1478 1381 1499 cru-

413 1508 546 1539 delitate
569 1508 752 1538 invaserint
776 1508 912 1548 imperia
937 1514 966 1539 et
991 1520 1099 1550 regna,
1122 1514 1228 1541 tamen
1243 1509 1306 1540 Dei
1325 1521 1382 1541 vo-

413 1551 572 1582 luntatem
612 1551 712 1591 pluris
750 1561 819 1582 esse
853 1562 950 1591 quam
980 1553 1087 1583 omnia
1118 1552 1173 1583 illa
1204 1553 1383 1584 faciendam

411 1603 569 1626 sciamus:

412 1687 546 1719 tumque
578 1679 733 1710 honorem
757 1679 838 1720 ipsis
861 1680 1082 1720 exhibeamus,
1114 1681 1266 1721 quamdiu
1291 1682 1381 1714 Deus

412 1723 601 1762 superstites
615 1722 687 1752 illos
710 1732 780 1753 esse
801 1722 949 1754 voluerit.
975 1723 1063 1755 Hinc
1088 1732 1255 1763 praeterea
1279 1724 1381 1756 disca-

412 1776 493 1802 mus,
516 1765 586 1796 Deo
606 1765 679 1796 licet
699 1764 840 1805 aliquam
865 1765 899 1796 in
923 1766 1031 1798 hostes
1055 1772 1249 1806 potestatem
1273 1777 1383 1799 conce-

413 1808 525 1846 dente,
568 1813 674 1838 tamen
705 1818 822 1840 manus
857 1809 1023 1840 continere
1057 1819 1098 1840 ne
1132 1809 1206 1849 quid
1243 1811 1382 1850 amplius

412 1861 509 1891 quam
523 1850 608 1891 quod
623 1851 867 1891 praescripserit
880 1851 969 1883 Deus
981 1851 1227 1893 aggrediantur:
1244 1853 1381 1885 Davidis

412 1894 598 1934 exemplum
622 1894 748 1930 imitati,
769 1894 822 1934 qui
847 1893 922 1925 licet
941 1894 1003 1925 Dei
1027 1895 1296 1935 promissionibus
1319 1897 1381 1927 fre-

413 1944 465 1968 tus
490 1937 580 1977 regni
605 1946 755 1967 coronam
780 1936 841 1968 sibi
865 1936 1005 1968 debitam
1028 1944 1240 1978 exspectaret,
1272 1944 1381 1970 tamen

413 1980 567 2011 festinare
588 1979 700 2016 noluit,
732 1990 836 2020 neque
862 1979 1002 2011 oblatam
1027 1980 1181 2012 caedendi
1203 1981 1306 2013 hostis
1329 1992 1381 2013 oc—

413 2023 575 2054 casionem
600 2022 752 2062 arripere,
777 2022 863 2063 quod
888 2023 1034 2054 nondum
1058 2023 1229 2056 advenisse
1253 2029 1382 2064 tempus

413 2077 431 2097 a
461 2065 530 2096 Deo
570 2066 782 2096 constitutum
816 2066 971 2097 senserit:
1009 2065 1064 2097 sed
1095 2067 1202 2107 potius
1234 2069 1382 2107 privatus

414 2109 523 2140 vivere
561 2119 722 2148 parvoque
756 2119 826 2139 esse
858 2113 1028 2140 contentus
1059 2109 1188 2145 maluit,
1227 2111 1382 2150 tantisper

414 2151 488 2182 dum
512 2151 579 2191 ipsc
607 2150 695 2182 Deus
719 2161 799 2191 opus
823 2162 915 2182 suun]
941 2158 1154 2192 promoveret.
1192 2152 1260 2184 Nos
1284 2153 1383 2193 igitur

415 2194 494 2225 nihil
522 2202 643 2225 temere
667 2194 889 2234 suscipiamus,
920 2194 976 2226 sed
999 2195 1108 2226 omnia
1131 2195 1214 2226 facta
1238 2195 1278 2226 ad
1303 2195 1383 2226 divi·
1408 2211 1409 2215 =

414 2247 489 2268 nam
521 2237 676 2267 amussim
707 2237 891 2277 exigamus:
926 2243 958 2269 et
982 2248 1023 2269 ne
1046 2237 1147 2269 latum
1171 2238 1300 2278 quidem
1323 2250 1382 2269 un-

415 2290 509 2319 guem
535 2290 788 2319 promoveamus,
814 2280 877 2310 nisi
900 2286 1058 2321 quantum
1072 2281 1160 2313 Deus
1179 2281 1382 2321 concesserit,

415 2323 468 2363 qui
483 2328 628 2362 tempore
642 2329 822 2363 opportuno
846 2328 877 2353 et
901 2323 1067 2354 commodo
1092 2334 1149 2355 nos
1166 2323 1211 2355 ad
1235 2329 1382 2364 optatum

415 2367 512 2397 finem
543 2365 715 2405 perzducet
747 2365 841 2396 modo
874 2366 973 2406 ipsius
996 2377 1030 2397 ο5
1054 2377 1181 2406 semper
1204 2367 1381 2408 interroge-

415 2420 496 2446 mus,
520 2415 550 2438 et
565 2407 738 2448 diligenter
762 2407 845 2448 quod
870 2409 953 2440 facto
977 2410 1038 2441 erit
1061 2420 1142 2450 opus
1165 2410 1379 2450 inquiramus:

416 2458 511 2491 atquc
535 2450 589 2481 ubi
614 2451 739 2490 quietos
763 2461 832 2482 esse
856 2452 994 2491 iusserit,
1024 2463 1063 2484 ne
1088 2453 1173 2483 ultra
1196 2452 1379 2493 progredia-

416 2505 497 2524 mur.
523 2493 664 2532 Quinam
679 2493 709 2524 id
731 2504 807 2525 vero
830 2495 1094 2534 praestiterimus,
1119 2496 1179 2527 nisi
1203 2495 1379 2527 affectioni-

415 2536 476 2568 bus
503 2536 651 2567 omnibus
684 2537 800 2567 nostris
828 2536 1040 2575 dominemur
1071 2544 1101 2569 et
1131 2549 1168 2570 ea
1198 2538 1381 2570 constantia

415 2584 446 2610 ct
460 2578 650 2610 fortitudine
675 2580 861 2610 muniz-imur
885 2591 946 2619 qua
970 2582 1113 2620 p‹rferre
1126 2581 1255 2630 qui-dvis
1278 2580 1381 2621 parati

416 2622 516 2653 simus
539 2621 624 2662 quod
646 2622 805 2653 Dominus
829 2624 1025 2663 imposuerit
1050 2635 1153 2664 neque
1177 2625 1382 2664 impatienter

416 2666 557 2696 feramus
571 2665 805 2696 diuturniorem
828 2667 927 2697 nostri
948 2677 1004 2707 per
1029 2667 1134 2698 varios
1157 2677 1250 2699 casus
1272 2666 1381 2707 explo-

1147 910 1270 941 Fuerat
1297 911 1382 942 enim
1408 932 1410 934 -

606 1604 641 1625 ae
676 1593 811 1633 proinde
846 1605 904 1625 nos
938 1594 1002 1626 illis
1038 1595 1122 1626 ultro
1153 1593 1409 1627 submittamus³

411 1648 492 1678 quos
507 1636 597 1668 Deus
620 1647 714 1676 reges
737 1641 794 1667 aut
817 1637 964 1669 dominos
990 1637 1080 1669 nobis
1104 1639 1267 1678 praefecit,
1292 1638 1381 1670 debi-
1407 1642 1408 1646 ’

1236 215 1438 247 HOMILIA
1462 215 1585 247 XCIV.

2347 218 2409 250 533

1440 310 1606 341 rationem.
1659 309 1708 340 Ea
1737 310 1821 340 enim
1852 316 1900 340 est
1930 310 2107 349 patientiae
2141 316 2171 342 ct
2207 312 2408 343 constantiae

1439 353 1487 384 vis
1519 359 1553 383 ut
1584 362 1749 391 nunquam
1780 352 1950 390 obruatur,
1982 358 2012 384 et
2045 363 2211 393 nunqnam
2242 353 2408 386 offerendo

1438 395 1595 428 sacrificia
1620 394 1802 426 ol›‹lie11tiae
1827 394 2031 433 defatigetur.
2057 394 2111 427 Sic
2133 395 2293 427 Davidem
2320 395 2408 428 vide-

1438 449 1510 470 mus
1545 438 1760 469 abstinentem
1792 436 1902 470 Saulis
1937 448 2022 476 nece,
2057 439 2126 469 suis
2161 439 2331 471 affectibus
2362 440 2407 472 sic

1437 481 1650 515 moderatum.
1676 488 1707 510 ut
1730 481 1762 511 in
1787 481 1910 511 ratione
1934 491 1989 512 eos
2012 481 2162 522 coegerit.
2187 481 2296 513 Homo
2321 482 2408 514 enim

1437 530 1520 556 crat:
1545 536 1580 556 ac
1604 523 1736 564 proinde
1760 524 1892 554 minime
1916 523 2049 554 dubium
2074 524 2151 564 quin
2175 524 2245 564 ipsa
2268 535 2328 556 sua
2351 535 2408 556 na-

1437 574 1510 599 tura
1539 576 1572 598 et
1602 566 1732 607 proprio
1757 572 1855 602 motu,
1886 566 1959 598 licet
1984 566 2038 597 alii
2062 577 2124 598 non
2149 567 2327 599 adfuissent
2349 568 2408 599 im-

1438 611 1582 651 pulsores
1613 616 1643 640 et
1674 609 1762 649 quasi
1785 608 1914 640 flabella
1937 608 2054 649 caedis,
2087 608 2196 641 Saulis
2220 621 2331 642 necem
2355 621 2408 642 ex-

1437 653 1603 693 petiverit:
1627 651 1682 683 sed
1703 652 1845 684 luctatur
1869 651 2025 683 adversus
2048 653 2142 683 istam
2167 653 2407 694 cogitationem,

1437 703 1467 727 et
1494 695 1624 726 tandem
1657 694 1819 726 eluctatur
1850 705 1868 725 ιι
1893 695 1953 726 Dei
1985 694 2152 727 voluntate
2176 701 2264 727 totus
2287 695 2408 737 depen-

1437 739 1524 770 dens.
1548 738 1615 769 Nos
1634 737 1741 778 itaque
1762 738 1906 768 norimus
1929 748 2056 778 semper
2080 749 2116 769 eo
2140 738 2346 777 deventuros,
2370 743 2408 770 ut

1437 794 1454 812 a
1468 781 1587 812 nostris
1601 781 1803 821 passionibus
1823 781 1967 820 superati
1988 780 2110 821 aliquid
2130 787 2242 812 contra
2260 781 2405 813 officium

1436 824 1601 862 faciamus,
1631 823 1694 855 nisi
1727 823 1884 855 violentas
1909 823 2047 854 nimium
2070 824 2239 864 passiones
2261 830 2407 856 coercea-

1436 878 1518 898 mus.
1555 865 1642 898 Sane
1666 866 1698 897 id
1721 867 1791 898 sine
1814 866 1900 897 lucta
1924 867 2064 907 quadam
2089 871 2119 897 et
2143 867 2243 898 animi
2266 867 2408 908 aegritu-

1437 910 1512 941 dine
1543 909 1614 939 fieri
1645 920 1708 940 non
1738 920 1831 950 pesse
1855 909 1974 941 fateor:
2007 909 2062 940 sed
2086 910 2113 941 si
2132 910 2256 941 exitum
2281 915 2407 951 specta-

1436 953 1582 984 verimus
1612 962 1685 983 eum
1716 962 1843 984 summa
1868 952 2020 984 felicitate
2043 953 2263 990 coniunctum,
2295 951 2408 993 procul

1437 996 1593 1026 facessere
1622 1004 1751 1026 omnem
1777 995 1953 1026 molestiam
1978 995 2142 1036 animique
2167 995 2407 1036 aegritudinem

1437 1038 1635 1074 iubebimus,
1667 1037 1798 1078 Deoque
1828 1038 2046 1069 voluntarium
2074 1039 2268 1070 sacrificium
2292 1038 2408 1070 offere·

1437 1092 1525 1121 mus,
1565 1085 1597 1111 ct
1625 1090 1818 1121 quocunque
1848 1081 2013 1113 vocaverit
2044 1091 2219 1121 sequamur
2251 1081 2407 1113 volentes.

1437 1123 1665 1163 Quamobrem,
1696 1124 1759 1154 nisi
1778 1129 1871 1155 extra
1896 1124 2073 1156 vocationis
2097 1124 2254 1156 terminos
2277 1123 2408 1156 exsilire

1438 1167 1586 1198 volumus
1610 1165 1771 1205 patienter
1794 1166 1936 1198 feramus
1959 1167 2074 1207 quibus
2099 1178 2116 1197 a
2131 1167 2271 1198 Domino
2295 1167 2408 1208 explo-

1436 1220 1548 1241 ramur
1576 1208 1785 1240 afflictiones:
1817 1219 1922 1249 neque
1946 1220 2022 1240 vcro
2047 1209 2132 1241 diem
2157 1220 2258 1241 unum
2283 1214 2339 1241 aut
2354 1209 2408 1241 *al-

1436 1259 1542 1283 terum
1573 1251 1766 1282 toleremus:
1796 1252 1851 1282 sed
1877 1252 1951 1283 licet
1974 1251 2082 1284 exitus
2106 1252 2217 1284 nullus
2241 1257 2406 1293 appareat,

1436 1295 1648 1326 nihilominus
1673 1294 1834 1334 patienter
1857 1294 2035 1326 Dominum
2060 1295 2305 1336 praestolemur.
2337 1294 2406 1327 Da-

1436 1337 1543 1369 videm
1574 1343 1698 1368 certum
1730 1343 1778 1368 est
1808 1337 1889 1368 alios
1913 1336 2022 1370 Saulis
2053 1338 2086 1369 in
2117 1343 2283 1378 posterum
2306 1348 2407 1370 novos

1435 1386 1570 1413 conatus
1599 1385 1631 1411 ct
1661 1380 1802 1412 insultus
1826 1381 1988 1420 metuisse,
2020 1380 2291 1421 quemadmodum
2315 1380 2406 1413 dein-

1408 1435 1409 1463 ᾗ
1434 1435 1510 1464 ceps
1540 1423 1633 1454 illum
1664 1424 1768 1463 patria
1799 1428 1961 1454 extorrem
1993 1424 2174 1455 videbimus
2205 1425 2238 1455 in
2261 1423 2405 1456 hostium

1435 1474 1556 1498 terram
1570 1466 1758 1507 profugisse.
1784 1465 1849 1497 Sed
1864 1466 2076 1498 nihilominus
2090 1472 2199 1498 tamen
2219 1471 2407 1499 constanter

1435 1511 1497 1542 ista
1510 1509 1714 1547 sustinuisse,
1738 1513 1770 1540 et
1784 1508 1944 1541 inoffenso
1964 1509 2054 1550 pede,
2079 1509 2154 1540 licet
2173 1509 2277 1540 multa
2299 1510 2406 1550 ipsum

1436 1551 1634 1585 incommoda
1657 1552 1879 1590 sollicitarent,
1903 1553 1936 1583 in
1961 1563 2036 1584 vero
2057 1552 2119 1583 Dei
2142 1552 2231 1584 cultu
2255 1562 2407 1593 perman·

1435 1596 1525 1627 sisse.
1559 1594 1635 1626 Sola
1659 1595 1760 1635 igitur
1783 1594 1972 1626 moderandi
1997 1595 2133 1627 affectus
2156 1596 2238 1627 ratio
2261 1600 2320 1634 est,
2345 1595 2406 1627 Dei

1435 1639 1594 1671 voluntati
1609 1648 1732 1669 morem
1757 1648 1878 1678 gerere,
1903 1645 1934 1669 et
1957 1649 2015 1669 nos
2042 1638 2145 1678 ipsius
2170 1637 2407 1670 misericordiae

1435 1687 1521 1713 tutos
1551 1681 1748 1721 permittere,
1779 1686 1810 1712 et
1838 1681 1877 1712 ab
1901 1681 2002 1721 ipsius
2025 1681 2157 1712 arbitrio
2182 1680 2323 1722 pendere
2346 1691 2406 1713 uos

1407 1735 1409 1738 ·
1434 1731 1465 1757 et
1489 1725 1521 1755 in
1547 1725 1614 1755 vita
1637 1729 1668 1755 et
1691 1724 1724 1755 in
1750 1730 1852 1755 morte
1878 1724 1980 1764 ipsius
2003 1734 2073 1755 esse
2095 1724 2251 1764 persuasi.

1520 1767 1622 1798 Porro
1648 1766 1756 1798 David
1788 1767 1969 1798 iuramento
2003 1768 2101 1798 etiam
2132 1777 2201 1798 rem
2224 1766 2406 1804 confirmat,

1435 1817 1502 1841 tum
1535 1816 1571 1841 ut
1600 1810 1768 1841 ardentem
1793 1810 1905 1841 Abisai
1936 1810 2101 1847 retineret,
2133 1814 2202 1841 tum
2233 1814 2270 1841 ut
2292 1819 2405 1842 omues

1435 1853 1473 1885 de
1496 1864 1553 1884 sua
1575 1853 1609 1884 iu
1636 1852 1768 1884 Saulem
1792 1853 1963 1885 voluntate
1985 1853 2139 1884 certiores
2161 1853 2289 1884 faceret„
2320 1852 2406 1884 Nam

1434 1897 1460 1927 si
1476 1897 1571 1927 verbo
1585 1901 1710 1927 tantum
1731 1896 1892 1927 abstinere
1912 1906 1929 1926 a
1950 1896 2104 1927 violentia
2127 1895 2284 1934 iussisset,
2309 1899 2407 1936 prout

1435 1941 1468 1970 in
1499 1939 1590 1970 bellis
1621 1939 1729 1969 fervor
1761 1939 1907 1970 homines
1931 1938 2078 1980 impellit,
2109 1939 2252 1979 quinon
2276 1948 2406 1979 semper

1434 1993 1507 2013 eum
1532 1982 1656 2012 ratione
1680 1981 1756 2021 quid
1780 1981 1824 2012 sit
1846 1981 2007 2019 agendum
2032 1981 2222 2019 deliberant,
2247 1981 2406 2021 potuisset

1435 2025 1547 2056 Abisai
1578 2025 1610 2055 in
1641 2029 1734 2056 aestu
1763 2024 1948 2056 iracundiae
1981 2024 2114 2056 Saulem
2145 2024 2335 2063 confodere,
2372 2027 2406 2055 et

1435 2068 1479 2098 ita
1510 2067 1672 2099 Davidem
1702 2067 1735 2098 in
1768 2066 1877 2098 odium
1909 2067 2086 2099 multorum
2117 2078 2243 2099 vocare.
2297 2065 2405 2100 David

1435 2111 1534 2151 igitur
1570 2110 1630 2141 hoc
1667 2109 1892 2142 iureiurando:
1928 2110 2085 2143 Dominus
2113 2110 2207 2148 vivit,
2237 2109 2404 2141 hominem

1435 2159 1590 2193 tanquam
1608 2153 1724 2185 iniecto
1741 2153 1853 2184 fraeno
1872 2153 2084 2193 compescuit:
2109 2158 2145 2184 ut
2168 2163 2241 2184 eum
2263 2153 2404 2184 sciamus

1436 2207 1499 2227 non
1531 2202 1652 2227 temere
1677 2196 1737 2227 Dei
1762 2207 1880 2227 nomen
1905 2195 2105 2231 assumsisse,
2132 2195 2187 2228 sed
2212 2194 2404 2227 necessitate

1435 2244 1591 2270 eoactum.
1629 2238 1749 2270 Coram
1772 2239 1922 2270 omnibus
1945 2239 2046 2279 igitur
2070 2238 2174 2270 voluit
2197 2248 2290 2270 suam
2309 2238 2404 2269 inno—

1435 2282 1574 2312 centiam
1602 2281 1747 2321 probare,
1779 2292 1936 2322 suamque
1967 2292 2044 2322 erga
2075 2280 2208 2313 Saulem
2237 2281 2403 2323 egregiam

1436 2324 1635 2355 voluntatem
1656 2330 1687 2355 et
1711 2323 1806 2356 fidem
1832 2324 2007 2361 testificari,
2032 2324 2115 2364 quod
2139 2323 2263 2356 hostem
2286 2325 2320 2355 in
2344 2333 2403 2355 sue.

1435 2374 1592 2407 potestate
1617 2367 1758 2407 positum
1783 2368 1943 2408 attingere
1967 2367 2116 2398 noluerit.
2142 2367 2231 2399 Hinc
2253 2367 2403 2399 observe-

1435 2420 1516 2445 mus,
1541 2409 1718 2441 Dominum
1742 2411 1928 2450 permittere
1953 2409 2043 2441 nobis
2067 2410 2206 2442 nominis
2229 2410 2278 2442 sui
2303 2408 2402 2441 advo-

1434 2453 1602 2489 cationem,
1629 2464 1728 2492 quum
1753 2452 1916 2484 difficilius
1940 2452 2125 2485 hominibus
2149 2451 2233 2494 quod
2256 2453 2402 2493 cupimus

1434 2495 1674 2536 persuademus.
1699 2497 1807 2536 Atque
1828 2496 1879 2527 liic
1903 2496 2102 2537 permittitur
2127 2496 2217 2527 nobis
2239 2496 2402 2527 iuramen-

1435 2547 1541 2569 torum
1573 2548 1662 2575 usus,
1692 2549 1791 2579 quum
1824 2538 1873 2570 vel
1905 2540 1936 2570 in
1964 2538 2068 2570 officio
2091 2539 2231 2570 retinere
2254 2538 2402 2570 homines

1435 2581 1596 2617 volumus,
1622 2581 1673 2612 vel
1699 2581 1818 2621 aliquid
1842 2581 1977 2622 probare
2001 2581 2083 2622 quod
2109 2587 2235 2622 oportet
2258 2581 2400 2622 agnosci.

1435 2623 1490 2655 Sic
1517 2623 1603 2654 Deus
1635 2624 1724 2656 nobis
1755 2635 1872 2656 nomen
1902 2635 1997 2656 suum
2020 2631 2056 2655 ut
2078 2625 2124 2656 ita
2146 2625 2250 2657 dicam
2272 2632 2402 2656 mutua-

1435 2672 1488 2697 tur
1509 2665 1547 2696 ad
1572 2676 1662 2697 suam
1687 2667 1833 2708 gloriam.
