2551 3044
210 194 269 226 109

209 289 240 320 in
264 288 390 329 aliquod
415 290 529 320 vitium
561 297 746 330 arguantur,
775 289 863 321 mille
893 289 1014 321 artibus
1037 300 1070 321 se
1104 300 1160 321 ex-

209 342 321 363 cusare
360 333 576 364 conabuntur:
617 343 680 364 non
721 332 848 373 quidem
883 333 972 373 quasi
1008 332 1161 363 adversus

210 374 315 405 Deum
336 375 554 417 insurrecturi,
576 376 630 406 sed
650 375 841 412 hominibus,
861 376 886 407 si
904 376 1033 415 possint,
1053 375 1161 406 fucum

210 417 332 448 facturi.
381 417 443 448 Sed
468 419 494 448 si
525 419 628 449 acrius
657 424 842 459 urgeantur,
875 422 910 449 ut
938 418 1041 449 omnis
1064 427 1161 448 excu-

210 461 289 490 satio
318 460 394 499 ipsis
425 460 586 491 adimatur
615 465 648 492 et
675 461 766 493 fucus
797 460 939 500 tollatur,
974 467 1041 491 tum
1073 460 1161 491 virus

209 511 297 533 suam
322 502 479 533 occultum
504 502 652 542 produnt,
681 508 714 534 et
736 503 837 535 veluti
861 503 967 534 surore
992 502 1103 543 perciti
1127 502 1160 532 in

210 543 314 575 Deum
338 545 440 584 ipsum
473 546 715 583 exacerbantur,
745 552 776 577 et
805 546 912 576 omnia
943 545 1078 585 querelis
1103 546 1160 575 im-

209 587 297 626 plent
322 587 516 618 istiusmodi:
548 587 680 619 Nihilne
703 598 780 630 ergo
803 587 1013 619 tolerabitur?
1045 587 1161 618 Nonne

210 628 298 660 Deus
322 630 387 668 ipse
412 631 573 670 praecepit
596 636 632 662 ut
654 631 707 662 alii
731 631 809 662 alios
833 629 1028 661 toleremus?
1073 629 1159 668 Quid

209 680 285 712 ergo
308 673 485 711 premimur
518 673 608 704 nobis
639 680 702 704 tam
735 673 894 704 horrenda
924 672 985 704 Dei
1019 672 1161 703 vindicta

209 714 392 754 proposita?
439 718 489 746 An
522 715 599 747 haee
628 717 708 747 ratio
739 723 788 747 est
818 716 962 747 homines
991 714 1030 745 ad
1053 713 1160 745 Deum

209 756 395 795 adducendi,
415 768 450 789 ac
471 767 533 789 non
554 758 660 798 potius
680 759 711 789 in
731 758 983 798 desperationem
1003 756 1159 788 vocandi?

208 798 332 830 Infirmi
353 810 473 837 sumus,
497 805 529 831 et
551 801 628 841 quid
646 801 741 832 homo
761 802 810 837 sit,
835 811 927 831 nemo
947 800 1055 831 nescit.
1091 799 1160 830 Nae

208 842 233 873 si
259 841 347 873 Deus
370 842 403 872 in
428 843 593 874 hominum
616 843 698 875 facta
721 843 896 874 secundum
920 853 995 874 suae
1018 843 1159 873 iustitiae

209 885 412 915 severitatem
438 886 625 924 intueretur,
649 887 743 917 morti
767 893 915 917 aeternae
938 895 1048 916 omnes
1071 884 1158 915 addi-

208 937 362 959 ceremur.
397 928 441 958 At
464 938 527 958 non
551 933 616 959 tam
640 929 776 960 crudelis
796 929 893 966 Deus,
915 938 1007 968 quam
1033 927 1071 958 ab
1089 927 1160 958 istis
1184 933 1186 949 ³

394 969 517 1001 Verum
547 971 710 1002 enimvero
743 972 851 1002 venire
883 971 1011 1002 deberet
1040 969 1104 1000 illis
1126 969 1159 999 in
1184 999 1185 1008 ,

208 1016 358 1047 mentem,
382 1023 479 1052 quum
504 1013 603 1044 verba
626 1013 682 1044 filii
698 1014 757 1044 Dei
782 1019 950 1053 usurpant,
973 1012 1085 1052 quibus
1100 1012 1159 1042 Dei
1184 1009 1186 1036 i

208 969 349 1009 fingitur.

208 1055 377 1086 elementia
410 1055 666 1092 commendatur,
706 1056 813 1087 Deum
847 1057 990 1087 infirmos
1023 1055 1160 1086 tolerare

208 1107 270 1134 eos,
304 1097 357 1137 qui
382 1097 442 1128 Dei
465 1097 591 1129 iudiciis
621 1099 749 1129 attoniti
773 1105 804 1129 et
827 1098 919 1129 corde
942 1098 1069 1130 contriti
1092 1107 1159 1128 me-

209 1146 302 1170 tuunt
336 1140 403 1170 eius
436 1141 557 1180 minas,
592 1151 670 1180 quos
704 1141 787 1172 idem
822 1142 889 1181 ipse
929 1140 1089 1171 sublevat:
1129 1146 1161 1170 et

207 1188 319 1212 contra
342 1192 409 1213 sese
432 1183 609 1218 efferentes,
642 1190 673 1214 et
703 1185 807 1224 capita
829 1184 863 1214 in
887 1184 986 1214 altum
1009 1183 1159 1213 tollentes

207 1224 393 1264 deprimere,
425 1231 459 1255 ut
489 1225 644 1256 adversus
667 1226 773 1257 Deum
802 1226 1007 1267 insurgentes
1041 1226 1159 1256 maiore

206 1277 278 1298 cum
309 1268 407 1298 exitio
442 1267 667 1306 deturbentur,
702 1277 733 1300 et
766 1269 1018 1309 confringantur.
1072 1268 1158 1298 Deus

206 1310 291 1340 enim
315 1316 363 1340 est
387 1310 521 1341 nimium
546 1311 625 1342 dura
650 1322 757 1351 rupes:
790 1317 864 1342 ante
894 1311 983 1343 cuius
1006 1320 1157 1350 conspee-

207 1358 273 1382 tum
297 1352 357 1391 ipsi
382 1358 506 1383 montes
536 1354 639 1384 instar
671 1355 754 1385 nivis
783 1354 1029 1394 colliquescunt:
1059 1363 1159 1393 quare

206 1394 280 1425 licet
302 1395 378 1425 totis
404 1396 523 1426 viribus
547 1396 691 1427 homines
723 1397 875 1428 adversus
899 1406 972 1427 eum
995 1396 1158 1435 conspira-

206 1437 278 1474 rint,
312 1438 386 1477 quid
421 1438 507 1469 aliud
541 1439 572 1469 in
608 1439 706 1478 ipsius
741 1445 911 1479 conspectu
941 1438 1039 1469 futuri
1073 1444 1158 1477 sunt,

205 1490 300 1520 quam
324 1490 425 1520 aquae
448 1486 540 1522 gutta
563 1481 601 1511 ad
626 1492 778 1522 magnum
799 1480 1003 1513 incendium?
1035 1480 1157 1519 Quam-

205 1523 313 1554 obrem
337 1524 389 1563 qui
414 1523 452 1554 de
475 1525 611 1563 peccatis
636 1525 832 1564 reprehensi,
857 1523 894 1555 de
917 1525 1086 1554 severitate
1110 1524 1157 1553 ni-

206 1565 269 1596 mia
291 1573 541 1606 conqueruntur,
566 1568 669 1606 potius
688 1578 781 1607 quam
802 1574 931 1607 peccata
949 1572 1158 1607 agnoscentes
1184 1582 1185 1589 κ

205 1618 274 1639 sese
297 1618 404 1639 coram
428 1609 496 1639 Deo
520 1610 622 1649 magis
645 1620 680 1641 ae
703 1610 804 1650 magis
828 1609 977 1640 deiiciant
1000 1614 1031 1639 et
1054 1608 1157 1639 humi-

206 1650 294 1689 lient,
323 1656 354 1682 et
385 1651 511 1683 veniam
544 1651 771 1692 deprecentur:
807 1652 881 1692 quid
915 1651 1000 1683 aliud
1035 1651 1158 1683 faciunt

205 1703 300 1733 quam
330 1693 414 1734 quod
444 1694 599 1726 adversus
629 1695 735 1726 Deum
767 1705 834 1726 sese
864 1693 1031 1731 obdurant,
1062 1700 1093 1724 et
1123 1705 1157 1725 se

206 1735 294 1766 nulla
318 1737 417 1768 teneri
434 1737 588 1777 religione
607 1738 710 1777 palam
730 1738 931 1778 profitentur,
954 1742 985 1768 et
1003 1737 1157 1768 adversus

204 1789 238 1810 se
260 1779 345 1818 ipsos
366 1779 416 1810 vel
435 1780 531 1811 inviti
551 1781 744 1811 sententiam
764 1782 880 1817 ferunt,
900 1779 1156 1820 quandoquidem

206 1821 290 1861 quod
314 1822 472 1853 occultum
496 1833 564 1854 esse
588 1822 770 1855 hominibus
793 1822 997 1862 arbitrantur,
1020 1822 1089 1853 Deo
1109 1827 1156 1853 est

206 1869 352 1904 apertum
383 1870 415 1896 et
445 1864 629 1896 detectum?
674 1865 878 1906 Quapropter
908 1875 944 1896 eo
974 1865 1077 1906 magis
1101 1865 1157 1896 ob-

207 1907 399 1938 servandum
423 1913 471 1938 est
489 1908 574 1939 istud
588 1908 695 1940 Saulis
719 1908 911 1948 exemplum,
933 1907 1017 1948 quod
1041 1913 1157 1938 natura

205 1949 305 1981 simus
329 1950 367 1981 ad
391 1951 450 1982 hoc
474 1951 586 1982 vitium
611 1951 826 1991 procliviores,
858 1951 955 1982 donec
978 1951 1066 1982 Deus
1088 1950 1156 1990 ipse

207 2002 264 2024 nos
287 1998 398 2024 saneto
421 2003 479 2024 suo
511 1993 626 2033 spiritu
649 1994 822 2025 renovarit.
866 1993 904 2024 In
935 1994 1047 2033 primis
1077 2003 1155 2024 vero

206 2035 384 2067 cavendum
409 2046 604 2076 magnopere
628 2047 667 2067 ne
680 2036 784 2067 Deum
811 2036 907 2067 veluti
929 2036 1019 2067 nobis
1042 2046 1157 2076 aequa-

206 2077 267 2109 lem
297 2078 470 2110 faciamus:
501 2078 554 2110 sed
586 2079 689 2119 potius
720 2078 824 2110 danda
854 2089 956 2119 opera,
987 2085 1021 2109 ut
1049 2088 1156 2110 coram

206 2123 273 2162 ipso
297 2128 404 2152 nostro
428 2121 530 2153 iudice
555 2122 655 2162 magis
686 2132 721 2153 ac
751 2122 853 2162 magis
881 2121 1096 2159 humiliemur,
1125 2127 1156 2152 et

206 2175 263 2196 nos
293 2166 377 2204 ipsos
407 2164 674 2200 condemnemus,
704 2175 764 2204 quo
798 2164 919 2195 facilius
948 2166 1082 2205 gratiam
1117 2165 1155 2195 ab

205 2207 273 2247 ipso
303 2207 527 2246 impetremus:
561 2217 597 2238 ac
633 2208 768 2238 sciamus
803 2216 1007 2247 quaecunque
1037 2207 1156 2247 effugia

207 2250 461 2290 quaesiverimus
492 2249 622 2281 totidem
653 2249 761 2280 foveas
789 2249 855 2280 fore
877 2250 910 2280 in
935 2260 1011 2290 quas
1036 2251 1154 2289 praeci-

206 2291 288 2332 pites
311 2301 452 2323 ruamus.
496 2291 605 2331 Quare
635 2293 661 2323 si
685 2292 840 2323 admoniti
870 2298 907 2323 ut
928 2293 966 2323 ad
991 2292 1154 2323 meliorem

205 2335 329 2375 frugem
354 2340 562 2371 revertamur,
587 2335 675 2365 virus
700 2340 843 2366 nostrum
867 2335 1053 2375 despumare
1077 2335 1155 2366 inci·
1182 2353 1183 2373 1

207 2377 321 2417 pimus,
345 2382 466 2408 certum
491 2383 539 2408 est
562 2378 594 2407 in
619 2387 676 2408 nos
700 2378 784 2417 ipsos
806 2377 939 2409 exitium
958 2378 1155 2409 redundatu-
1182 2413 1183 2419 ἵ

207 2429 287 2451 rum.
323 2419 505 2450 Metuamus
523 2421 629 2460 itaque
651 2425 683 2450 et
695 2420 854 2460 fugiamus
863 2425 989 2452 tantum
1002 2421 1154 2452 exitium:

206 2468 238 2493 et
260 2472 368 2493 coram
393 2461 451 2493 Dei
483 2463 650 2494 maiestate
679 2462 724 2493 sic
747 2462 940 2500 deiiciamur,
971 2469 1008 2494 ut
1030 2464 1155 2494 miseri·
1181 2456 1183 2492 Ϊ

206 2504 346 2536 cordiam
365 2504 582 2536 obtineamus:
602 2515 682 2544 quae
702 2515 826 2545 semper
845 2506 905 2537 erit
923 2513 1044 2546 parata,
1064 2507 1156 2537 modo

207 2557 278 2578 cum
293 2546 376 2577 seria
388 2547 583 2587 poenitentia
603 2553 633 2578 et
651 2551 786 2592 μετανοίᾳ
799 2549 925 2580 veniam
939 2548 1156 2589 deprecemur.

207 2589 377 2622 Caeterum
401 2589 428 2620 si
450 2590 615 2631 contingat
638 2600 691 2621 eos
714 2590 767 2630 qui
786 2591 818 2621 in
837 2591 922 2623 hune
938 2592 1067 2623 modum
1088 2602 1157 2624 sese

206 2632 413 2673 pertinaciter
446 2637 573 2672 gerunt.
607 2632 642 2662 in
676 2642 786 2664 eorum
820 2643 888 2665 esse
927 2645 1060 2666 numero
1100 2635 1155 2674 qui

862 197 909 228 IN
932 196 957 228 1.
982 195 1068 228 121ss.
1092 194 1290 227 SAMUEL.
1315 195 1411 227 CAP.
1436 195 1510 226 XV.

2108 197 2168 228 110

1214 299 1366 330 magnum
1393 299 1470 329 prae
1492 299 1525 320 se
1548 290 1650 321 zelum
1675 291 1789 328 ferunt,
1814 302 1854 323 nc
1876 297 2045 332 propterea
2069 291 2168 321 offen-

1213 332 1336 369 damur,
1360 342 1463 371 neque
1487 331 1662 371 turbemur,
1685 334 1820 365 scientes
1845 335 1907 364 iam
1932 334 2004 365 inde
2024 334 2062 364 ab
2081 334 2166 363 omni

1213 385 1291 405 aevo
1323 374 1408 405 hunc
1438 374 1537 404 fuisse
1568 375 1732 406 hominum
1764 387 1900 407 morem:
1937 377 2083 416 iustoque
2107 376 2167 406 Dei

1213 417 1330 448 iudicio
1355 417 1434 453 fieri,
1459 423 1493 446 ut
1516 417 1569 456 qui
1594 425 1718 456 peccata
1741 426 1854 459 sponte
1878 419 2022 450 confiteri
2043 418 2166 455 nolunt,

1213 460 1257 490 ita
1281 458 1413 500 gravius
1437 459 1469 489 in
1494 470 1527 489 se
1552 459 1700 491 iudicium
1722 468 1894 493 accersant.
1948 462 2017 492 Hae
2037 462 2168 491 fuerunt

1212 502 1312 542 igitur
1341 501 1449 533 Saulis
1481 501 1762 541 tergiversationes
1793 505 1913 539 inanes,
1950 504 2068 544 populi,
2102 514 2166 534 non

1213 555 1315 584 suam,
1346 545 1428 575 hanc
1459 544 1556 574 fuisse
1585 545 1726 585 culpam:
1757 546 1870 577 deinrlc
1894 547 1981 586 quasi
2009 546 2168 576 Samuelis

1215 587 1431 627 ignorantiam
1463 587 1620 626 quandam
1653 588 1912 627 reprehenderet,
1944 589 2024 629 quod
2059 588 2166 628 populi

1213 631 1363 670 pietatem
1395 639 1459 660 non
1492 629 1608 660 intueri
1640 631 1745 668 vellet,
1776 631 1835 661 ait:
1870 632 1918 662 Aa
1945 632 2090 663 victimas
2115 631 2167 661 illa

1213 678 1377 704 reservata
1398 670 1506 707 fuisse,
1531 673 1619 711 quasi
1644 673 1742 703 dicat:
1767 674 1857 704 Tune
1881 674 2098 714 crgoSamm=1
2119 675 2166 703 in-

1213 715 1309 755 digne
1332 715 1414 745 feres
1438 721 1618 745 reservatas
1638 714 1706 745 Deo
1729 716 1896 747 victimas?
1922 716 2069 756 Denique
2088 715 2166 746 Saul

1214 757 1343 788 videtur
1384 757 1435 788 hic
1475 757 1661 797 prophetam
1705 768 1838 798 arguere
1878 759 2095 799 ignorantiae,
2136 764 2168 789 et

1211 802 1391 839 κακοζηλίας,
1417 800 1507 839 quasi
1531 799 1641 838 populi
1667 801 1851 841 religionem
1876 801 2054 842 impediret,
2078 806 2109 832 et
2128 800 2168 831 ab

1213 842 1345 883 agendis
1370 843 1438 873 Deo
1462 843 1575 882 gratiis
1600 850 1768 880 averteret,
1794 844 1924 883 eiusque
1948 843 2083 884 gloriam
2106 844 2166 874 im-

1211 886 1379 916 minueret.
1427 884 1490 916 Sed
1521 884 1629 915 inanis
1658 885 1710 915 ille
1742 887 1801 917 fuit
1824 887 1924 923 fucus,
1955 892 1989 916 ut
2013 887 2164 926 deinceps

1211 928 1402 968 prophetam
1438 927 1605 958 audiemus
1635 927 1697 958 Dei
1732 930 1858 959 nomine
1892 930 2167 969 pronuntiantem,

1212 970 1281 1001 Deo
1305 970 1477 1010 gratiorem
1497 980 1566 1000 esse
1585 970 1794 1001 obedientiam
1815 982 1908 1011 quam
1930 972 2086 1002 victimas.
2116 971 2167 1001 Ita

1212 1023 1288 1054 ergo
1318 1013 1475 1053 propheta
1504 1012 1637 1043 frivolas
1668 1012 1773 1043 Saulis
1804 1015 2026 1045 excusationes
2061 1014 2166 1051 elusit,

1211 1055 1362 1086 Deumne
1403 1065 1477 1086 vero
1511 1054 1663 1085 mortales
1699 1056 1764 1087 suis
1803 1056 1944 1087 inventis
1978 1055 2165 1096 placarent?

1216 1101 1264 1129 An
1280 1098 1384 1129 Deum
1406 1098 1588 1128 hominibus
1607 1098 1727 1134 subiici,
1750 1104 1781 1129 et
1803 1099 1842 1129 ab
1865 1099 2006 1138 ipsorum
2031 1099 2166 1129 arbitrio

1212 1141 1350 1180 pendere
1368 1141 1417 1171 fas
1436 1140 1506 1171 est‘?
1530 1140 1635 1180 Atque
1653 1140 1697 1171 ita
1717 1141 1870 1180 praecidit
1888 1152 1998 1172 ansam
2019 1142 2167 1172 omnibus

1213 1190 1276 1214 tam
1300 1184 1409 1223 populi
1434 1194 1529 1222 quam
1553 1182 1661 1214 Saulis
1692 1185 1959 1214 excusationibus.
2006 1185 2088 1214 Nam
2113 1195 2168 1214 ex-

1211 1236 1356 1267 pressum
1381 1225 1569 1256 mandatum
1593 1225 1673 1257 Saul
1697 1232 1861 1265 acceperat
1885 1226 1922 1256 de
1946 1226 2094 1257 funditus
2115 1237 2168 1257 ex—

1212 1269 1387 1309 stirpandis
1410 1268 1607 1306 Amalecitis,
1640 1276 1671 1298 et
1699 1269 1784 1299 omni
1808 1269 1948 1308 ipsorum
1979 1269 2169 1304 substantia,

1212 1317 1248 1342 ut
1271 1311 1351 1342 nulli
1384 1312 1429 1342 rei
1459 1312 1589 1342 omnino
1619 1318 1771 1351 parceret,
1804 1311 1855 1341 scd
1887 1318 1921 1341 ut
1953 1311 2027 1341 olim
2054 1311 2166 1342 urbem

1212 1354 1299 1385 illam
1323 1354 1570 1385 Hierichuntem
1593 1359 1700 1393 patres
1725 1354 1911 1384 deleverant
1935 1365 1973 1384 ex
2000 1354 2166 1385 interdicti

1212 1397 1358 1433 formula,
1382 1397 1428 1427 ita
1452 1406 1484 1427 se
1507 1396 1561 1427 ille
1584 1397 1736 1427 adversus
1761 1396 1866 1427 hostes
1890 1403 2024 1436 gereret.
2067 1397 2107 1426 Et
2132 1401 2167 1427 ut

1215 1440 1301 1471 Deus
1333 1440 1443 1470 urbem
1474 1439 1561 1469 illam
1593 1440 1667 1469 olim
1698 1439 1784 1469 ferro
1813 1439 2014 1478 flammisque
2044 1439 2167 1469 vastari

1212 1483 1358 1519 iusserat,
1382 1488 1417 1512 ut
1440 1482 1521 1512 nihil
1548 1482 1709 1512 residuum
1733 1492 1771 1512 ex
1796 1493 1831 1512 ea
1855 1482 1960 1512 fieret:
1993 1484 2037 1512 ita
2067 1491 2167 1521 grave

1211 1525 1244 1555 in
1269 1535 1343 1556 eum
1373 1526 1484 1555 statuit
1513 1525 1696 1564 exemplum
1730 1525 1780 1564 qui
1812 1535 1850 1554 ex
1874 1524 2030 1555 Israelitis
2063 1524 2167 1554 fuerat

1212 1568 1460 1608 praevaricatus.
1495 1566 1558 1605 Qui
1583 1567 1666 1597 enim
1691 1578 1729 1597 ex
1749 1566 1950 1598 anathemate
1963 1566 2166 1607 chlamydem

1212 1610 1399 1647 abstulerat,
1431 1616 1464 1641 et
1494 1609 1711 1647 absconderat,
1741 1609 1814 1640 facti
1843 1609 1998 1640 rationem
2034 1608 2167 1639 reddere

1211 1659 1339 1684 coactus
1363 1658 1420 1690 est,
1444 1661 1474 1683 et
1497 1658 1661 1692 praeterea
1686 1652 1773 1682 Deus
1796 1652 1828 1682 in
1853 1652 2038 1682 universum
2064 1661 2166 1691 popu-

1211 1696 1278 1726 lum
1312 1696 1394 1726 iram
1429 1705 1520 1726 suam
1556 1695 1804 1732 demonstravit,
1837 1694 1935 1725 donee
1969 1704 2049 1733 quae
2083 1694 2167 1725 furto

1211 1738 1319 1770 ablata
1341 1738 1471 1769 fuerant
1494 1739 1751 1775 restituerentur,
1775 1737 1903 1777 ignique
1926 1741 2167 1767 cremarentur:

1210 1787 1242 1813 et
1265 1781 1319 1821 qui
1344 1791 1416 1812 reus
1447 1780 1533 1811 illius
1564 1780 1641 1811 furti
1672 1781 1775 1811 fuerat
1806 1789 1877 1810 cum
1907 1779 1974 1810 suis
2004 1778 2167 1810 horrenda

1211 1831 1314 1855 morte
1337 1823 1540 1864 plecteretur.
1577 1823 1697 1853 Eadem
1722 1832 1796 1861 ergo
1819 1827 1887 1852 erat
1909 1821 2165 1852 Amalecitarum

1210 1867 1300 1904 ratio,
1331 1866 1502 1897 adversum
1534 1876 1610 1905 quos
1642 1866 1703 1896 iam
1728 1865 1824 1895 latam
1848 1864 1946 1895 fuisse
1970 1864 2164 1895 sententiam

1209 1909 1462 1949 quadringentos
1486 1915 1560 1939 ante
1584 1918 1685 1939 annos
1715 1908 1860 1947 superius
1890 1906 2038 1945 vidimus,
2070 1916 2164 1946 quam

1182 1942 1184 1963 ³
1209 1952 1304 1983 deleti
1324 1953 1398 1983 sint.
1434 1951 1528 1990 Quod
1549 1961 1623 1991 ergo
1645 1956 1717 1981 ante
1737 1954 1783 1980 tot
1795 1949 1922 1981 saecula
1934 1948 2024 1980 Deus
2046 1948 2167 1980 fecerat

1210 1995 1386 2031 decretum,
1411 1994 1513 2025 voluit
1543 1993 1603 2025 hoc
1635 1998 1775 2033 tempore
1798 2002 1815 2022 a
1839 1991 1937 2022 Saule
1968 1991 2104 2031 impleri,
2136 1996 2168 2021 et

1210 2037 1407 2068 Amalecitas
1431 2036 1574 2067 funditus
1599 2035 1704 2066 deleri.
1741 2034 1776 2066 Si
1799 2035 1869 2073 quis
1894 2044 1969 2064 vero
1993 2034 2045 2064 hie
2069 2043 2169 2073 quae·

1209 2087 1274 2116 rat,
1320 2080 1481 2111 bestiaene
1520 2080 1621 2110 Deum
1664 2077 1889 2113 offendissent,
1934 2076 2166 2116 respondemus

1210 2134 1271 2153 non
1307 2133 1376 2154 esse
1410 2122 1460 2153 hic
1494 2122 1600 2152 locum
1635 2119 1814 2151 istiusmodi
1848 2118 2106 2158 quaestionibus:
2136 2124 2167 2148 et

1209 2166 1287 2196 satis
1310 2165 1482 2195 offendisse
1506 2164 1662 2194 adversus
1686 2173 1765 2202 quos
1789 2162 1851 2192 lata
1875 2161 2034 2192 sententia
2058 2172 2075 2192 a
2099 2161 2165 2192 Do·

1209 2209 1305 2246 mino,
1335 2208 1373 2238 ad
1405 2207 1495 2238 cuius
1527 2206 1644 2237 iudicia
1673 2205 1816 2236 omnium
1840 2214 1873 2234 os
1903 2209 2026 2243 oportet
2050 2204 2166 2240 claudi,

1209 2258 1240 2282 et
1263 2251 1300 2282 ab
1333 2250 1401 2281 eius
1432 2251 1527 2280 unius
1558 2249 1724 2279 voluntate
1756 2246 1902 2287 pendere.
1948 2246 2165 2277 Nihilominus

1209 2299 1314 2324 tamen
1339 2300 1460 2324 certum
1485 2298 1533 2323 est
1553 2290 1683 2322 Saulem
1709 2296 1838 2321 strenue
1862 2289 1958 2320 fuisse
1982 2289 2164 2325 mentitum,

1208 2347 1306 2376 quum
1331 2335 1400 2366 Deo
1425 2335 1573 2366 victimas
1595 2332 1774 2364 offerendas
1797 2336 2008 2371 praetexeret.
2053 2331 2164 2370 Neque

1209 2379 1292 2409 enim
1317 2384 1442 2409 tantum
1467 2377 1588 2417 opimas
1620 2375 1758 2415 pecudes
1792 2374 1843 2404 vel
1874 2384 1913 2404 ex
1937 2374 2088 2414 gregibus
2111 2373 2164 2403 vel

1209 2433 1247 2453 ex
1271 2420 1425 2451 armentis
1450 2425 1640 2454 reservarat,
1663 2417 1717 2448 sed
1742 2417 1894 2456 optimam
1919 2423 1949 2446 et
1973 2416 2164 2456 pretiosissi-

1208 2474 1294 2495 mam
1316 2472 1473 2503 quamque
1498 2460 1740 2501 supellectilem.
1786 2458 1867 2490 Saul
1896 2458 2004 2499 itaque
2027 2458 2165 2498 quodam

1209 2506 1336 2547 quidem
1361 2505 1489 2545 pietatis
1509 2503 1614 2535 studio
1629 2502 1742 2533 ductus
1761 2507 1816 2539 est,
1837 2502 1890 2532 sed
1905 2502 2040 2532 avaritia
2053 2501 2164 2542 mixto,

1209 2556 1243 2580 ut
1271 2549 1336 2579 fere
1367 2547 1471 2578 solent
1502 2545 1696 2586 hypocritae.
1741 2543 1805 2575 Sed
1837 2543 1957 2575 nullius
1991 2544 2053 2575 ista
2087 2549 2164 2574 sunt

1208 2590 1290 2632 apud
1314 2590 1419 2620 Deum
1451 2589 1612 2626 momenti,
1638 2592 1673 2618 ut
1702 2587 1816 2618 merito
1847 2587 1889 2617 sit
1912 2597 1929 2617 a
1954 2585 2093 2617 Domino
2111 2596 2162 2617 re-

1209 2634 1374 2675 probatus:
1409 2630 1492 2671 quod
1516 2640 1612 2671 opera
1635 2636 1744 2660 nostra
1766 2639 1831 2660 non
1862 2628 1924 2659 alia
1959 2629 2081 2659 ratione
2103 2628 2160 2659 ha—
