2551 3044
357 225 420 257 243
1189 225 1392 259 HOMILIA
1416 225 1523 258 LXV.
2275 229 2338 260 244

361 320 519 351 adversus
551 330 663 350 omncs
693 320 835 351 hostium
867 321 1006 361 impetus
1041 321 1164 351 animos
1199 326 1325 352 nostros
1351 343 1353 362 ᾗ

363 363 543 400 confirmat,
567 362 650 402 quod
677 363 782 393 Deum
808 362 963 394 bellorum
987 369 1017 393 ot
1042 363 1240 394 exercituum
1273 363 1326 394 do-

363 406 486 436 minum
511 416 579 436 esse
598 405 748 436 sciamus.
783 404 1000 444 Quamobrem
1022 406 1180 437 discamus
1199 417 1325 437 omnem

363 490 462 521 semel
489 491 520 521 in
547 491 614 521 Deo
639 490 791 521 fiduciam
817 498 960 522 nostram
985 492 1178 523 collocantes
1212 491 1324 522 adver-

363 543 418 564 sus
441 543 647 573 quascunque
672 533 867 565 tentationes
892 534 966 565 forti
991 535 1098 565 animo
1121 542 1242 565 stemus
1267 534 1326 564 im-

363 576 544 616 perterriti:
568 586 603 606 ae
633 576 767 615 proinde
797 577 828 607 in
859 578 995 608 summis
1022 577 1265 608 difficultatibus
1295 582 1327 607 et

363 619 524 659 angustiis
560 619 665 649 Deum
700 619 780 650 satis
816 627 979 659 potentem
1022 630 1250 660 agnose-amne,
1287 619 1326 650 ad

364 672 422 693 nos
445 672 484 692 ex
510 661 660 692 omnibus
680 662 744 692 illis
769 662 968 694 liberandos:
993 663 1085 693 modo
1109 663 1169 702 ipsi
1193 661 1326 703 adytum

365 714 427 735 non
451 703 647 740 claudamus,
671 703 726 735 sed
751 705 858 744 potius
882 705 942 736 fide
967 706 999 736 in
1024 706 1123 745 ipsius
1142 705 1325 745 promissio·

364 757 421 778 nes
445 748 665 786 respiciamus,
690 753 722 777 ct
744 749 880 788 gratiam
906 749 974 779 eius
998 748 1218 779 admittamus.

445 789 516 820 Iam
546 800 618 820 vero
642 790 737 830 agite,
761 793 813 821 etc.

657 961 900 1001 HOMILIA
928 962 1050 1002 LXV.

448 1045 498 1076 48.
522 1045 622 1084 Quum
641 1056 711 1085 erqo
729 1047 919 1077 surrexisset
934 1046 1131 1085 Pleilistacus,
1155 1050 1182 1077 ct
1204 1047 1327 1085 reniret,

364 1090 390 1119 et
410 1089 674 1128 appropinquaret
703 1092 807 1120 contra
830 1088 946 1127 David,
975 1091 1131 1129 festinarit
1154 1089 1271 1126 David,
1302 1093 1329 1121 et

362 1131 498 1162 cucurrit
525 1131 567 1162 ad
593 1142 732 1171 puynam
763 1141 799 1162 ct
829 1132 959 1163 advo-so
991 1132 1164 1164 Phila-caet
1210 1133 1260 1164 49.
1284 1133 1328 1164 Et

363 1174 450 1204 misit
472 1183 601 1204 manum
621 1184 712 1204 suam
732 1175 765 1204 in
782 1184 901 1213 peram.
925 1175 1051 1214 tulitque
1070 1186 1165 1206 unum
1183 1175 1326 1215 lapidem,

363 1219 390 1247 et
410 1216 510 1255 funda
534 1217 609 1254 iecit,
633 1220 659 1246 et
675 1218 830 1256 percussit
856 1217 1061 1248 Plzilislacum
1094 1219 1127 1249 in
1155 1220 1271 1257 fronte:
1301 1221 1327 1250 et

365 1260 482 1298 infixus
510 1261 552 1289 est
587 1260 671 1298 lapis
699 1259 731 1290 in
757 1260 857 1299 fronte
887 1260 963 1295 eius.
987 1263 1012 1291 ct
1030 1261 1136 1292 cecidit
1158 1262 1189 1292 in
1212 1262 1325 1300 faciem

363 1312 453 1333 suam
483 1312 578 1340 super
605 1304 730 1333 terram.
784 1302 834 1333 50.
868 1302 1107 1343 Praecahcitque
1136 1304 1244 1335 David
1272 1305 1325 1336 ad-

361 1354 470 1375 versus
494 1344 699 1376 Pltilistaeum
724 1345 755 1375 in
776 1345 877 1382 fanda
900 1348 926 1376 et
947 1346 1058 1385 lapide,
1085 1356 1326 1386 percussumque

364 1386 572 1418 Pleilistaeum
605 1387 764 1426 interfecit.
814 1388 973 1427 Quumque
999 1389 1139 1428 yladium
1168 1390 1199 1420 iri
1229 1400 1325 1421 manu

363 1440 423 1461 non
464 1429 587 1461 habe-ret
618 1429 741 1469 David,
786 1430 837 1461 51.
873 1430 1023 1467 Cucurrit,
1058 1434 1085 1462 et
1115 1433 1193 1462 stetit
1231 1442 1326 1472 super

364 1471 583 1511 Plzilistaeum,
605 1475 632 1503 et
654 1472 723 1503 tulit
744 1472 887 1512 yladinm
910 1474 986 1511 eius,
1016 1477 1042 1504 et
1071 1475 1178 1505 eduxit
1199 1485 1266 1505 ciem
1288 1475 1324 1506 de

363 1516 478 1556 vayina
502 1525 576 1547 sua.-
599 1519 626 1545 et
644 1516 795 1554 interfecit
813 1525 889 1553 eum,
906 1517 1120 1556 praeciditque
1137 1521 1227 1557 caput
1245 1519 1322 1549 eius.

373 1557 516 1589 Viclentes
542 1561 644 1589 atatem
668 1557 834 1589 Plcilistaci
861 1559 941 1598 quod
969 1562 1109 1590 mortuus
1137 1563 1211 1591 esset
1232 1561 1325 1599 fortis

364 1610 479 1638 eorum,
500 1601 656 1640 fugerunt.
699 1600 750 1631 52.
775 1599 818 1631 Et
848 1605 1060 1642 cmzsuryentes
1089 1603 1150 1633 viri
1174 1603 1277 1635 Israel
1299 1606 1325 1634 et

365 1643 460 1679 Iuda,
483 1643 641 1682 vociferati
663 1646 746 1682 sunt,
777 1645 805 1674 et
829 1645 1007 1683 persequuti
1034 1648 1106 1676 sunt
1128 1645 1323 1685 Philistum&

362 1696 460 1725 usque
488 1686 562 1717 dum
592 1687 729 1717 venirent
757 1686 792 1716 in
821 1686 940 1725 vallem,
975 1690 1002 1718 et
1029 1698 1123 1727 usque
1146 1688 1187 1719 ad
1213 1692 1323 1728 portas

363 1729 523 1759 decaron:
555 1729 782 1767 cecideruntque
815 1729 969 1761 vulnerati
1001 1730 1038 1761 de
1066 1730 1238 1762 Philistiim
1271 1733 1323 1763 via

365 1769 494 1802 Saraim
516 1781 611 1810 usquc
633 1771 675 1802 ad
701 1771 788 1808 Geth,
811 1774 838 1802 et
859 1782 956 1811 usque
977 1773 1019 1803 ad
1031 1773 1183 1804 Accaron.
1218 1774 1268 1805 53.
1282 1775 1323 1805 Et

360 1815 542 1844 revertentes
575 1814 637 1852 filii
665 1813 768 1844 Israel
795 1817 960 1853 postquam
989 1817 1167 1856 persequuti
1201 1817 1324 1855 fuerant

360 1855 560 1893 Philistaeos,
584 1857 765 1888 invaserunt
788 1861 891 1888 castra
914 1867 1029 1889 eorum.
1074 1858 1125 1889 54.
1150 1859 1324 1891 Assumens

361 1903 463 1930 autem
486 1898 593 1930 David
623 1901 716 1939 caput
738 1898 915 1940 Pleizistaei,
943 1901 1045 1932 attulit
1073 1901 1151 1933 illud
1181 1902 1215 1932 m
1238 1903 1324 1934 Iera-

361 1941 476 1973 salem:
512 1952 603 1973 arma
633 1953 703 1974 vero
733 1942 799 1973 cius
827 1943 934 1982 posuit
967 1943 1001 1974 in
1030 1943 1225 1975 tabernaculo
1257 1956 1322 1977 suo.

361 1984 413 2016 55.
437 1984 485 2015 Eo
508 1987 610 2016 autem
633 1987 764 2024 tempore
785 1995 844 2025 quo
865 1986 985 2017 viderat
1008 1985 1088 2018 Saul
1111 1987 1220 2019 David
1243 1998 1321 2028 egfre-

361 2027 492 2058 dientem
520 2030 625 2059 contra
650 2027 864 2064 Philistaeum.
891 2028 936 2060 ait
961 2029 1003 2060 ad
1026 2029 1131 2060 Aboier
1147 2031 1324 2069 principiam

360 2070 508 2101 militiae.-
530 2069 579 2100 De
597 2080 659 2109 qua
671 2071 767 2109 stirpe
778 2070 930 2102 descendit
941 2070 989 2103 liic
1000 2072 1180 2110 adolescens,
1194 2073 1298 2104 Almer
1307 2074 1323 2104 :2

361 2111 513 2151 Dioeitque
525 2112 647 2144 Abncr:
679 2113 761 2144 Vivit
773 2114 880 2144 anima
897 2117 959 2150 tua,
983 2124 1048 2154 rex,
1070 2115 1099 2145 si
1116 2116 1194 2146 novi.
1219 2115 1269 2146 56.
1284 2116 1325 2146 Et

361 2155 408 2185 ait
442 2165 517 2186 rex:
554 2156 710 2196 interroya
744 2158 792 2196 tu,
833 2157 922 2188 cuius
957 2157 1045 2196 filius
1072 2157 1112 2188 sit
1149 2158 1206 2188 iste
1237 2169 1323 2198 puer.

362 2197 412 2228 57.
432 2198 591 2238 Qazmzque
602 2208 765 2238 reqressus
776 2199 975 2237 essetDavid,
983 2209 1130 2239 percusso
1143 2199 1323 2241 Philistum,

361 2240 434 2271 tulit
463 2251 532 2271 cum
561 2240 678 2278 Abizcr,
707 2243 733 2272 ct
760 2241 937 2273 introduxit
964 2252 1067 2274 coram
1096 2242 1202 2282 Saule,
1236 2247 1324 2283 caput

361 2282 528 2314 Philistaei
550 2283 705 2315 habentem
728 2284 763 2315 in
785 2294 898 2316 manu:
920 2285 970 2316 58.
984 2285 1027 2316 Et
1038 2286 1083 2317 ait
1094 2285 1135 2317 ad
1146 2296 1214 2317 cum
1228 2286 1324 2317 Saul:
1348 2295 1350 2304 ¹

361 2325 412 2357 Dc
433 2336 494 2364 qua
511 2327 666 2366 progenie,
685 2337 725 2363 es,
753 2336 770 2357 o
793 2327 990 2359 adolescens?
1035 2328 1186 2367 Dixitque
1208 2329 1323 2367 David,

363 2367 471 2399 Filius
493 2370 577 2399 servi
598 2370 644 2400 tui
668 2370 738 2400 Isai
761 2369 978 2402 Bethleemitae
1000 2381 1051 2412 eqo
1073 2381 1150 2402 sum.

449 2453 600 2485 Narratio
624 2454 714 2485 nobis
739 2454 791 2486 hie
814 2457 953 2487 occurrit
975 2455 1126 2488 audaciae
1149 2461 1180 2488 et
1198 2457 1323 2488 fortitu-

362 2495 458 2534 dinis,
493 2503 556 2527 tam
594 2497 761 2528 Philistaei
787 2508 883 2537 quam
919 2499 1070 2536 Davidis,
1105 2510 1145 2531 ex
1179 2501 1323 2540 opposito

362 2538 603 2570 consideranda.
640 2539 704 2571 Sed
716 2540 749 2570 in
763 2541 876 2579 primis
899 2542 1137 2573 observandum
1161 2543 1323 2584 gigantem

361 2580 454 2612 illum
485 2582 674 2613 Goliathum
705 2582 873 2621 audacter,
906 2585 974 2616 suis
1005 2585 1128 2617 viribus
1156 2587 1324 2625 confisum,

363 2633 566 2664 progressum
590 2635 675 2657 esse:
707 2625 865 2657 Davidem
890 2637 966 2658 vero
990 2633 1102 2659 contra
1124 2628 1162 2659 de
1186 2639 1220 2660 se
1243 2629 1323 2660 nihil

363 2676 516 2706 sperasse,
539 2667 595 2699 sed
619 2668 776 2699 auxilium
799 2679 817 2699 a
839 2669 979 2701 Domino
1003 2676 1216 2711 exspectasse.
1252 2671 1321 2704 Nae

1379 320 1533 362 quamdiu
1565 322 1712 354 homines
1740 323 1800 354 sibi
1825 323 1863 354 de
1887 324 1952 354 suis
1977 322 2098 354 viribus
2121 322 2242 363 aliquid
2265 333 2339 364 per-

1379 364 1526 402 suadent,
1568 365 1638 396 fieri
1679 375 1744 396 non
1788 373 1893 406 potest
1938 367 2015 406 quin
2056 365 2178 396 exitum
2217 366 2339 397 luctuo-

1352 406 1353 428 ἶ
1378 418 1450 438 sum
1495 413 1744 448 consequantur.
1810 409 1916 439 Deum
1970 408 2056 439 enim
2115 408 2235 439 honore
2281 418 2338 439 suo

364 448 621 478 incredulitatem
647 455 676 478 et
701 448 924 479 infidelitatem
949 450 1107 489 captivam
1134 448 1260 485 ducere,
1291 456 1326 480 ut
1352 463 1353 466 ¹

1379 450 1534 490 spoliant,
1569 456 1599 481 et
1635 450 1744 482 eodem
1775 451 1835 491 ipsi
1866 451 1996 493 gloriari
2027 451 2170 491 cupiunt.
2228 451 2338 490 Neque

1379 493 1464 523 enim
1489 493 1539 523 vel
1565 493 1728 524 tantillum
1761 495 1852 525 nobis
1883 494 2023 525 tribucre
2051 504 2231 533 possumus.
2263 493 2338 534 quin

1352 535 1448 570 ,Deo
1484 536 1671 566 tantundem
1707 536 1931 568 detrahamus:
1973 537 2056 576 quod
2092 536 2207 567 deinde
2241 535 2338 567 saeri-

1379 578 1498 618 legium
1534 578 1703 609 horrendis
1736 581 1846 619 poenis
1879 588 2003 612 certum
2035 587 2081 610 cst
2111 579 2228 619 puniri.
2277 578 2339 609 Ne-

1379 632 1440 660 que
1463 621 1549 651 enim
1574 621 1742 652 mortalem
1763 629 1943 654 ereaturam
1968 633 2004 653 eo
2028 632 2128 662 usque
2151 622 2258 653 efferri
2282 631 2339 661 par

1380 671 1437 702 est,
1461 668 1495 694 ut
1519 663 1601 704 quod
1620 663 1683 694 Dei
1706 665 1851 705 poprium
1875 673 1923 696 est
1946 665 2005 696 sibi
2029 673 2173 695 assumat
2196 669 2228 695 et
2251 663 2340 694 attri-

1381 706 1472 737 buat:
1497 717 1595 747 quare
1618 707 1758 746 oportuit
1780 708 1873 739 istius
1891 709 2033 748 gigantis
2051 708 2245 748 arrogatiam
2265 717 2339 738 con-

1379 749 1480 780 fundi.
1526 750 1699 780 Caeterum
1730 760 1794 781 non
1821 752 1898 782 satis
1922 757 1968 782 est
1992 750 2019 781 si
2043 750 2188 780 homines
2212 751 2244 780 in
2269 750 2338 780 Deo

1379 792 1552 823 confidant.
1575 792 1630 822 sed
1655 792 1748 824 fidem
1771 793 1914 833 ipsorum
1938 799 2025 824 certo
2049 793 2259 823 fundamento
2278 792 2339 822 niti

1379 840 1513 874 oportet.
1543 835 1640 866 Multi
1663 836 1756 873 enim,
1780 843 1812 867 ut
1837 843 1911 867 ante
1934 836 2009 872 dixi,
2036 836 2095 866 Dei
2119 836 2248 866 nomine
2271 835 2339 876 glo-

1380 878 1514 916 riantur,
1533 877 1587 908 sed
1607 878 1676 908 sine
1695 878 1909 915 fundamento,
1935 879 2085 919 quoniam
2106 878 2165 909 sibi
2185 877 2339 918 quidquid

1381 920 1460 951 libet
1493 920 1697 961 persuadent.
1754 923 1798 952 At.
1833 932 1895 952 non
1930 923 1974 952 ita
2009 928 2129 952 temere
2163 931 2196 951 se
2231 919 2340 951 David

1381 964 1487 1003 gessit,
1518 963 1572 994 sed
1603 974 1675 994 eum
1701 964 1762 995 Dei
1785 965 1918 1004 spiritus
1943 965 2043 995 rexit:
2078 963 2153 994 bine
2180 964 2253 994 illae
2283 962 2339 993 ad-

1381 1016 1495 1037 versus
1519 1006 1731 1037 Pliilistacum
1757 1008 1855 1047 ipsius
1879 1007 1975 1038 vires.
2013 1007 2113 1038 Porro
2137 1017 2236 1046 quum
2260 1006 2338 1036 dici-

1381 1053 1433 1078 tur
1455 1049 1587 1079 fundam
1611 1055 1644 1080 et
1667 1049 1802 1089 lapidem
1821 1051 1990 1090 accepisse,
2015 1056 2147 1089 apparet
2162 1050 2230 1080 Deo
2258 1049 2339 1080 duce

1379 1092 1509 1129 factum,
1543 1093 1595 1131 qui
1630 1092 1719 1123 nulle
1753 1092 1843 1123 illum
1879 1100 1966 1123 metu
2002 1093 2114 1123 teri-cri
2144 1102 2258 1132 passus
2287 1092 2338 1122 sit.

1379 1133 1443 1164 Vix
1469 1135 1553 1164 euin]
1580 1135 1647 1165 fieri
1670 1141 1774 1174 potest
1797 1135 1872 1175 quin
1898 1143 2002 1166 metus
2025 1135 2151 1174 aliquis,
2175 1134 2230 1166 ubi
2249 1144 2340 1175 prae·

1378 1187 1452 1207 sens
1475 1183 1523 1208 est
1542 1178 1654 1209 mortis
1674 1178 1860 1217 periculum,
1885 1178 2046 1209 hominem
2067 1177 2214 1208 invadat:
2239 1187 2338 1218 quum

1377 1229 1472 1259 saepe
1507 1220 1540 1250 in
1576 1221 1764 1251 fortissimos
1792 1231 1933 1261 quosque
1965 1222 2049 1251 viros
2079 1226 2189 1251 tantus
2218 1220 2340 1252 ineidat

1379 1272 1486 1302 pavor,
1519 1268 1553 1293 ut
1586 1273 1690 1303 neque
1713 1265 1843 1303 ratione,
1875 1274 1979 1303 neque
2009 1263 2142 1295 consilio
2173 1270 2337 1304 regantur,

1378 1311 1465 1336 metu
1498 1304 1652 1336 iudicium
1687 1307 1865 1337 adimente:
1899 1306 1984 1346 quod
2015 1306 2168 1336 nimirum
2199 1306 2237 1337 de
2267 1305 2338 1336 Deo

1378 1358 1440 1379 non
1471 1348 1632 1388 cogitent:
1666 1360 1767 1389 neque
1796 1349 1834 1380 ad
1865 1349 1955 1380 illum
1987 1350 2183 1390 confugiant.
2229 1348 2338 1387 Quare

1377 1401 1475 1430 quum
1500 1391 1617 1422 dicitur
1632 1392 1735 1423 David
1760 1391 1897 1432 lapidem
1917 1393 2086 1432 accepisse,
2110 1398 2141 1422 ct
2161 1392 2337 1423 iaculatum

1376 1444 1445 1464 esse
1469 1433 1579 1473 funda,
1602 1444 1831 1475 cognoscamus
1855 1434 1961 1465 Deum
1986 1436 2031 1466 sie
2054 1435 2114 1474 ipsi
2138 1434 2279 1465 adfuisse
2301 1439 2338 1465 ut

1377 1486 1482 1516 neque
1515 1477 1602 1508 vires
1635 1488 1736 1518 neque
1769 1478 1937 1509 consilium
1974 1477 2035 1517 ipsi
2069 1477 2240 1508 defuerint.
2294 1477 2337 1508 Et

1377 1529 1475 1559 quum
1500 1526 1585 1550 recta
1608 1519 1744 1551 frontem
1777 1520 1917 1551 medium
1941 1520 2111 1551 Philistaei
2141 1520 2242 1560 petiit,
2272 1529 2336 1550 non

1377 1561 1508 1593 dubium
1533 1563 1612 1602 quin
1636 1563 1704 1603 ipse
1718 1563 1805 1594 Deus
1828 1563 1925 1594 ictum
1951 1563 2115 1594 direxerit.
2152 1562 2235 1593 Nam
2259 1562 2337 1594 alio-

1376 1605 1430 1644 qui
1461 1605 1547 1636 mille
1578 1607 1735 1646 potuisset
1763 1605 1886 1645 lapides
1917 1606 2057 1643 iaculari,
2088 1605 2137 1636 vel
2168 1605 2336 1644 inutiliter,

1377 1647 1427 1678 vel
1450 1648 1482 1678 in
1507 1648 1587 1679 alias
1616 1650 1757 1688 corporis
1788 1656 1894 1689 partes
1923 1649 2022 1679 armis
2052 1648 2197 1679 tutiores.
2242 1647 2336 1685 Nam,

1377 1695 1413 1721 ut
1435 1690 1588 1727 vidimus,
1618 1691 1792 1723 Goliatbus
1816 1691 1964 1732 prodibat
1987 1691 2026 1722 ad
2051 1691 2209 1732 praelium
2233 1701 2338 1722 arma-

1376 1738 1436 1769 tus,
1459 1734 1528 1764 sola
1553 1734 1631 1765 faeie
1661 1734 1803 1765 detecta:
1833 1740 2029 1774 quapropter
2059 1733 2248 1765 miraculose
2270 1733 2338 1765 Da-

1376 1775 1458 1808 vidis
1480 1787 1612 1807 manum
1637 1787 1655 1808 a
1680 1777 1817 1808 Domino
1842 1777 1909 1816 regi
1933 1777 2085 1816 oportuit,
2118 1782 2154 1808 ut
2183 1781 2337 1816 tanquam

1375 1829 1504 1859 scopum
1538 1819 1618 1859 lapis
1644 1819 1696 1851 ille
1720 1825 1842 1860 peteret
1865 1827 1896 1850 et
1920 1820 2036 1850 feriret.
2081 1820 2150 1850 Nae
2173 1819 2337 1850 fortunam

1375 1861 1426 1893 hic
1449 1862 1570 1893 ethnici
1594 1863 1800 1894 incusabant:
1833 1862 1888 1893 sed
1912 1863 2050 1893 sciamus
2074 1863 2135 1893 ista
2159 1861 2251 1893 nobis
2269 1871 2340 1903 pro-

1375 1905 1451 1944 poni
1475 1910 1510 1936 ut
1536 1904 1597 1936 Dei
1619 1905 1788 1937 consilium
1812 1915 2040 1945 cognoscamus
2071 1904 2110 1935 de
2140 1916 2197 1936 suo
2220 1903 2338 1945 populo

1375 1947 1444 1978 sine
1484 1947 1591 1989 gladio
1630 1954 1686 1979 aut
1719 1948 1789 1979 aliis
1824 1949 1922 1978 armis
1956 1948 2134 1979 istiusmodi
2169 1946 2336 1979 servando.

1375 1990 1547 2021 Caeterum
1572 2001 1672 2030 quum
1687 1990 1819 2023 Goliath
1839 1991 1898 2027 ¹ille
1920 1991 2037 2022 dicitur
2059 1996 2232 2030 antequam
2255 1990 2338 2027 ictus

1376 2034 1578 2064 occumberet
1613 2040 1701 2064 tanta
1733 2034 1916 2072 arrogantia
1950 2033 2141 2074 processisse
2182 2033 2338 2064 adversus

1376 2076 1534 2107 Davidem
1559 2077 1650 2117 quasi
1674 2076 1841 2108 victoriam
1866 2077 1898 2107 in
1915 2086 2011 2107 manu
2025 2075 2167 2116 haberet,
2190 2075 2235 2107 ita
2251 2084 2337 2106 com-

1376 2119 1531 2159 probatur
1553 2119 1754 2159 experientia
1778 2119 1861 2159 quod
1887 2119 1949 2150 alio
1973 2119 2038 2150 loco
2061 2129 2153 2150 sacra
2175 2118 2338 2159 scriptura.

1376 2172 1433 2194 nos
1457 2162 1556 2199 docet,
1586 2162 1647 2193 Dei
1677 2173 1792 2203 nempe
1823 2168 2069 2202 contemptores,
2093 2171 2192 2200 quum
2206 2171 2337 2193 securos

1377 2215 1408 2235 se
1439 2205 1648 2243 arbitrantur,
1687 2210 1717 2236 et
1748 2206 1847 2245 magis
1878 2204 2070 2236 elamoribus
2099 2203 2251 2235 fiduciam
2281 2203 2336 2234 de-

1376 2253 1566 2287 monstrant,
1601 2258 1638 2279 ac
1667 2247 1880 2288 triumphant,
1915 2247 2014 2278 exitio
2045 2252 2153 2277 tamen
2186 2257 2243 2279 suo
2267 2255 2337 2278 esse

1375 2290 1671 2330 propinquissimos,
1695 2297 1726 2322 et
1739 2297 1900 2322 momento
1913 2300 1982 2321 esse
1994 2288 2183 2321 obruendos.
2215 2289 2336 2328 Quem-

1375 2332 1545 2364 admodum
1585 2333 1685 2373 igitur
1723 2340 1954 2373 praegnantem
1998 2332 2165 2363 mulierem
2210 2332 2336 2364 dolores

1376 2382 1485 2414 partus
1508 2376 1737 2417 incogitantem
1762 2376 1938 2408 invadunt:
1962 2375 2006 2406 ita
2031 2376 2085 2406 fiet
2108 2386 2180 2406 cum
2205 2375 2244 2407 iis
2267 2384 2335 2406 om-

1376 2418 1469 2449 nibus
1493 2428 1573 2459 quos
1597 2420 1725 2459 propria
1748 2419 1930 2459 arrogantia
1953 2423 2112 2454 excaecat,
2143 2428 2222 2458 quos
2246 2418 2336 2449 Deus

1376 2467 1505 2501 repente
1530 2461 1662 2500 invadit,
1685 2466 1717 2492 et
1740 2472 1804 2502 quo
1827 2462 1928 2492 maior
1951 2460 2077 2491 illorum
2099 2461 2157 2491 fuit
2176 2460 2336 2492 confiden-

1377 2504 1428 2539 tia,
1459 2515 1494 2535 eo
1517 2504 1648 2544 gravior
1678 2515 1779 2544 poena
1801 2504 1953 2544 sequitur,
1980 2504 2046 2534 Deo
2069 2504 2240 2535 stultitiam
2264 2503 2335 2535 illo-

1376 2556 1446 2576 rum
1481 2552 1700 2587 persequente.
1745 2547 1831 2586 Quid
1867 2547 1952 2577 enim
1981 2547 2111 2578 obsecro
2142 2552 2191 2578 est
2220 2547 2253 2577 in
2283 2545 2335 2577 his

1376 2589 1468 2619 terris
1493 2591 1620 2620 firmum
1645 2595 1676 2620 et
1693 2589 1829 2621 stabile?
1865 2589 1932 2620 Nae
1950 2589 1976 2619 si
1995 2589 2078 2620 serio
2097 2590 2185 2620 vitae
2205 2594 2335 2621 nostrae

1375 2632 1588 2663 conditionem
1612 2631 1858 2669 consideremus,
1888 2636 2010 2662 certum
2034 2637 2083 2663 est
2105 2632 2242 2673 singulis
2265 2641 2334 2663 mo·

1374 2675 1490 2705 mentis
1514 2685 1614 2707 novas
1637 2679 1742 2707 metus
1765 2675 1946 2707 occasiones
1969 2674 2060 2706 nobis
2084 2675 2247 2715 praeberi:
2277 2672 2333 2706 sed
