2551 3044
224 177 283 208 105

222 281 322 302 vanas
352 272 574 303 excusationes
603 277 635 302 et
665 271 782 312 effugia
817 281 1027 313 quaeramus,
1060 270 1175 310 quibus

222 314 303 344 vitia
326 319 434 355 tegere
463 324 552 354 posse
584 324 639 345 nos
669 323 850 354 speremus:
883 314 936 346 sed
968 313 1072 354 potius
1103 322 1175 342 cum

223 357 349 387 silentio
381 367 505 387 reorum
537 357 638 387 instar
661 366 774 388 causac
798 363 927 389 nostrae
951 354 1175 387 determinatio

223 399 446 439 exspectanda.
490 399 601 439 Neque
623 399 708 430 istud
741 400 852 431 acerbe
875 399 1070 438 molesteque
1093 398 1176 428 ferre

224 452 279 473 nos
301 447 434 481 oportet,
465 441 720 481 quandoquidem
751 452 946 483 magnopere
977 441 1014 472 ad
1040 441 1176 472 salutem

222 492 362 515 nostram
387 484 543 515 conducit.
590 484 760 516 Caeterum
783 484 861 516 haee
892 484 964 516 odia
986 489 1017 514 et
1039 482 1175 515 similem

222 537 361 567 pugnam
386 527 561 566 suscipiant
584 536 712 558 necesse
743 532 800 564 est,
829 532 983 568 quotquot
1013 525 1176 566 proximos

222 569 260 600 de
284 571 419 608 peccatis
443 579 578 609 arguere
601 570 784 606 instituunt,
817 575 909 610 prout
932 573 1008 601 sunt
1029 568 1175 599 homines

221 611 386 642 mendacio
409 617 439 641 et
465 611 600 643 vanitati
619 611 735 643 dediti:
760 618 854 652 atque
880 612 957 644 adeo
986 612 1114 643 hebetes
1140 615 1177 641 ut

222 653 320 685 veluti
344 653 498 693 quaedam
522 655 675 695 repagula
699 655 782 687 velle
797 656 863 687 Deo
887 655 1022 686 obiicere
1042 653 1174 685 videan-

221 701 281 733 tur,
305 707 366 736 quo
390 696 532 735 ipsorum
557 703 685 737 peecata
709 699 920 730 occultentur.
956 697 1078 728 Verum
1103 696 1174 735 qui-

220 749 344 778 cunque
369 739 464 770 alium
489 740 725 779 reprehendere
748 742 866 781 cogitat
890 742 922 771 in
938 740 1000 770 Dei
1023 738 1175 770 mandata

220 789 413 821 peccantem,
436 786 561 821 oportet
585 783 726 814 animum
751 783 906 821 obfirmet,
941 793 980 813 ne
1003 780 1175 813 reluctanti

220 823 318 860 cedat,
342 824 397 855 sed
421 825 525 864 potius
547 835 606 865 pro
632 826 716 856 virili
736 831 847 866 pergat
867 831 996 866 peccata
1015 824 1174 865 detegere,

220 872 251 898 et
282 867 464 907 increpare:
499 877 534 899 ae
565 867 676 899 docere
706 868 802 909 longe
832 869 898 899 falli
931 868 1088 908 opinione,
1121 866 1174 906 qui

220 908 326 940 Deum
351 909 425 940 velit
449 910 569 948 fallere,
596 911 686 942 euius
715 912 848 942 verbum
880 917 927 942 est
956 909 1173 941 immutabile:

221 962 256 982 ac
279 951 411 992 proinde
435 953 571 984 nimium
594 953 799 993 impudentes
823 964 902 994 esse,
937 953 989 993 qui
1020 952 1175 983 adversus

219 994 298 1025 illud
322 994 460 1026 audeant
483 1006 682 1036 responsare,
713 997 871 1036 siquidem
893 996 980 1027 illius
1002 994 1175 1026 commodis

220 1042 252 1068 et
274 1037 404 1068 utilitati
426 1038 543 1076 studet,
575 1049 673 1079 quum
703 1038 795 1071 docet
826 1045 1008 1079 peccatores
1037 1037 1096 1068 sub
1118 1046 1174 1076 po-

218 1086 306 1111 tente
329 1090 426 1111 manu
451 1080 585 1112 Domini
608 1081 783 1118 humiliari,
814 1092 909 1121 seque
932 1081 1031 1121 ipsius
1055 1079 1174 1110 tutelae

217 1123 416 1154 submittere.
465 1124 653 1155 Necessaria
683 1135 760 1155 sane
792 1124 936 1156 doctrina
966 1124 1026 1155 ista
1058 1126 1106 1153 cst
1134 1132 1173 1153 ex

219 1165 277 1196 hoc
301 1165 367 1197 loeo
389 1166 539 1205 eruenda,
571 1177 634 1207 quo
660 1166 789 1199 Samuel
814 1168 858 1198 ita
882 1166 1014 1199 Saulem
1036 1164 1173 1204 compel-

219 1208 312 1238 lavit:
346 1208 419 1240 Sine
448 1219 503 1249 me,
535 1212 562 1240 et
583 1210 724 1241 indicabo
747 1210 810 1241 tibi.
856 1210 906 1240 Ex
928 1209 1043 1249 quibus
1066 1207 1172 1238 verbis

217 1251 354 1291 amplius
377 1258 511 1292 apparet
535 1252 681 1283 homines
704 1263 809 1292 neque
828 1263 920 1292 posse
939 1262 1040 1291 neque
1059 1250 1173 1281 debere

218 1293 324 1324 Deum
366 1294 564 1334 loquentem,
605 1300 635 1325 et
669 1295 830 1326 liberrime
864 1296 952 1335 ipsos
985 1298 1172 1334 arguentem

217 1336 381 1375 impedire.
416 1337 459 1368 Et
482 1343 646 1377 praeterea
670 1338 743 1369 licet
761 1348 832 1369 cum
847 1337 917 1369 Deo
939 1335 1172 1373 contenderint,

217 1378 429 1410 nihilominus
453 1386 560 1411 tamen
585 1380 755 1411 adversum
788 1391 821 1411 se
852 1380 1043 1411 sententiam
1070 1378 1172 1409 latum

216 1421 266 1452 iri.
302 1421 521 1462 Conspicuam
545 1423 630 1455 istud
655 1429 703 1455 est
715 1423 831 1454 Adami
851 1428 882 1454 et
895 1423 985 1453 Evae
1004 1425 1170 1462 parentum

215 1470 400 1495 nostrorum
424 1466 589 1506 exemplis,
612 1476 691 1506 quae
715 1466 862 1506 superius
885 1465 995 1496 attuli:
1026 1464 1079 1504 qui
1103 1463 1171 1504 qui-

217 1506 288 1538 dem
312 1517 369 1547 pro
392 1518 449 1539 sua
479 1509 564 1540 virili
594 1520 663 1540 sese
693 1509 851 1540 occultare
883 1507 1085 1544 studuerunt,
1117 1505 1172 1537 sed

216 1549 354 1581 ficulnea
377 1556 505 1582 tantum
528 1551 742 1583 adhibuerunt
766 1551 855 1582 solia:
886 1550 1000 1581 deinde
1029 1549 1109 1580 alter
1138 1549 1172 1579 in

217 1592 355 1624 alterum
367 1594 493 1634 culpam
513 1595 701 1631 reiecerunt,
721 1593 774 1625 sed
798 1594 888 1624 irrito
911 1597 1036 1624 conatu.
1071 1592 1172 1622 Num-

216 1635 292 1675 quid
326 1635 411 1667 enim
445 1643 612 1677 propterea
646 1638 751 1668 minus
795 1636 949 1667 adversus
987 1635 1073 1676 ipsos
1108 1634 1173 1665 lata

215 1679 376 1710 sententia
399 1683 448 1710 est
471 1690 488 1710 a
510 1679 675 1711 Domino?
700 1679 785 1711 Sane
810 1680 859 1709 vir
882 1678 1010 1719 quidem
1034 1678 1065 1708 in
1090 1688 1171 1708 uxo-

215 1731 284 1752 rem
308 1730 434 1753 omnem
458 1722 585 1763 culpam
608 1722 753 1753 reiieiens
770 1732 838 1753 sese
856 1731 974 1761 poenae
994 1720 1172 1752 subducere

215 1769 348 1795 conatus
372 1771 428 1802 est,
453 1764 622 1805 deceptum
645 1776 679 1796 se
702 1776 720 1796 a
742 1764 875 1796 muliere
898 1770 1058 1795 causatus.
1105 1762 1170 1794 Sed

215 1806 317 1837 nihilo
340 1807 446 1840 minus
469 1817 486 1838 a
500 1807 569 1839 Deo
592 1808 824 1839 condemnatus
847 1811 903 1838 est.
937 1805 1072 1837 Femina
1097 1816 1172 1836 vero

214 1856 396 1888 serpentem
420 1851 518 1882 veluti
542 1856 685 1882 autorem
706 1850 826 1890 peccati
845 1850 1020 1880 accusavit:
1045 1848 1099 1880 sed
1120 1848 1170 1879 vel

211 1892 347 1923 invitam
382 1894 523 1933 oportuit
558 1904 575 1924 a
609 1893 750 1924 Domino
790 1892 1005 1924 condemnari.
1061 1890 1171 1930 Quare

213 1934 285 1966 illos
308 1935 438 1967 decebat
461 1936 494 1967 in
518 1936 619 1968 solam
648 1947 740 1967 suam
770 1935 976 1966 rebellionem
999 1944 1061 1974 qua
1084 1933 1170 1964 defe-

215 1982 324 2009 cerant
354 1989 373 2009 a
403 1979 540 2010 Domino
570 1979 742 2016 intuentes,
777 1977 898 2008 nullam
931 1976 1170 2008 excusationem

217 2027 413 2061 praetexere.
458 2021 541 2053 Istos
564 2022 596 2052 in
621 2021 680 2052 hac
704 2021 907 2060 responsione
919 2019 997 2051 Saul
1016 2020 1168 2050 imitatur.

216 2063 299 2094 Nam
329 2064 386 2095 etsi
417 2074 570 2105 magnum
599 2072 631 2095 et
662 2064 841 2104 speciosum
864 2062 1013 2103 quiddam
1036 2072 1113 2102 prae
1137 2072 1170 2093 se

213 2106 288 2137 tulit
311 2117 350 2138 ne
374 2112 479 2146 posset
503 2107 720 2142 condemnari,
755 2106 895 2145 perrexit
926 2113 1031 2136 tamen
1063 2104 1170 2136 aerius

213 2149 335 2181 instare
365 2149 536 2189 propheta,
571 2150 741 2188 fucumque
775 2148 894 2185 tollere,
929 2154 962 2179 ut
993 2147 1073 2179 Saul
1104 2158 1168 2178 non

216 2192 309 2223 modo
334 2192 416 2223 nihil
440 2192 637 2232 promoverit
666 2190 874 2231 obloquendo,
902 2190 956 2222 sed
985 2191 1091 2230 potius
1115 2190 1169 2220 de-

216 2235 365 2265 teriorem
388 2245 518 2267 causam
541 2245 630 2266 suam
660 2234 771 2265 fecerit
794 2233 948 2265 adversus
971 2233 1076 2264 Deum
1100 2243 1168 2264 sese

214 2276 423 2308 obfirmando.

299 2319 471 2351 Caeterum
502 2320 552 2351 hic
583 2318 816 2350 observandum
841 2318 1022 2350 Samuelem
1052 2328 1167 2359 expro-

215 2362 307 2393 brare
320 2361 411 2394 Sauli
434 2373 496 2394 non
521 2362 708 2393 interfectos
731 2372 748 2392 a
771 2372 805 2392 se
823 2371 901 2401 quos
913 2362 1002 2392 Deus
1021 2361 1166 2393 iusserat.

215 2403 288 2444 Qua
310 2405 344 2436 in
367 2415 402 2436 re
425 2406 575 2442 severior,
607 2410 641 2435 ut
669 2410 742 2435 ante
773 2403 893 2435 dictum
923 2408 981 2444 est,
1010 2404 1071 2436 Dei
1094 2414 1167 2436 sen-

215 2448 315 2478 tentia
337 2447 437 2480 videri
461 2455 576 2488 posset.
621 2447 704 2478 Nam
735 2457 832 2486 quare
861 2451 952 2478 tanta
979 2447 1113 2478 saevitia
1136 2451 1167 2477 et

213 2490 414 2523 immanitate
438 2491 582 2522 homines
612 2490 680 2520 sine
710 2489 926 2520 misericordia
952 2489 1165 2521 tollerentur?

213 2533 255 2564 Et
289 2539 453 2574 praeterea
487 2531 643 2573 quomodo
683 2531 804 2572 peceati
844 2532 938 2564 unius
976 2532 1165 2570 vindictam,

213 2576 309 2608 etiam
332 2577 365 2607 in
389 2576 509 2615 aliquot
532 2582 605 2606 ante
635 2574 762 2606 saecula
785 2579 876 2606 natos
904 2585 956 2606 eos
980 2576 1032 2615 qui
1057 2574 1096 2606 ad
1119 2574 1166 2606 la

213 2620 341 2651 nienam
361 2617 570 2651 trahebantur
588 2616 726 2655 admissi,
746 2617 890 2648 distulit?
913 2618 981 2649 Nae
1000 2617 1166 2649 videretur

878 177 924 209 IN
948 176 973 208 1.
998 176 1084 208 LIB.
1110 175 1306 207 SAMUEL.
1331 176 1426 207 GAP.
1459 177 1532 207 XV.

2126 177 2186 208 106

1228 271 1332 309 prima
1355 269 1460 300 fronte
1484 270 1577 300 nimi-
1602 270 1742 301 insolens
1768 271 1829 301 ista
1843 271 1901 302 Dei
1922 271 2084 302 severitas.
2119 270 2185 302 Sed

1229 317 1339 343 contra
1371 312 1617 349 observandum,
1648 313 1812 344 adoranda
1842 324 1909 344 esse
1941 313 2033 344 nobis
2058 323 2185 344 summa

1228 365 1299 385 cum
1324 354 1505 386 reverentia
1524 361 1555 385 et
1576 355 1702 386 silentio
1715 356 1776 387 Dei
1798 355 1921 393 iudicia,
1945 366 2042 396 quum
2063 356 2185 386 occulta

1228 397 1318 428 nobis
1341 397 1473 434 fuerint,
1497 398 1738 438 cavendumque
1761 409 1964 439 summopere
1988 408 2027 429 ne
2047 398 2110 429 illis
2134 399 2186 430 ob-

1229 439 1407 479 loquamur.
1454 439 1534 470 Nam
1568 441 1699 471 audacia
1728 447 1836 471 nostra
1859 452 1986 481 semper
2008 441 2184 472 contunde-

1229 487 1290 520 tur,
1320 487 1352 513 et
1381 482 1461 512 nihil
1494 483 1752 521 promovebimus
1776 490 1884 514 nostra
1908 484 2092 514 curiositate
2115 495 2184 524 pcr

1228 530 1408 555 scrutantes
1438 534 1519 564 quae
1553 525 1684 555 adorare
1719 536 1773 557 nos
1808 533 1949 566 oportet:
1985 525 2038 557 sed
2075 527 2183 566 potius

1228 577 1386 598 summam
1407 567 1622 598 confusionem
1644 569 1676 598 in
1697 579 1753 599 nos
1772 569 2005 608 pertrahemus.
2036 568 2184 609 Denique

1228 615 1264 640 ut
1287 610 1396 649 paucis
1427 619 1494 640 rem
1524 614 1621 640 totam
1652 611 1843 650 complectar
1865 618 1933 642 esto
1962 618 2066 642 ratum
2100 611 2184 642 istud

1227 653 1364 692 axioma,
1395 651 1512 689 Deum,
1537 652 1608 683 licet
1632 664 1740 683 severe
1764 659 1847 694 agat,
1878 664 1947 685 esse
1972 660 2076 685 tamen
2102 665 2181 684 sem-

1228 705 1284 735 per
1307 694 1519 725 iustissimum
1543 700 1575 725 et
1599 696 1840 734 aequissimum:
1872 702 1903 727 et
1931 696 1957 727 si
1991 696 2183 727 iudiciorum

1227 738 1338 777 ipsius,
1362 742 1493 777 propter
1516 742 1678 777 stuporem
1711 737 1800 768 nobis
1824 739 1981 779 innatum,
2015 739 2096 770 ratio
2119 750 2183 770 non

1227 785 1359 818 constet,
1389 787 1496 810 tamen
1527 780 1730 811 statuendum
1761 782 1828 812 sine
1858 781 2092 813 concertatione
2115 792 2184 813 esse

1227 823 1428 862 aequissima,
1452 827 1484 852 et
1507 823 1664 862 aequitate
1688 833 1723 853 ac
1746 824 1938 854 rectitudine
1961 825 2068 854 omnia
2091 834 2182 856 cons-

1225 870 1302 896 tare.
1348 865 1486 895 Interim
1519 864 1601 895 hanc
1633 865 1808 896 doctrinam
1841 867 1878 897 ad
1911 877 2004 897 usum
2036 873 2181 898 nostrum

1227 918 1423 945 revocemus,
1446 917 1561 947 nempe
1576 908 1644 938 Deo
1668 908 1858 939 maleficium
1884 909 2010 949 aliquod
2034 909 2182 941 condem-

1228 957 1334 987 nante,
1370 960 1432 980 non
1465 960 1533 980 esse
1562 959 1705 981 nostrum
1737 950 1892 982 adversus
1917 952 2022 982 Deum
2046 952 2183 992 obloqui,

1227 999 1258 1024 et
1280 993 1313 1024 in
1336 993 1403 1023 eius
1426 992 1543 1024 iudicia
1575 993 1743 1031 inquirere,
1776 994 1866 1033 quasi
1898 995 2035 1025 maiores
2062 994 2118 1025 illo
2141 995 2183 1025 si-

1227 1046 1307 1072 mus,
1331 1046 1371 1066 ne
1394 1046 1519 1066 summo
1542 1042 1650 1066 nostro
1672 1036 1812 1075 periculo
1836 1036 1866 1067 id
1888 1037 2060 1077 contingat.
2097 1037 2182 1075 Quid

1227 1079 1344 1109 misero
1369 1078 1416 1108 illi
1439 1077 1573 1108 Aehabo
1596 1079 1764 1118 contigerit
1789 1086 1897 1109 notum
1922 1084 1978 1117 est,
2011 1085 2182 1119 postquam

1227 1121 1364 1161 acceptis
1398 1131 1415 1151 a
1449 1120 1519 1151 Deo
1550 1120 1710 1151 mandatis
1745 1121 1782 1151 de
1818 1120 1911 1162 Syris
1957 1121 2182 1162 exstirpandis,

1226 1169 1340 1204 sponte
1364 1168 1471 1194 tamen
1497 1173 1569 1194 eum
1593 1163 1790 1194 Benhadado
1812 1174 1920 1203 pacem
1946 1165 2027 1201 iniit,
2051 1170 2181 1196 conten-

1226 1211 1278 1237 tus
1302 1217 1374 1238 cum
1398 1206 1537 1237 inimicis
1556 1216 1664 1245 pacem
1685 1207 1795 1237 facere.
1831 1206 1895 1237 Sed
1916 1208 2031 1238 missus
2051 1207 2088 1238 ad
2109 1218 2180 1238 eum

1226 1260 1244 1280 a
1273 1249 1413 1280 Domino
1444 1248 1609 1288 propheta,
1639 1248 1700 1279 Dei
1732 1249 1884 1280 iudicium
1915 1250 1978 1289 ipsi
2006 1249 2181 1280 imminens

1226 1298 1355 1332 propter
1377 1291 1611 1323 contumaciam
1636 1292 1767 1331 aperuit,
1790 1292 1844 1322 sed
1864 1291 1971 1322 addito
1990 1293 2092 1332 signo,
2117 1302 2180 1332 quo

1226 1335 1324 1366 miser
1347 1334 1399 1365 ille
1418 1333 1531 1365 Achab
1550 1333 1610 1364 Dei
1636 1334 1748 1365 iudicia
1774 1334 1864 1373 quasi
1887 1335 1950 1365 iam
1976 1340 2050 1365 ante
2074 1335 2181 1366 oculos

1226 1378 1329 1417 posita
1362 1382 1530 1408 metueret.
1587 1376 1695 1415 Quare
1737 1377 1914 1416 phropheta
1949 1377 2010 1408 Dei
2050 1378 2181 1408 nomine

1225 1426 1355 1460 accepto
1376 1424 1489 1460 sponte
1512 1420 1543 1449 in
1568 1419 1647 1450 facie
1671 1419 1804 1450 vulnere
1827 1419 1864 1450 ad
1893 1430 2000 1459 regem
2032 1420 2181 1459 pervenit

1226 1462 1351 1503 Deique
1370 1463 1521 1493 mandata
1542 1462 1689 1502 pertulit:
1710 1461 1986 1502 Quandoquidem,
2006 1462 2060 1499 ait,
2075 1463 2180 1493 iussus

1226 1516 1333 1546 regem
1347 1504 1503 1543 Syrorum
1524 1504 1711 1542 interficere,
1725 1505 1865 1535 maluisti
1879 1505 1990 1536 vivum
2004 1515 2178 1541 reservare,

1226 1559 1400 1588 pacemque
1423 1558 1494 1578 eum
1518 1547 1574 1577 illo
1601 1547 1690 1584 inire,
1721 1558 1814 1587 quam
1838 1547 1906 1578 Deo
1926 1557 2047 1587 parere,
2072 1555 2108 1578 ut
2132 1548 2179 1578 vi-

1225 1590 1279 1622 des
1313 1601 1364 1622 me
1398 1590 1612 1626 vulneratum,
1646 1590 1691 1620 ita
1725 1591 1802 1621 scito
1832 1595 1863 1620 te
1893 1596 2049 1629 tuumque
2080 1590 2177 1621 etiam

1224 1634 1378 1674 populum
1404 1633 1442 1664 ab
1466 1643 1502 1664 eo
1522 1643 1616 1673 quem
1637 1633 1784 1663 dimisisti
1797 1632 2044 1664 vulnerandum.
2068 1632 2179 1672 Quare

1225 1687 1301 1707 vero
1319 1676 1479 1716 propheta
1498 1675 1550 1706 ille
1571 1675 1688 1707 vulnus
1708 1675 1738 1705 in
1759 1686 1792 1706 se
1811 1675 1894 1705 ultro
1913 1674 2055 1715 recepit?
2080 1685 2179 1715 quare

1224 1730 1257 1751 se
1281 1719 1340 1751 hoc
1365 1719 1476 1750 habitu
1500 1718 1567 1758 regi
1591 1717 1728 1749 obtulit?
1773 1718 1905 1757 Nempe,
1936 1724 1971 1748 ut
1995 1717 2179 1748 ostenderet

1223 1762 1294 1793 Deo
1320 1761 1485 1793 mandanti
1508 1761 1577 1792 sine
1600 1760 1666 1791 ulla
1689 1759 1939 1792 contradictione
1958 1759 2179 1800 obtemperan-

1224 1805 1310 1836 dum.
1356 1806 1401 1836 Ac
1433 1803 1565 1844 proinde
1596 1814 1692 1843 quum
1717 1804 1804 1834 Deus
1835 1802 2057 1842 blasphemum
2088 1802 2178 1834 illum

1224 1847 1384 1888 Syrorum
1424 1857 1532 1887 regem
1574 1845 1804 1877 Benhadadum
1850 1845 1985 1876 interfici
2026 1845 2179 1883 iussisset,

1224 1890 1402 1930 oportuisse
1424 1889 1600 1921 vindictam
1633 1889 1670 1919 de
1694 1888 1747 1919 illo
1770 1888 1848 1924 fieri,
1880 1893 1910 1918 et
1941 1899 1979 1918 ex
2003 1888 2065 1918 Dei
2088 1898 2178 1918 man-

1225 1933 1297 1964 dato
1327 1933 1422 1963 morti
1453 1932 1530 1963 dari.
1576 1930 1668 1970 Quae
1698 1941 1795 1970 quum
1820 1941 1837 1961 a
1860 1941 1933 1970 rege
1957 1930 2090 1961 Achabo
2113 1940 2178 1961 non

1223 1977 1288 2007 sint
1322 1987 1362 2007 ex
1394 1975 1454 2006 Dei
1489 1974 1654 2005 voluntate
1688 1974 1836 2013 perfecta,
1871 1973 1904 2003 in
1942 1973 2046 2012 ipsum
2081 1973 2178 2004 etiam

1224 2019 1375 2049 damnum
1400 2018 1584 2049 recisurum.
1632 2015 1724 2055 Quod
1748 2015 1929 2055 exemplum
1952 2025 2024 2045 eum
2057 2015 2117 2045 isto
2141 2014 2179 2046 de

1224 2072 1285 2101 quo
1310 2072 1395 2092 nunc
1419 2061 1544 2100 agimus
1566 2059 1724 2095 convenit,
1749 2058 1838 2089 Deus
1861 2058 1945 2088 enim
1970 2063 2063 2088 vocat
2082 2058 2180 2088 Ama-

1222 2104 1330 2135 ]eeitas
1354 2108 1542 2143 peccatores.
1588 2101 1722 2132 Minime
1752 2100 1877 2140 quidem
1910 2099 1994 2139 quod
2023 2099 2077 2139 qui
2107 2105 2177 2130 tum

1223 2147 1377 2178 vivebant
1406 2147 1439 2176 in
1463 2145 1630 2176 Israelitas
1657 2144 1764 2174 iniurii
1794 2143 1928 2173 fuissent
1960 2148 1989 2173 et
2020 2142 2176 2179 crudeles,

1222 2195 1278 2221 aut
1301 2189 1384 2230 quod
1409 2199 1462 2219 eos
1486 2187 1599 2218 itinere
1618 2186 1785 2226 prohibere
1805 2190 1991 2222 tentassent,
2015 2190 2047 2216 et
2066 2196 2084 2216 a
2103 2194 2177 2224 pos-

1220 2233 1361 2264 sessione
1386 2237 1489 2262 terrae
1513 2241 1608 2270 quam
1622 2229 1712 2260 Deus
1735 2229 1811 2268 ipsis
1835 2227 1965 2258 dederat
1987 2227 2174 2259 excludere:

1221 2286 1323 2315 neque
1347 2275 1432 2305 enim
1457 2278 1525 2304 tum
1549 2282 1646 2312 quum
1671 2271 1703 2302 id
1726 2271 1869 2311 contigit,
1900 2270 1955 2300 isti
1979 2270 2047 2301 nati
2071 2275 2174 2300 erant.

1222 2317 1285 2350 Sed
1310 2317 1520 2348 nihilominus
1534 2316 1621 2346 Deus
1646 2314 1713 2345 vult
1736 2314 1769 2344 in
1793 2314 1830 2344 iis
1853 2312 1907 2352 qui
1932 2317 1999 2343 tum
2023 2312 2176 2343 vivebant

1220 2367 1347 2401 patrum
1366 2358 1633 2400 ingratitudinem
1653 2356 1778 2387 ulcisci:
1803 2353 2071 2395 quemadmodum
2085 2354 2174 2385 Deus

1219 2405 1315 2435 etiam
1339 2403 1489 2438 minatur,
1513 2411 1546 2431 se
1569 2400 1602 2430 in
1626 2399 1751 2429 tertiam
1776 2403 1808 2428 et
1831 2403 1978 2438 quartam
2002 2407 2101 2437 usque
2124 2407 2176 2436 ge-

1219 2446 1417 2477 nerationem
1448 2442 1663 2483 improborum
1698 2441 1842 2471 ulturum
1872 2440 1922 2472 sui
1945 2444 2175 2479 contemptum.

1219 2489 1291 2528 Qua
1323 2488 1355 2518 in
1383 2498 1417 2518 re
1451 2492 1559 2517 tamen
1590 2484 1785 2515 iustissimus
1816 2489 1846 2513 et
1877 2482 2090 2523 aequissimus
2113 2482 2175 2513 fuit

1217 2531 1332 2563 iudex:
1356 2530 1426 2569 quis
1450 2529 1534 2560 enim
1561 2527 1698 2564 obsecro,
1725 2536 1764 2557 ex
1784 2530 1873 2556 tanta
1891 2525 1947 2556 illa
1968 2524 2174 2556 multitudine

1219 2584 1307 2605 suam
1331 2572 1416 2612 apud
1441 2571 1546 2602 Deum
1570 2569 1784 2600 innocentiam
1810 2567 1975 2599 tuebitur?
2022 2566 2174 2607 Quando-

1218 2615 1345 2657 quidem
1370 2615 1469 2656 igitur
1492 2618 1614 2644 eertum
1638 2617 1685 2643 est
1710 2621 1821 2642 omnes
1844 2620 1862 2642 a
1885 2610 2026 2642 maximo
2049 2609 2088 2641 ad
2112 2610 2175 2641 mi-
