2551 3044
115 194 176 225 3559
766 189 814 220 IN
838 190 862 220 Ι.
888 189 976 220 LIB.
1002 187 1199 220 SAMUEL.
1225 188 1320 219 OAP.
1347 190 1441 220 XXI.
2034 192 2096 222 339⁴)

116 298 191 319 uum
223 286 278 319 ulli
308 287 442 317 inferre:
473 291 577 316 tamen
609 283 834 314 abstinendum
867 283 955 313 omni
986 293 1073 313 men·
1099 285 1101 314 l

117 330 220 368 dacio,
244 334 276 361 et
298 330 420 361 sincere
443 338 479 359 ac
501 326 634 359 candide
652 336 779 366 semper
802 325 978 366 agendum,
1004 336 1074 364 per·
1100 338 1101 352 1

116 375 214 405 misso
226 382 334 404 rerum
357 371 445 402 exitu
458 370 520 401 Dei
542 368 760 410 providentiae
784 378 993 408 quaeeunque
1018 378 1076 399 nos

117 416 258 456 pericula
280 415 496 446 circumstent.
527 412 597 442 Imo
620 411 693 442 licet
713 422 798 442 mors
822 411 889 450 ipsa
909 411 948 441 ob
968 412 1076 442 oeulos

117 464 273 490 versetur.

189 501 361 538 'Deinceps
383 497 526 537 sequitur
544 496 703 527 Davidem
728 496 906 536 postulasse
930 507 948 526 a
971 506 1076 527 sacer·
1100 481 1103 516 ³

117 544 188 575 dote
212 543 349 583 quinque
372 549 471 580 panes
494 538 555 570 sibi
578 539 709 579 suisque
733 540 845 579 servis,
875 539 1074 570 sacerdotem
1101 539 1103 579 ξ

117 594 220 618 autem
250 583 448 623 respondisse
478 592 511 612 se
541 592 605 612 non
638 581 755 612 habere
779 582 876 613 laicos
908 592 1007 621 panes
1037 581 1074 612 ad

115 638 253 660 manum.
298 625 337 656 Id
368 630 415 656 est
437 634 536 664 panes
559 624 674 664 quibus
697 624 791 656 liceat
816 625 899 655 vesei
928 624 1076 655 omnibus

113 671 347 702 indifferenter:
377 667 431 699 sed
462 671 589 698 tantum
620 678 734 706 panem
768 674 930 705 sanctum,
967 666 998 697 id
1027 672 1076 698 est
1101 706 1102 709 Ἰ

113 722 226 754 panem
250 709 476 752 propositionis
500 710 553 749 qui
584 710 660 740 solis
684 710 902 741 sacerdotibus
930 720 1076 740 reserva·
1100 716 1102 753 '5

113 757 216 793 batur,
240 761 270 785 et
294 753 401 784 adiicit
424 753 582 790 sacerdos,
608 752 702 784 Modo
726 754 791 791 ipse
814 755 839 783 et
857 753 949 791 pueri.
967 753 1076 783 mzmdi

111 799 181 836 sint,
203 797 337 828 maxime
359 806 379 826 a
397 795 586 833 mulieribus,
609 806 640 826 se
658 796 806 826 daturum
829 795 875 826 illi
887 805 987 834 panes
1006 795 1076 826 *illos
1101 802 1102 807 ¹

111 839 317 877 comedendos,
341 839 389 869 cui
415 837 523 869 David
546 838 726 877 respondit,
757 849 788 869 se
810 848 941 878 suosque
959 848 1077 877 pueros

109 893 174 915 esse
190 892 287 922 puros
309 884 336 913 et
358 881 543 912 abstinuisse
565 892 584 911 (ι
606 880 788 912 mulieribus
809 881 875 912 lteri
898 884 925 912 et
943 881 1074 912 >tludim-

110 926 231 963 tertius,
268 924 299 955 id
329 930 391 961 est,
422 923 534 954 diebus
564 924 845 963 praecedentibus,
884 934 924 954 ex
958 924 1075 954 usitata

111 968 221 1010 phrasi
243 967 429 1007 scripturae.
476 966 519 996 Et
543 966 659 997 adiecit
683 974 847 1005 praeterea
871 967 972 1003 viam,
1002 967 1075 997 licet

110 1012 230 1052 polluta
248 1010 300 1049 sit,
319 1020 353 1040 se
371 1014 478 1040 tamen
499 1009 711 1040 nihilominus
732 1020 829 1049 puros
850 1014 883 1039 et
903 1009 991 1040 nulla
1009 1020 1075 1040 ma-

109 1054 181 1086 cula
203 1053 350 1093 pollutos.
397 1051 591 1090 Quanquam
616 1052 654 1082 de
679 1052 814 1090 panibus
832 1052 970 1092 intelligi
993 1052 1076 1082 veri·
1101 1071 1102 1093 l

107 1096 245 1128 similius
257 1102 322 1127 est:
341 1105 441 1134 panes
454 1094 526 1125 illos
539 1105 644 1126 sacros
658 1097 722 1125 fore
737 1094 946 1125 nihilominus
959 1104 1075 1132 sacres,

109 1139 235 1171 etiamsi
254 1138 462 1170 comedantur
485 1136 524 1167 ab
543 1137 622 1177 ipsis
646 1138 700 1176 qui
721 1148 784 1168 000
805 1143 879 1168 sunt
903 1148 941 1168 ex
963 1137 1076 1168 ordine
1101 1145 1102 1151 ¹

111 1181 326 1217 sacerdotum,
355 1179 440 1220 quod
464 1179 553 1210 nulla
577 1180 719 1218 macula,
751 1190 854 1220 neque
877 1181 945 1220 ipse
972 1191 1075 1220 neque

112 1225 187 1257 socii
210 1223 323 1264 polluti
341 1223 416 1254 sint.
463 1222 732 1262 Quandoquidem
753 1234 836 1261 ergo,
861 1223 975 1262 inquit,
1001 1234 1077 1262 pur-

111 1268 177 1309 gati
200 1277 322 1304 sumus,
353 1276 452 1305 panes
476 1266 530 1304 qui
554 1276 570 1295 e
593 1265 725 1296 Domini
750 1267 931 1304 praesentia.
957 1266 1075 1297 sublati

109 1315 192 1348 sunt,
223 1320 289 1340 non
312 1308 514 1349 polluentur:
544 1307 577 1338 id
607 1315 655 1338 est
679 1308 872 1339 sacrificium
907 1319 970 1339 non
1003 1308 1074 1339 ideo

109 1352 340 1394 profanabitur.
392 1351 483 1382 Tunc
506 1351 606 1391 igitur
636 1351 696 1390 ipsi
720 1352 896 1391 sociisque,
927 1351 1075 1383 sacerdos

111 1406 210 1437 panes
232 1395 286 1435 qui
315 1394 444 1425 fuerant
466 1404 498 1424 111
523 1394 724 1431 sanctuario,
756 1403 787 1424 et
817 1395 848 1424 in
880 1394 1074 1425 oblationem
1101 1396 1103 1438 1

111 1449 235 1471 sacram
254 1437 324 1468 Deo
348 1436 454 1472 dicati,
479 1435 619 1467 tradidit.
666 1436 761 1475 Quod
782 1436 822 1468 ad
843 1447 942 1476 panes
966 1444 1074 1468 autem

110 1481 181 1513 illos
204 1479 429 1521 propositionis
453 1479 584 1515 attinet,
616 1480 819 1510 observanda
842 1480 952 1520 paucis
979 1491 1076 1511 causa

111 1535 167 1556 cur
191 1523 282 1555 Deus
304 1522 479 1554 sanctuarii
502 1532 646 1552 mensem
674 1522 810 1561 panibus
834 1523 898 1553 illis
921 1528 1076 1563 perpetuo

111 1567 250 1598 voluerit
268 1565 402 1597 onerari.
443 1564 528 1595 Nam
548 1564 721 1595 absurdum
736 1571 766 1595 et
787 1565 957 1596 ridiculum
971 1566 1077 1605 prima

112 1610 216 1641 fronte
236 1608 409 1644 videretur.
434 1608 540 1638 Deum
564 1608 665 1638 sterni
686 1608 745 1638 sibi
769 1618 912 1639 mensam
927 1609 1076 1648 voluisse,

113 1658 143 1684 et
166 1653 199 1683 in
221 1650 382 1690 argenteis
406 1651 523 1691 patinis
547 1661 666 1690 magno
697 1657 853 1690 apparatu
878 1661 977 1691 panes
1005 1651 1077 1682 illos

113 1695 230 1734 offerri,
255 1699 285 1725 et
307 1694 342 1724 in
364 1693 547 1733 praesentia
566 1703 624 1723 sua
646 1695 802 1732 repositos
822 1704 962 1729 manere,
985 1694 1077 1734 quasi

113 1748 152 1768 ex
173 1737 236 1769 illis
255 1736 360 1768 cibum
380 1740 570 1775 sumpturus
590 1735 762 1767 videretur.
809 1736 1014 1767 Videbantur
1033 1737 1077 1767 ita

113 1779 224 1811 Iudaei
241 1779 388 1819 suspensi
407 1790 443 1810 ac
457 1778 545 1810 dubii
566 1779 677 1815 teneri,
699 1780 788 1818 quasi
803 1780 892 1810 Deus
911 1789 975 1814 non
996 1785 1077 1810 esset

113 1830 246 1854 naturae
276 1821 462 1862 spiritualis.
509 1820 573 1852 Sed
604 1821 654 1852 hic
687 1822 888 1853 observanda
919 1823 1078 1863 generalis

112 1865 234 1906 regula,
258 1875 369 1896 omnes
388 1864 460 1895 illas
480 1863 656 1895 oblationes
681 1876 760 1904 quae
780 1866 838 1896 sub
858 1865 928 1905 lege
947 1865 1076 1902 fiebant,
1104 1861 1105 1868 ³

114 1919 178 1940 non
200 1908 299 1939 fuisse
322 1907 385 1938 Dei
408 1913 555 1947 respectu
572 1908 679 1945 factas,
704 1908 758 1938 sed
782 1908 816 1938 in
840 1908 1006 1939 hominum
1032 1909 1076 1938 in·
1104 1917 1105 1942 1

113 1951 334 1983 structionem.
379 1949 489 1989 Quare
509 1950 534 1980 si
555 1949 630 1989 quid
651 1951 682 1980 10
703 1951 773 1981 istis
793 1951 1008 1982 oblationibus
1027 1951 1078 1981 ab·

114 1993 247 2025 surdum
266 1993 359 2024 nobis
382 1993 518 2030 videtur,
539 2003 597 2023 nos
616 1993 700 2033 ipsos
721 1994 913 2031 intueamur⁷
938 2000 969 2024 et
990 1993 1079 2033 quid-

113 2036 188 2076 quid
210 2036 275 2067 illic
298 2036 419 2067 factum
442 2041 491 2067 est
514 2035 554 2066 ob
573 2035 740 2066 hominum
764 2035 950 2067 tarditatem
974 2044 1006 2067 et
1029 2047 1079 2067 ru-

114 2079 245 2110 ditatem
268 2079 301 2109 in
325 2078 443 2109 divinis
466 2079 587 2110 factum
611 2079 759 2110 sciamus.
791 2079 834 2110 Et
858 2080 1009 2119 quoniam
1035 2080 1080 2110 01-
1105 2086 1107 2123 '3

114 2122 215 2152 mium
237 2131 344 2153 crasso
368 2127 399 2152 et
429 2121 538 2151 hebeti
562 2132 674 2153 sumus
697 2122 836 2162 ingenio,
860 2127 989 2162 propter
1014 2128 1076 2153 ter·
1105 2126 1107 2147 ἱ

115 2174 224 2194 renam
247 2164 342 2195 huius
366 2164 509 2203 corporis
533 2164 651 2195 molem
676 2175 739 2204 qua
751 2175 864 2196 sumus
878 2165 1079 2201 circumdati,

117 2216 327 2246 agnoscamus
341 2206 448 2237 Deum
471 2217 505 2238 se
524 2206 564 2238 ad
587 2212 716 2247 captum
735 2212 883 2238 nostrum
906 2219 1080 2240 000001010-
1106 2207 1107 2237 l

119 2248 194 2279 dare
222 2253 254 2279 et
276 2249 435 2280 rationem
465 2260 523 2281 nos
546 2249 712 2281 erudiendi
745 2261 809 2281 non
842 2251 974 2282 omnino
1005 2261 1080 2282 suae
1106 2275 1107 2304 1

118 2290 239 2331 gloriae
257 2295 288 2321 et
299 2290 424 2323 iudiciis
442 2293 688 2324 convenientem
701 2294 801 2333 sequi,
822 2293 1080 2334 quandoquidem
1106 2306 1107 2323 l

119 2343 220 2373 usque
250 2332 289 2364 ad
311 2333 410 2373 ipsius
440 2334 559 2375 gloriae
590 2336 792 2367 maiestatem
818 2347 987 2377 assurgere
1017 2347 1080 2367 1100
1106 2338 1107 2345 ’

121 2385 298 2416 possumus.
339 2376 444 2408 Panes
461 2377 560 2417 igitur
578 2378 632 2409 isti
651 2380 904 2418 proprositionis,
929 2384 964 2410 ut
984 2380 1087 2420 verbo.
1108 2416 1109 2420 Ἰ

121 2418 233 2453 dicam,
258 2417 413 2449 docebant
435 2419 521 2450 domi
543 2420 674 2452 edentes
694 2432 809 2461 panem
833 2429 998 2462 orportere
1022 2422 1081 2453 sibi

121 2461 155 2491 in
179 2460 366 2491 memoriam
385 2472 533 2493 revocare
556 2474 655 2503 panes
674 2464 746 2496 illos
771 2465 995 2504 propositionis
1015 2466 1081 2496 Do-

121 2503 208 2534 mino
231 2503 266 2533 in
288 2504 470 2535 sanctuario
499 2506 622 2537 oblatos
644 2514 770 2538 sanctos
793 2518 876 2545 esse,
907 2515 943 2538 ut
966 2512 998 2539 et
1021 2508 1082 2547 ipsi
1108 2542 1109 2547 ¹

121 2545 252 2577 edentes
282 2555 318 2577 ac
347 2545 491 2577 bibentes
517 2547 579 2578 Dei
610 2551 825 2589 praesentiam
854 2556 1080 2591 agnoscerent:
1108 2549 1109 2589 j

122 2599 158 2619 ac
181 2588 315 2628 proinde
337 2598 441 2628 neque
463 2589 592 2621 ederent
615 2603 717 2632 neque
741 2593 885 2624 biberent
919 2594 988 2624 sine
1022 2593 1083 2624 hac
1108 2597 1109 2601 ’

122 2630 197 2662 fidei
216 2630 419 2670 certitudine,
442 2631 546 2663 Deum
566 2641 765 2673 praesentem
789 2636 901 2667 adesse
913 2635 1082 2667 comeden—
1107 2622 1110 2661 ³

1126 282 1211 313 tibus
1234 288 1264 314 et
1285 283 1466 315 bibentibus
1488 283 1526 315 ad
1548 284 1635 316 cibos
1655 285 1731 323 ipsis
1751 283 2010 324 sanctificandos,
2031 295 2093 324 quo

1127 324 1186 364 ipsi
1212 325 1270 356 hac
1295 326 1424 357 Domini
1450 327 1633 366 praesentia
1661 327 1699 357 ad
1724 327 1902 367 gratiarum
1935 328 2093 359 actionem

1101 393 1102 411 3
1127 369 1229 408 magis
1253 379 1288 399 ae
1311 370 1414 409 magis
1437 376 1725 401 commoverentur.
1772 370 1878 410 Atque
1908 370 1968 401 hoc
1989 371 2092 410 ipsum

1128 421 1183 441 nos
1208 411 1301 442 divus
1315 412 1436 443 Paulus
1460 412 1559 449 docet,
1586 422 1699 452 nempe
1712 412 1786 443 licet
1808 412 1888 443 haee
1911 412 2028 444 abolita
2052 414 2095 445 sit

1101 452 1343 491 ³caeremonia‚
1379 465 1544 494 nunquam
1577 461 1683 485 tamen
1716 455 1831 486 debere
1858 455 1968 487 fideles
2000 456 2094 488 edere

1128 496 1262 526 frustum
1289 497 1394 536 panis,
1431 497 1478 528 vel
1510 497 1616 528 bibere
1646 498 1722 537 quin
1753 498 1896 538 ipsorum
1927 504 2023 538 potus
2055 499 2094 530 ad

1129 538 1189 569 Dei
1221 539 1357 579 gloriam
1388 540 1556 570 referatur.
1613 541 1656 570 At
1687 540 1769 571 dicat
1801 541 1930 580 aliquis,
1963 541 2094 573 Deusne

1101 586 1103 606 ἱ
1128 592 1204 621 ergo
1228 582 1259 612 10
1284 592 1339 612 esu
1363 588 1471 613 nostro
1495 588 1526 612 et
1551 589 1624 622 potu
1651 583 1906 623 glorificabitur?
1952 584 2036 622 Nae,
2068 585 2094 616 si

1101 619 1103 639 ³
1128 624 1232 655 sobrie
1264 634 1439 655 vescamur.
1495 624 1618 655 Deinde
1649 630 1679 655 et
1707 626 1751 656 ita
1781 627 1893 657 testari
1923 637 2094 666 possumus

1100 670 1102 697 ἓ
1128 677 1222 706 quam
1247 673 1378 706 paterne
1398 667 1486 698 Deus
1510 667 1549 697 (10
1573 668 1664 698 001110
1687 668 1728 699 sit
1752 668 1918 707 sollicitus,
1942 680 2040 708 quum
2063 678 2094 701 et

1128 710 1194 740 esui
1219 715 1250 739 et
1269 710 1356 748 potui
1378 715 1486 740 nostro
1507 709 1675 749 praesidet,
1699 716 1731 741 et
1750 711 1926 742 bonitatem
1946 722 2036 743 suam
2057 723 2094 744 ac

1100 776 1102 783 .
1127 752 1305 791 potentiam
1337 752 1489 792 dignatur
1515 763 1591 793 erga
1623 763 1680 784 nos
1711 764 1873 790 exercere,
1906 755 2094 794 corporibus

1128 796 1247 825 nostris
1270 795 1464 826 conveniens
1493 795 1680 826 alimentum
1706 796 1883 833 sufficiens,
1915 807 1996 837 quae
2018 798 2094 829 alio-

1127 837 1202 877 quin
1222 838 1326 868 instar
1345 837 1533 868 cadaverum
1555 838 1800 878 collaberentur,
1821 846 1855 870 ut
1875 840 2008 871 istorum
2027 851 2093 871 me-

1101 914 1102 919 1
1128 880 1283 911 ditatione
1315 880 1419 920 magis
1448 891 1483 910 ac
1514 881 1616 921 magis
1646 881 1685 911 ad
1716 882 1857 921 agendas
1886 883 1946 922 ipsi
1976 883 2096 923 gratias

1128 923 1325 953 immortales
1350 923 1536 953 excitemur.
1584 924 1634 954 En
1657 930 1691 953 ut
1715 931 1745 954 et
1766 924 1858 955 hodie
1883 925 2002 965 legales
2021 926 2095 957 illae

1101 974 1102 999 3
1128 967 1249 1006 figurae
1279 975 1336 996 nos
1367 965 1535 1003 erudiunt,
1566 972 1599 996 ut
1624 967 1656 996 in
1682 972 1757 1005 potu
1783 975 1812 997 et
1844 978 1899 998 esu
1924 979 1980 999 nos
2003 979 2094 999 exer-

1127 1019 1256 1040 ceamus
1279 1009 1313 1038 in
1332 1008 1394 1039 Dei
1414 1008 1538 1045 timore,
1562 1009 1831 1049 sobrietatemque
1855 1021 1891 1041 ac
1911 1015 2094 1050 temperan-

1128 1052 1204 1082 tiam
1229 1056 1397 1089 sectemur,
1426 1056 1455 1081 et
1480 1051 1599 1081 divinis
1623 1052 1783 1083 beneficiis
1806 1053 1909 1093 magis
1934 1064 1969 1085 ac
1993 1055 2096 1094 magis

1127 1094 1167 1124 ad
1191 1094 1369 1134 gratiarum
1392 1094 1548 1124 actionem
1574 1095 1760 1125 excitemur.
1809 1094 1872 1127 Sed
1897 1106 1976 1135 quae
2001 1096 2095 1128 hodie

1127 1137 1309 1177 spiritualia
1333 1142 1407 1167 sunt
1420 1137 1694 1167 caeremoniarum
1709 1138 1907 1177 temporibus
1927 1139 2095 1178 oportebat

1128 1180 1230 1220 signis
1254 1179 1443 1219 quibusdam
1470 1178 1649 1211 visibilibus
1680 1185 1710 1210 et
1735 1181 1878 1212 externis
1908 1192 2095 1221 repraesen-

1102 1226 1103 1265 ]
1129 1223 1199 1253 tari.
1246 1222 1342 1253 Hanc
1373 1222 1411 1252 ob
1435 1232 1564 1253 causam
1589 1222 1621 1252 in
1645 1222 1713 1261 lege
1737 1233 1836 1262 panes
1857 1224 1888 1255 in
1913 1225 2096 1256 sanctuario

1129 1265 1391 1305 proponebantur
1415 1264 1453 1295 ad
1478 1264 1539 1295 Dei
1563 1265 1780 1304 praesentiam
1806 1266 2038 1298 denotandam:
2064 1275 2096 1298 et

1129 1308 1169 1338 ad
1193 1308 1336 1348 singulos
1356 1308 1532 1338 monendos
1556 1312 1591 1337 ut-
1614 1308 1699 1338 demi
1730 1308 1836 1339 cibum
1860 1316 2025 1341 sumentes
2048 1321 2097 1342 co-

1102 1365 1103 1390 1
1129 1351 1272 1391 gitarent
1302 1361 1335 1381 se
1359 1361 1377 1380 a
1400 1349 1471 1380 Deo
1495 1349 1595 1381 veluti
1626 1351 1663 1381 ad
1689 1361 1833 1382 mensam
1864 1353 2013 1390 invitari,
2045 1354 2096 1384 cni

1128 1394 1267 1434 ipsemet
1289 1393 1364 1423 licet
1386 1393 1504 1423 niensis
1528 1394 1646 1424 nostris
1671 1404 1749 1433 opus
1773 1405 1835 1424 non
1861 1395 1978 1426 habeat
1999 1396 2097 1426 vellet

1130 1444 1215 1468 tame
1245 1435 1444 1476 praesidere,
1481 1446 1653 1475 curamque
1688 1444 1716 1466 et
1748 1437 1889 1468 studium
1925 1443 2095 1477 paternum

1130 1490 1205 1519 erga
1225 1479 1356 1510 edentes
1369 1484 1401 1508 et
1424 1479 1568 1509 bibentes
1588 1480 1768 1509 testificari:
1794 1480 1876 1519 quod
1893 1482 1981 1520 quasi
1997 1492 2095 1512 manu

1131 1523 1260 1562 propria
1288 1532 1348 1552 1100
1374 1528 1501 1552 tantum
1532 1532 1629 1560 panes
1654 1522 1874 1561 distribueret,
1906 1523 1962 1554 sed
1992 1524 2096 1555 instar

1131 1564 1260 1597 sedulae
1283 1564 1418 1595 nutricis
1442 1563 1546 1594 eibum
1570 1564 1603 1594 in
1620 1575 1653 1594 os
1677 1566 1848 1604 ingereret.
1894 1566 2002 1598 Huius
2015 1567 2096 1597 ritus

1130 1608 1267 1648 vestigia
1301 1607 1456 1647 quaedam
1489 1606 1523 1637 10
1553 1607 1754 1637 ethnicorum
1796 1609 1894 1639 sacris
1928 1615 2095 1649 apparent,

1130 1652 1163 1681 in
1184 1651 1300 1690 quibus
1323 1660 1441 1689 magna
1460 1649 1596 1688 quadam
1622 1649 1775 1690 religione
1795 1652 1946 1682 convivia
1969 1662 2026 1683 sua
2045 1663 2095 1684 ce-

1130 1694 1309 1725 lebrabant.
1355 1693 1403 1723 Ae
1427 1692 1499 1723 lieet
1524 1692 1712 1731 plerumque
1732 1693 1992 1733 intemperantia,
2017 1695 2096 1726 luxu

1104 1757 1105 1760 =
1131 1742 1161 1767 et
1187 1736 1341 1767 ebrietate
1365 1735 1566 1771 diffluerent.
1591 1745 1753 1773 nunquam
1779 1741 1888 1767 tamen
1911 1737 2001 1768 Deus
2024 1748 2096 1778 per-

1131 1780 1217 1810 misit
1240 1778 1329 1809 illam
1353 1778 1579 1817 cogitationem
1603 1788 1642 1808 ex
1669 1778 1835 1808 hominum
1853 1779 2017 1811 mentibus
2042 1780 2097 1811 ob-

1104 1844 1105 1851 ,
1130 1822 1262 1854 literari.
1288 1821 1365 1861 quin
1388 1831 1513 1860 semper
1534 1820 1638 1859 aliqua
1658 1821 1857 1852 caeremonia
1876 1828 1908 1852 et
1932 1823 2024 1862 signo
2044 1834 2100 1854 ex-

1131 1871 1222 1896 terno
1243 1864 1371 1894 divinae
1391 1863 1565 1893 maiestatis
1585 1864 1624 1893 sit
1645 1863 1809 1894 denotata:
1834 1864 1912 1895 adeo
1926 1871 1960 1895 ut
1973 1866 1999 1896 si
2013 1866 2096 1906 quod

1130 1906 1355 1939 iusiurandum
1377 1906 1410 1936 in
1431 1916 1542 1936 mensa
1561 1906 1644 1935 inter
1664 1907 1904 1937 convivandum
1917 1908 2018 1945 fieret,
2038 1908 2097 1939 du-

1132 1951 1206 1990 plex
1236 1956 1318 1980 esset
1348 1949 1515 1987 obligatio:
1548 1949 1574 1979 si
1606 1949 1675 1987 quis
1699 1956 1896 1987 contractus,
1927 1960 2017 1982 sacer
2040 1951 2095 1982 ha-

1132 1994 1270 2027 beretur,
1294 1998 1445 2031 tanquam
1471 1992 1502 2021 in
1518 1991 1578 2021 Dei
1603 1992 1783 2030 praesentia
1802 1992 1921 2023 factus:
1946 1994 2002 2033 qui
2025 1994 2099 2026 licet

1133 2036 1194 2067 Dei
1208 2036 1275 2066 veri
1287 2035 1501 2075 cognitionem
1517 2045 1579 2064 nou
1595 2033 1757 2071 habereut,
1771 2044 1806 2064 eo
1820 2041 1926 2066 tamen
1939 2037 2043 2076 magis
2063 2048 2099 2068 ac

1133 2079 1238 2119 magis
1248 2077 1483 2108 inexcusabiles
1495 2076 1720 2108 reddebantur.
1741 2077 1788 2108 Ae
1798 2077 1824 2108 si
1833 2076 1891 2108 hoc
1900 2078 2099 2110 iuterethni-

1133 2132 1186 2153 cos
1210 2126 1240 2152 et
1264 2120 1408 2151 infideles
1432 2120 1502 2150 illos
1526 2120 1670 2156 obtinuit,
1692 2119 1793 2150 multo
1817 2121 1924 2152 minus
1949 2123 2097 2154 excusari

1134 2174 1305 2204 possumus
1330 2163 1421 2194 hodie
1447 2163 1507 2192 nisi
1532 2172 1627 2201 quum
1660 2161 1703 2191 illi
1738 2162 1796 2192 Dei
1822 2165 2037 2202 praesentiam
2064 2166 2096 2195 in

1134 2207 1289 2239 conviviis
1313 2206 1380 2236 suis
1403 2206 1602 2246 agnoverint.
1629 2215 1683 2234 nos
1705 2204 1796 2235 hodie
1821 2206 1922 2237 multo
1942 2208 2044 2247 magis
2068 2215 2098 2238 et

1134 2251 1332 2281 frumentum
1364 2253 1394 2279 et
1417 2247 1572 2288 quidquid
1603 2246 1688 2277 aliud
1720 2247 1815 2278 affert
1843 2248 1940 2279 tellus
1963 2249 2034 2280 Deo
2065 2251 2097 2281 in

1134 2293 1327 2324 oblationem
1352 2301 1476 2322 sacram
1500 2291 1686 2322 offeramus.
1719 2289 1750 2319 id
1776 2295 1837 2325 est,
1869 2290 1940 2322 Deo
1970 2300 2099 2332 accepta

1135 2336 1244 2367 omnia
1267 2335 1409 2365 feramus
1432 2333 1515 2363 bona
1530 2342 1657 2363 terrena
1680 2333 1794 2371 quibus
1819 2333 1885 2363 vita
1899 2339 2009 2365 nostra
2032 2346 2100 2367 sus-

1135 2382 1288 2413 tentatur,
1313 2384 1344 2407 et
1367 2376 1405 2407 de
1424 2376 1488 2407 illis
1512 2376 1572 2414 ipsi
1593 2374 1714 2415 gratias
1733 2376 1932 2407 immortales
1954 2387 2099 2418 agamus.

1134 2422 1246 2460 Neque
1266 2420 1350 2450 enim
1372 2420 1427 2450 abs
1447 2430 1480 2449 re
1500 2418 1620 2448 Paulus
1640 2417 1683 2447 ait
1703 2418 1810 2448 omnia
1830 2419 1951 2450 munda
1970 2426 2001 2450 et
2019 2431 2099 2460 pura

1108 2491 1109 2494 ,
1134 2474 1202 2495 0000
1227 2473 1282 2502 per
1302 2462 1396 2493 fidem
1421 2461 1605 2501 purificatis.
1633 2470 1746 2498 nempe
1766 2461 1918 2500 quoniam
1939 2463 2000 2494 cibi
2021 2474 2099 2502 quos

1135 2507 1173 2538 ad
1198 2506 1386 2536 alimentum
1411 2504 1594 2543 accipimus.
1619 2507 1649 2533 et
1668 2503 1783 2541 quibus
1803 2504 1962 2536 vescimur
1981 2506 2099 2537 saneti·

1138 2550 1223 2580 ficati
1247 2554 1331 2584 sunt,
1363 2547 1512 2587 quoniam
1544 2556 1603 2576 nos
1627 2544 1723 2576 verbo
1747 2546 1809 2577 Dei
1838 2551 1869 2577 et
1892 2548 2040 2586 precibus
2065 2559 2100 2580 ac

1134 2590 1331 2623 orationibus
1363 2589 1556 2620 sanctificati
1587 2597 1709 2619 sumus,
1757 2589 1800 2620 Et
1830 2589 1868 2619 de
1901 2592 2100 2622 caeremonia

1134 2635 1191 2665 illa
1215 2634 1318 2664 obiter
1341 2633 1403 2663 ist-a
1426 2632 1511 2662 dicta
1534 2637 1638 2662 sunto.

1842 2682 1892 2707 25*
