2551 3044
391 220 452 251 275
1191 209 1391 242 HOMILIA
1418 208 1559 240 LXVII.
2289 207 2350 239 276

391 312 509 355 gaudio
522 311 697 348 exsultant,
720 316 752 341 et
771 310 861 341 miris
885 308 987 340 modis
1010 308 1204 339 efferuntur:
1229 305 1278 336 sin
1297 303 1350 335 ad—
1376 309 1378 340 ῐ

392 355 495 387 versis
519 353 638 385 urserit
662 359 693 384 et
718 352 920 393 gravioribus
941 351 1050 391 poenis
1075 347 1264 384 exercuerit,
1281 346 1351 395 *cal-
1376 378 1379 395 ἱ

393 399 509 430 citrare
539 396 694 427 adversus
715 395 881 427 stimulum
906 404 968 424 non
998 392 1158 423 desinunt.
1204 390 1352 437 Denique
1377 403 1379 411 ν

393 450 582 481 quocunque
621 437 750 469 tandem
786 437 880 468 modo
910 437 998 468 Deus
1028 441 1186 475 operetur.
1217 432 1353 480 improbi

394 493 521 523 semper
543 481 582 512 ad
606 481 662 512 illa
685 480 862 517 offendunt,
888 489 991 518 neque
1015 484 1133 509 rectam
1159 477 1353 507 1130110010-

395 533 463 557 tere
487 530 606 555 norunt
629 534 709 564 quac
733 523 806 555 licet
829 522 924 562 plana
947 522 998 557 sit,
1027 527 1133 551 tumen
1157 519 1189 549 in
1213 517 1354 549 salebras

396 579 429 599 se
460 567 646 606 0001101001,
677 572 709 596 01
739 566 837 596 furori
868 565 957 595 laxas
986 563 1128 594 habenas
1151 561 1352 608 permittunt.
1376 573 1381 607 (

397 610 452 642 Sic
475 609 579 641 solent
602 608 739 648 improbi
764 608 910 639 homines
932 607 1028 637 011301
1053 607 1086 636 10
1109 609 1233 645 patenti
1252 613 1305 634 via
1323 608 1354 633 et

396 664 461 684 non
481 652 604 683 difficili
623 650 794 682 offendere.
819 651 878 681 Sin
899 660 973 680 vero
985 654 1095 680 contra
1108 645 1353 687 intelligentiam

396 695 616 732 habuerimus,
658 700 691 725 ct
735 694 868 725 affectus
903 698 1030 723 nostros
1071 689 1354 730 composuerimus,

397 737 551 779 quidquid
575 737 664 768 Deus
688 736 866 775 immiserit,
897 735 964 766 sivo
987 733 1160 765 adversum
1179 733 1247 763 sive
1266 742 1354 771 pros—

399 791 522 821 perum,
552 780 584 810 in
617 790 653 810 eo
682 778 890 820 glorificando
913 775 1197 817 perseverabimus.
1240 774 1355 822 Caete-

398 834 469 854 rum
504 830 627 854 certum
657 829 706 853 cst
736 832 846 852 omnes
877 826 993 850 natura
1021 829 1079 850 sua
1101 828 1209 850 carere
1233 823 1356 848 ratione

398 872 430 897 et
458 864 688 905 intelligentia:
719 869 750 895 et
778 874 831 895 cos
854 863 994 894 maxime
1017 861 1072 902 qui
1103 859 1302 891 subtilissimi
1326 865 1356 889 et

400 908 575 940 acutissimi
600 907 805 942 videbuntur,
830 906 907 936 adeo
930 904 1057 945 quidem
1078 911 1113 934 ut
1133 904 1158 934 si
1182 903 1220 934 de
1239 901 1357 933 divinis

401 951 549 991 operibus
573 950 615 980 sit
638 948 844 980 iudicandum
869 948 963 988 longe
987 947 1057 978 aliis
1081 945 1265 977 hominibus
1287 955 1357 976 cae-

397 995 502 1026 ciores
551 991 851 1032 deprehendantur:
904 990 1111 1030 quamobrem
1160 987 1358 1019 invocandus

400 1036 490 1067 Deus
514 1041 550 1066 ut
574 1035 665 1066 nobis
685 1033 886 1065 discretionis
905 1040 936 1064 et
957 1032 1189 1072 intelligentiae
1210 1031 1358 1071 spiritum

400 1078 566 1119 largiatur,
597 1084 631 1108 ut
662 1077 762 1117 ipsius
792 1086 889 1116 opera
920 1073 1239 1115 comprehendamus,
1269 1079 1300 1104 et
1327 1073 1358 1102 in

400 1128 545 1153 nostram
566 1120 737 1151 utilitatem
759 1125 992 1150 convertamus.
1038 1116 1115 1149 Saul
1135 1117 1243 1156 itaquo
1261 1126 1358 1156 quum

402 1165 453 1196 hic
477 1163 604 1199 dicitur,
636 1163 781 1193 timuisse
805 1171 823 1192 a
846 1162 924 1192 facie
949 1160 1095 1194 Davidis,
1135 1159 1249 1190 similis
1273 1157 1359 1188 vide-

401 1213 454 1238 tur
492 1216 545 1237 reo
575 1204 702 1237 cuidam
734 1205 933 1244 apparitores
963 1210 995 1233 ct
1025 1202 1190 1233 ministros
1219 1201 1360 1241 publicos

402 1249 569 1288 metuenti,
606 1253 641 1279 ut
671 1258 734 1278 non
766 1253 893 1278 tantum
925 1246 1030 1277 locum
1060 1246 1092 1276 in
1123 1255 1184 1284 quo
1214 1245 1361 1275 feruntur

401 1291 591 1328 sententiae,
626 1298 682 1321 aut
706 1290 738 1320 in
763 1300 824 1330 quo
848 1289 990 1320 damnati
1015 1288 1199 1319 cruciantur
1222 1287 1360 1321 horreat,

402 1334 459 1366 sed
488 1333 527 1365 ad
559 1343 727 1364 occursum
753 1332 945 1373 apparitoris
968 1341 1085 1371 pavore
1109 1335 1225 1361 tremat
1247 1334 1280 1360 et
1302 1328 1361 1360 sibi

403 1376 529 1408 nullum
561 1387 601 1406 ex
632 1375 696 1406 illis
727 1385 869 1414 unquam
894 1374 962 1404 fieri
985 1373 1112 1405 obvium
1136 1373 1252 1413 cupiat.
1297 1371 1362 1402 Ea-

403 1419 476 1451 dem
505 1425 553 1450 cst
583 1419 727 1449 omnium
759 1416 976 1457 improborum
1001 1415 1163 1447 hominum
1188 1414 1279 1452 ratio,
1309 1413 1362 1454 qui

404 1473 467 1494 non
495 1461 600 1493 solum
631 1461 848 1492 incurrentem
877 1460 910 1490 in
940 1458 1048 1490 oculos
1077 1457 1140 1488 Dei
1163 1458 1362 1489 maiestatem

404 1509 571 1536 metuunt:
605 1502 661 1534 sed
694 1502 734 1533 ad
765 1502 898 1542 quodvis
929 1502 1059 1543 signum
1089 1501 1212 1541 gratiae
1239 1499 1302 1530 Dei
1333 1504 1364 1530 et

405 1547 539 1588 spiritus
563 1546 666 1586 ipsius
688 1546 924 1585 obstupescunt
953 1551 985 1575 et
1008 1549 1243 1584 expavescunt:
1273 1542 1364 1573 cuius

406 1590 452 1621 rei
486 1589 671 1629 exemplum
702 1589 735 1619 in
767 1587 865 1619 Saule
895 1587 1100 1627 conspicuum
1123 1591 1182 1617 est.
1226 1584 1306 1616 Inde
1328 1586 1365 1616 fit

407 1633 616 1672 conspicuum
640 1632 790 1670 profanos
814 1630 960 1661 homines
983 1629 1138 1660 adversus
1161 1628 1267 1659 Deum
1291 1638 1364 1658 con-

408 1675 586 1709 tendentes,
621 1683 807 1713 nomenque
837 1673 938 1712 ipsius
969 1672 1104 1713 pedibus
1134 1671 1366 1708 conculcantes,

408 1717 618 1756 eiusdemque
637 1716 802 1753 virtutem,
823 1721 979 1755 quantum
1000 1715 1032 1746 in
1051 1715 1129 1755 ipsis
1143 1720 1191 1745 est
1203 1713 1367 1744 abolentes

408 1760 515 1790 Deum
548 1769 612 1789 non
642 1759 702 1789 nisi
726 1764 850 1789 coactos
872 1763 1024 1789 metuere.
1069 1757 1170 1797 Atqui
1190 1756 1280 1787 Deus
1301 1765 1367 1786 me-

409 1802 489 1834 ritas
513 1811 633 1842 poenas
656 1800 786 1832 tandem
811 1800 873 1831 illis
896 1800 1058 1840 rependet,
1090 1806 1123 1831 et
1145 1808 1238 1840 quam
1263 1798 1368 1829 meriti

409 1850 487 1876 sunt
526 1843 706 1875 mercedem
745 1843 914 1883 persolvet.
959 1843 1043 1874 Nam
1074 1853 1136 1874 non
1167 1842 1269 1873 solum
1301 1841 1370 1881 ipse

409 1887 526 1928 plenus
557 1886 724 1917 maiestate
756 1886 939 1916 tremendus
962 1885 1041 1926 ipsis
1064 1885 1241 1925 apparebit,
1282 1889 1313 1915 et
1335 1883 1368 1914 in

410 1930 503 1961 factis
526 1928 754 1960 admirandus:
778 1928 833 1959 sed
857 1928 971 1959 efficiet
995 1933 1032 1958 ut
1049 1938 1103 1959 eos
1121 1928 1206 1968 ipsos
1225 1927 1278 1966 qui
1298 1925 1369 1957 nul-

409 1973 473 2004 lius
504 1971 659 2003 momenti
683 1971 836 2002 videntur
863 1971 1081 2008 reformident,
1110 1976 1142 2001 et
1165 1968 1369 2001 abiectissimi

411 2015 530 2055 quique
559 2024 666 2045 coram
698 2013 889 2050 hominibus,
924 2018 1109 2044 metuantur
1140 2017 1246 2043 tamen
1270 2011 1308 2043 ab
1332 2011 1370 2042 iis

412 2058 465 2098 qui
490 2063 585 2087 antea
608 2056 721 2096 iugum
741 2066 836 2086 omne
855 2055 1045 2086 videbantur
1064 2055 1240 2086 excussuri.
1285 2053 1370 2085 Sane

413 2100 503 2138 Saul,
532 2099 559 2131 si
583 2099 748 2138 potuisset,
781 2104 892 2138 aperte
922 2098 991 2129 Deo
1021 2098 1197 2129 reluctatus
1219 2102 1311 2134 esset,
1341 2101 1371 2128 et

411 2142 533 2174 bellum
568 2142 665 2172 etiam
700 2140 887 2172 indixisset:
921 2148 952 2172 et
987 2146 1140 2180 tanquam
1171 2140 1237 2171 fera
1268 2139 1371 2171 bellua

412 2185 476 2216 Dei
497 2185 698 2216 maiestatem
717 2184 949 2215 contumeliose
961 2183 1115 2223 petiisset.
1139 2182 1369 2213 Verumtamen

415 2228 496 2259 nihil
531 2231 658 2258 tentare
691 2232 800 2266 aperte
833 2225 938 2264 audet,
976 2226 1030 2256 sed
1065 2232 1217 2265 tanquam
1251 2225 1372 2257 0310010

415 2270 608 2302 constrictus
649 2275 777 2308 pectore
813 2269 903 2300 virus
936 2269 1115 2308 concoquit.
1159 2268 1231 2299 Non
1264 2268 1372 2307 itaquo

417 2319 502 2344 recto
533 2312 671 2352 quodam
703 2312 820 2343 affectu
843 2310 949 2343 Deum
974 2311 1076 2349 timet,
1109 2310 1164 2342 sed
1188 2315 1275 2342 metu
1298 2320 1371 2350 quo-

417 2355 490 2387 dam
522 2355 688 2392 retinetur,
717 2361 749 2385 et
772 2354 931 2385 Davidem
956 2354 1035 2385 velit
1057 2353 1136 2384 nolit
1157 2358 1300 2385 metuere
1321 2363 1372 2384 co-

418 2399 513 2439 gitur.
561 2398 605 2428 At
628 2407 744 2436 quaeso
767 2397 839 2437 quis
861 2404 930 2427 erat
954 2395 1085 2427 David?
1120 2396 1202 2427 Vilis
1224 2395 1331 2436 opilio,
1355 2406 1373 2426 a

417 2443 516 2481 septis
549 2440 656 2471 ovium
687 2440 720 2470 in
751 2439 857 2470 aulam
885 2439 994 2470 Saulis
1024 2438 1179 2470 adductus
1208 2443 1245 2470 ut
1285 2437 1372 2469 labo-

418 2488 543 2514 rantem
585 2481 711 2513 cithara
751 2487 919 2519 recrearet,
961 2481 1053 2513 cuius
1089 2481 1202 2513 deinde
1235 2481 1374 2521 armiger

418 2526 524 2557 factus
563 2530 622 2555 est.
668 2524 777 2563 Quare
818 2535 895 2566 ergo
929 2523 1006 2556 Saul
1042 2523 1202 2555 Davidem
1236 2522 1372 2555 metuit?

418 2568 544 2608 Nempe
565 2568 591 2598 is
613 2566 676 2598 Dei
698 2567 899 2599 maiestatem
918 2566 1079 2607 quandam
1098 2577 1173 2606 prae
1191 2577 1225 2598 se
1243 2565 1373 2598 ferebat.

420 2610 507 2642 Hinc
525 2609 734 2641 observemus
753 2609 916 2649 improbos
934 2609 1061 2649 quidem
1081 2609 1227 2641 homines
1239 2608 1375 2640 libenter

421 2654 447 2683 si
472 2656 602 2693 possent
624 2651 687 2683 Dei
710 2652 898 2683 memoriam
922 2652 1108 2690 abolituros,
1131 2652 1222 2684 cuius
1240 2651 1375 2693 gloriam

1404 303 1492 334 miris
1526 301 1628 334 modis
1656 308 1867 334 contemnunt
1897 307 1927 333 et
1957 312 2015 342 pro
2044 301 2165 333 viribus
2195 302 2352 333 lacerant:

1403 345 1458 377 sed
1489 345 1610 376 interea
1632 344 1736 376 Deum
1760 352 1848 376 tanto
1873 355 1907 376 se
1930 345 1994 375 illis
2017 344 2241 375 terribiliorem
2264 355 2354 384 prae·

1405 388 1486 424 bere,
1521 395 1557 418 ut
1586 388 1726 427 ipsorum
1754 388 1970 428 arrogantiam
2002 393 2033 418 et
2056 388 2289 418 contumaciam
2312 387 2354 417 ri-

1405 431 1493 462 deat:
1528 437 1711 470 metumque
1746 431 1809 461 illis
1843 441 1953 461 eorum
1987 430 2126 468 iniicere,
2159 430 2213 470 qui
2235 429 2356 460 nullius

1404 480 1479 505 sunt
1521 483 1627 504 coram
1669 473 1849 504 bominibus
1889 473 2053 510 momenti,
2092 479 2124 503 et
2157 473 2209 512 qui
2245 482 2358 503 nocere

1406 515 1492 547 nullo
1525 514 1621 547 modo
1650 515 1726 555 ipsis
1756 522 1899 556 possunt.
1945 515 2015 546 Hoc
2044 525 2120 546 0300
2144 526 2209 546 000
2233 521 2281 546 001
2303 513 2358 545 ad·

1406 557 1598 598 mirandum⁷
1622 558 1878 598 quandoquidem
1903 559 2060 598 scriptura
2083 557 2175 589 dicit:
2199 556 2359 598 [mprobos

1406 601 1490 633 nullo
1517 600 1711 640 subsequente
1731 602 1916 639 metuam-os,
1944 604 1970 632 et
1992 600 2053 632 Dei
2075 603 2290 640 contemptores
2311 609 2358 631 so·

1406 645 1473 676 nitu
1494 644 1564 683 folii
1587 643 1716 675 volantis
1736 644 1904 675 terrendos:
1933 646 1959 674 rt
1988 643 2033 674 vel
2054 643 2195 674 umbram
2212 653 2360 682 pavorem

1407 688 1487 727 ipsis
1523 686 1699 717 allaturam.
1745 686 1826 717 Nam
1864 697 1960 727 quum
1992 697 2116 717 summo
2149 686 2194 717 illi
2225 686 2359 726 imperio

1408 729 1520 761 subiici
1547 729 1692 759 homiues
1716 736 1885 769 nequeunt,
1909 740 1998 760 sunm
2019 728 2266 760 imbecillitatem
2286 739 2358 769 pro-

1408 773 1484 804 dant
1515 777 1649 811 oportet,
1679 778 1712 802 et
1742 772 1955 812 arrogantiam
1985 772 2112 802 illorum
2135 771 2225 803 Deus
2248 772 2359 807 rideat,

1409 821 1446 847 ut
1476 815 1508 845 10
1539 813 1687 845 omnibus
1715 813 1805 846 factis
1834 816 2019 846 confusione
2043 814 2281 850 suffundantur,
2311 815 2359 844 10-

1410 858 1552 897 ccrtique
1582 866 1618 887 30
1648 855 1732 888 dubii
1758 863 1908 898 perpetuo
1932 858 2099 888 fluctuent.
2145 856 2360 896 Quamobrem

1410 901 1516 932 Deum
1558 900 1671 930 timere
1712 899 1868 931 discamus
1905 901 2028 931 sincero
2062 900 2177 940 animo,
2217 906 2249 930 et
2281 909 2363 939 pura

1411 949 1516 975 mente
1557 942 1668 973 colere.
1715 942 1822 974 Metus
1855 943 1939 973 enim
1975 943 2027 974 ille
2062 952 2173 973 verum
2208 942 2363 973 honorem

1411 985 1586 1017 maiestatis
1610 985 1708 1024 ipsius
1732 985 1764 1016 in
1787 985 1875 1016 nobis
1895 986 2018 1021 efficiet,
2043 991 2073 1016 et
2093 985 2244 1016 bonitatis
2262 985 2362 1025 ipsius

1411 1030 1559 1060 effectum
1591 1028 1774 1065 sentiemus,
1803 1038 1865 1067 qua
1895 1029 1964 1059 freti
1989 1027 2141 1068 quidquid
2166 1028 2361 1059 eontrarium

1412 1072 1503 1102 nobis
1527 1070 1622 1100 fuerit
1646 1069 1736 1101 facile
1756 1076 2010 1102 contemnemus:
2035 1077 2065 1101 et
2089 1070 2270 1110 ubicunque
2289 1080 2362 1110 ope-

1412 1125 1484 1145 rum
1519 1113 1619 1153 ipsius
1655 1112 1789 1153 vestigia
1822 1113 1977 1153 quaedam
2012 1113 2220 1153 apparebunt,
2255 1123 2294 1144 ex
2325 1112 2364 1143 iis

1413 1156 1610 1188 occasionem
1651 1155 1790 1186 laetitiae
1819 1157 1990 1196 capiemus.
2036 1156 2164 1187 Scimus
2193 1155 2278 1186 enim
2309 1155 2365 1185 illa

1413 1199 1504 1231 nobis
1545 1199 1610 1229 fore
1651 1198 1812 1237 salutaria,
1852 1198 2106 1238 quandoquidem
2148 1199 2237 1229 Deus
2275 1204 2365 1238 pater

1414 1248 1522 1274 noster
1545 1246 1602 1278 est,
1625 1247 1657 1271 01
1679 1240 1829 1281 quidquid
1853 1242 1892 1272 ab
1915 1242 1968 1272 illo
1992 1241 2213 1281 proficiscitur,
2236 1241 2270 1271 in
2294 1251 2366 1272 nos—

1415 1291 1500 1316 trum
1525 1284 1725 1314 commodum
1748 1291 1780 1314 et
1798 1284 1966 1315 utilitatem
1987 1284 2078 1315 cedit.
2123 1283 2210 1315 Sane
2229 1283 2365 1324 improbi

1415 1338 1513 1368 quum
1545 1326 1582 1357 de
1613 1325 1723 1357 divina
1757 1327 1897 1366 potentia
1926 1327 2122 1357 mentionem
2146 1327 2285 1366 aliquam
2309 1336 2366 1358 au-

1415 1371 1516 1406 diunt,
1558 1369 1680 1408 sibique
1720 1379 1816 1400 manu
1853 1370 1952 1409 ipsius
1984 1369 2180 1409 pereundum
2213 1368 2366 1407 sentiunt,

1414 1412 1564 1444 dentibus
1583 1411 1764 1442 infrendere
1782 1412 1893 1449 solent,
1917 1422 2019 1452 neque
2038 1422 2181 1452 unquam
2200 1422 2236 1442 eo
2251 1411 2366 1443 adduci

1416 1460 1551 1496 possunt
1573 1459 1609 1485 ut
1628 1458 1834 1494 agnoscentes
1852 1460 1978 1495 peccata
1997 1455 2127 1486 veniam
2146 1453 2367 1494 deprecentur.

1417 1499 1537 1531 Contra
1569 1507 1666 1537 quum
1696 1496 1804 1528 fideles
1833 1497 2030 1529 diabolorum
2060 1502 2193 1529 conatus
2223 1496 2369 1528 animad-

1417 1546 1560 1579 vertunt,
1591 1540 1707 1579 quibus
1729 1540 1861 1571 exitium
1884 1540 1961 1581 ipsis
1984 1541 2156 1578 minantur,
2180 1545 2211 1570 et
2233 1540 2297 1571 iam
2320 1539 2369 1580 ip-

1418 1594 1523 1615 sorum
1564 1583 1686 1622 laqueis
1723 1583 1898 1624 constringi
1933 1583 2089 1619 videntur,
2131 1582 2370 1614 ardentioribus

1419 1627 1500 1657 votis
1532 1625 1569 1656 ad
1602 1626 1707 1656 Deum
1736 1625 1933 1666 confugiunt,
1963 1630 1994 1656 ct
2016 1626 2136 1656 maiore
2158 1635 2230 1657 cum
2254 1624 2371 1656 fiducia

1419 1671 1450 1700 in
1472 1668 1571 1708 ipsius
1592 1668 1732 1699 bonitate
1750 1679 1837 1708 spem
1857 1668 2021 1700 collocant.
2062 1668 2155 1705 Nam,
2179 1669 2278 1705 aiunt,
2302 1667 2370 1699 Do-

1419 1713 1505 1743 mine
1534 1711 1561 1742 si
1590 1718 1624 1742 tu
1648 1721 1706 1751 pro
1730 1711 1828 1748 nobis,
1857 1711 1929 1751 quis
1952 1721 2066 1742 nocere
2089 1710 2226 1750 poterit?
2272 1710 2371 1742 Enim

1420 1765 1495 1786 vero
1529 1764 1624 1794 quum
1661 1754 1749 1785 Deus
1781 1754 1823 1785 sit
1856 1753 2068 1794 omnipotens,
2103 1763 2202 1794 quare
2231 1753 2371 1785 hostium

1419 1798 1523 1829 minas
1561 1803 1787 1834 metueremus,
1825 1802 1858 1827 et
1897 1796 2115 1827 dubitaremus
2155 1797 2194 1827 de
2229 1796 2372 1833 victoria,

1421 1841 1511 1880 quasi
1535 1839 1573 1870 de
1593 1839 1682 1870 nobis
1703 1839 1899 1879 triumphare
1918 1838 2068 1879 possent?
2103 1838 2373 1879 Quandoquidem

1421 1884 1505 1914 enim
1534 1891 1704 1922 corporum
1733 1886 1766 1912 et
1793 1882 1973 1913 animarum
2002 1888 2182 1912 nostrarum
2211 1881 2302 1912 Deus
2324 1885 2374 1913 est

1421 1931 1535 1959 000100,
1567 1931 1690 1956 eertum
1714 1929 1761 1956 est
1784 1923 1874 1955 illum
1907 1925 2058 1955 virtutem
2082 1934 2171 1955 suam
2196 1924 2374 1964 incompre-

1422 1967 1611 1999 hensibilem
1640 1972 1852 2006 cxserturum,
1883 1967 2134 2007 quotiescunque
2158 1977 2214 1998 nos
2237 1967 2320 1998 tueri
2343 1971 2376 1998 01

1423 2018 1586 2051 protegere
1619 2009 1774 2041 adversus
1803 2009 1930 2041 illorum
1961 2015 2092 2041 conatus
2122 2009 2215 2040 volet.
2259 2008 2310 2040 Ita
2339 2010 2376 2040 fit

1423 2054 1521 2094 igitur
1554 2058 1591 2083 ut
1625 2052 1733 2084 fideles
1766 2053 1965 2093 praesentiae
1995 2051 2057 2083 Dei
2087 2052 2180 2092 signa
2210 2062 2374 2092 nunquam

1423 2101 1584 2127 metuant:
1616 2095 1670 2126 sed
1701 2097 1805 2136 ipsum
1834 2095 1939 2135 potius
1962 2095 2138 2135 requirant,
2168 2094 2243 2125 freti
2266 2095 2375 2136 cogni-

1424 2139 1509 2169 tione
1528 2139 1581 2169 illa
1604 2148 1637 2169 se
1660 2137 1693 2168 in
1718 2138 1779 2169 Dei
1802 2138 1939 2169 filiorum
1963 2147 2132 2168 numerum
2152 2137 2248 2168 fuisse
2269 2147 2378 2177 recep-

1424 2187 1487 2211 tos:
1511 2187 1543 2212 et
1566 2180 1694 2221 quidem
1719 2180 1868 2221 quoniam
1893 2180 1932 2211 ad
1951 2181 2055 2220 ipsum
2076 2190 2141 2211 non
2162 2179 2280 2212 nostris
2297 2180 2378 2212 viri-

1423 2223 1482 2255 bus
1514 2230 1545 2255 01
1578 2223 1699 2254 10011113
1731 2223 1802 2254 fulti
1833 2223 1989 2261 venimus,
2023 2222 2078 2254 sed
2106 2232 2177 2253 cum
2201 2223 2288 2253 omni
2310 2232 2377 2254 mo-

1425 2265 1523 2298 destia
1554 2272 1584 2297 et
1614 2265 1795 2297 humilitate
1824 2266 1869 2297 sic
1899 2265 2021 2302 abiecti,
2052 2271 2086 2296 ut
2115 2270 2245 2305 peccata
2267 2270 2378 2297 nostra

1424 2315 1455 2339 et
1478 2309 1733 2349 imperfectiones
1755 2313 1990 2349 cognoscentes,
2021 2318 2077 2339 nos
2100 2307 2191 2339 nobis
2213 2307 2292 2348 ipsis
2313 2307 2378 2340 dis-

1425 2352 1608 2392 pliceamus,
1632 2356 1664 2383 et
1686 2351 1719 2382 in
1738 2351 1805 2391 ipso
1824 2350 1891 2382 solo
1909 2361 2071 2382 summum
2091 2355 2239 2382 nostrum
2258 2350 2378 2383 bonum

1425 2405 1633 2434 quaeramus,
1662 2393 1819 2434 siquidem
1842 2398 1957 2424 natura
1979 2403 2092 2425 sumus
2115 2392 2262 2424 omnibus
2284 2393 2380 2425 rebus

1425 2438 1522 2469 vacui.

1509 2480 1552 2511 Et
1579 2479 1734 2511 hactenus
1765 2478 1884 2510 dictum
1909 2483 1975 2509 esto
1998 2478 2036 2510 de
2061 2477 2165 2510 verbis
2187 2478 2266 2510 illis:
2296 2477 2380 2511 Sau-

1425 2522 1488 2553 lem
1519 2533 1535 2553 3
1567 2522 1646 2553 facie
1676 2521 1811 2552 Davidis
1840 2521 1995 2560 timuisse,
2025 2521 2176 2561 quoniam
2201 2521 2290 2553 Deus
2312 2525 2380 2552 erat

1426 2575 1497 2597 cum
1520 2564 1591 2596 illo:
1614 2564 1782 2604 sequentia
1803 2563 1901 2595 etiam
1924 2563 2160 2604 expendamus:
2182 2562 2226 2595 Et
2247 2574 2267 2595 a
2287 2562 2382 2596 Saule

1426 2610 1596 2639 recesserat.
1642 2606 1694 2638 Ex
1717 2605 1830 2647 quibus
1853 2613 1986 2647 apparet
2009 2606 2093 2647 quod
2112 2611 2187 2638 ante
2205 2606 2379 2648 attigimus,

1428 2654 1459 2681 01
1489 2649 1713 2681 observatione
1735 2649 1868 2690 dignum
1892 2655 1948 2688 est,
1976 2648 2082 2681 Deum
2105 2659 2168 2681 non
2191 2648 2268 2680 dare
2290 2648 2381 2680 nobis
