2551 3044
135 216 196 248 537

137 315 220 342 esset
232 309 375 346 Domini,
397 315 428 340 et
450 309 660 340 transituram
684 307 723 338 ad
747 317 820 338 suos
844 312 988 346 posteros
1011 307 1102 346 regni
1129 312 1131 316 ·

138 352 374 385 successionem
415 352 525 389 sciret,
566 350 599 381 in
642 354 808 380 aeternum
841 358 1102 388 permansuram:

138 395 230 427 Sauli
260 401 368 425 tamen
399 404 489 425 suam
521 393 711 433 dignitatem
742 391 937 428 reservavit,
976 392 1008 421 in
1038 401 1099 430 quo

139 437 283 469 nondum
313 437 408 477 plane
438 436 499 466 Dei
528 435 665 475 gratiam
697 434 888 465 exstinctam
920 438 1031 473 norat,
1068 444 1103 464 ac

139 479 274 521 proinde
304 480 354 510 cui
386 479 539 509 honorem
572 476 725 508 exhibere
749 481 779 507 et
803 476 916 507 subiici
941 476 978 506 ad
1004 476 1105 515 ipsius
1131 475 1132 483 ¹

139 533 242 563 usque
271 526 406 552 mortem
438 525 584 560 oportere
608 529 670 550 non
695 519 874 559 ignorabat.
921 518 981 549 Illa
1005 519 1105 558 igitur

140 564 276 596 Davidis
306 563 491 594 humanitas
515 563 547 593 in
572 561 695 592 hostem
721 561 851 602 speciali
875 562 999 592 ratione
1024 561 1103 591 nite-

140 649 331 691 dignitatem
352 653 482 679 evectus
494 647 602 678 David
623 646 831 678 honorandus
850 650 950 677 esset:
973 645 1105 677 Nabalis

140 702 216 724 vero
238 691 333 732 longe
357 690 466 731 dispar
488 690 548 721 fuit
571 689 661 721 ratio.
706 689 789 720 Nam
814 690 873 720 etsi
896 688 1002 719 David
1027 699 1105 718 non-

140 735 216 766 dum
235 734 268 764 in
292 733 384 774 regni
408 733 644 773 possessionem
668 733 785 763 missus
808 737 894 763 erat:
919 731 1106 771 designatus

140 782 248 809 tamen
268 787 326 807 rex
351 777 463 813 fuerat,
487 775 565 806 adeo
589 774 717 815 quidem
742 779 778 805 ut
802 775 856 814 qui
882 784 945 805 non
970 784 1105 814 agnove

139 824 218 851 runt
233 819 316 850 hane
331 819 460 849 Domini
480 818 666 849 electionem
688 827 745 848 nec
764 827 798 847 se
817 817 864 847 illi
884 817 1107 848 subiecerunt:

140 863 256 893 merito
280 866 435 901 tanquam
459 861 614 892 adversus
640 860 745 890 Deum
769 860 874 899 ipsum
899 866 1107 890 contumaces

140 903 296 946 puniendi
329 904 459 935 fuerint.
505 903 611 934 Moses
646 903 846 943 Aegyptium
881 902 972 933 illum
1006 902 1107 932 inter-

141 948 252 979 ficiens
286 946 429 978 nondum
464 946 586 982 fuerat,
605 945 715 985 populi
746 950 842 985 caput
872 950 903 975 et
934 944 1108 976 conductor

144 989 334 1026 declaratus,
359 994 391 1020 et
411 989 437 1020 is
456 989 509 1028 qui
531 987 684 1028 populum
705 987 914 1019 israeliticum
936 998 976 1018 ex
989 997 1108 1027 aegyp-

142 1033 226 1064 tiaca
258 1032 448 1072 captivitate
482 1036 552 1061 erat
585 1030 796 1068 liberaturus,
831 1030 886 1061 sed
921 1034 958 1061 ut
991 1030 1035 1060 ait
1067 1030 1107 1061 D.

143 1075 333 1115 Stephanus
356 1074 556 1105 vocationem
581 1083 672 1104 suam
696 1073 793 1113 probe
817 1077 921 1104 norat.
967 1072 1022 1104 Sic
1043 1072 1109 1103 Da-

143 1118 197 1150 vid
216 1118 334 1149 sciebat
354 1116 414 1148 sibi
435 1116 541 1147 datam
560 1126 577 1146 a
590 1115 661 1146 Deo
684 1120 888 1156 potestatem,
910 1116 1109 1156 impietatem

143 1167 176 1191 et
203 1159 473 1201 ingratitudinem
504 1158 687 1196 coercendi,
718 1163 750 1190 et
780 1158 986 1198 blasphemas
1016 1168 1110 1189 voces

143 1213 224 1244 quas
247 1202 401 1234 adversus
425 1212 533 1242 regem
557 1211 576 1231 a.
592 1200 662 1232 Deo
687 1201 891 1242 designatum
914 1206 1110 1238 evomuerat,

144 1251 176 1277 et
204 1249 372 1286 praeterea.
401 1244 579 1276 calumnias
609 1254 688 1283 quas
710 1244 744 1274 in
769 1243 929 1275 Davidem
953 1248 1109 1283 tanquam

143 1287 339 1329 praedonem
377 1286 497 1318 iniuste
533 1290 564 1317 et
600 1286 680 1318 falso
717 1287 898 1318 coniecerat
940 1285 1110 1326 puniendi:

142 1331 221 1362 haec
250 1331 381 1370 inquam
413 1329 518 1360 David
551 1328 688 1361 sciebat:
718 1329 774 1360 sed
805 1340 869 1360 non
900 1328 972 1360 ideo
1003 1334 1110 1359 tamen

144 1373 276 1404 videtur
299 1383 318 1404 a
343 1372 459 1403 vitiosa
481 1372 630 1412 passione
654 1371 867 1408 excusandus,
892 1371 974 1412 quod
998 1382 1110 1411 super-

143 1417 246 1447 fluum
277 1419 308 1447 et
330 1414 444 1446 inutile
467 1415 556 1452 foret,
589 1415 648 1446 etsi
673 1419 779 1445 tamen
803 1425 867 1446 non
891 1418 939 1446 est
962 1415 1112 1455 condem-

145 1458 272 1490 nandus
302 1461 457 1498 tanquam
488 1458 514 1488 si
545 1457 616 1497 quis
639 1458 787 1497 privatus
810 1458 934 1488 illatam
958 1457 1110 1488 iniuriam

144 1501 256 1533 ulcisci
284 1500 396 1532 vellet:
427 1499 566 1531 Davidis
596 1500 682 1531 enim
707 1500 846 1532 conditio
869 1510 888 1531 a
910 1500 1111 1540 privatorum

145 1543 314 1575 vocatione
342 1542 514 1583 diligenter
544 1549 590 1573 est
622 1542 862 1584 distinguenda.
907 1543 991 1574 Nam
1024 1543 1112 1573 Deus

145 1587 347 1627 privatorum
377 1596 494 1616 manus
523 1585 623 1616 veluti
656 1586 793 1617 vinculis
817 1585 1019 1626 constringit,
1043 1585 1111 1625 qui—

146 1630 205 1660 bus
233 1639 296 1660 non
324 1628 402 1659 facit
429 1631 621 1668 potestatem
652 1629 684 1659 in
707 1628 885 1669 flagitiosos
907 1627 1112 1659 animadver-

146 1671 246 1703 tendi.
291 1670 357 1703 Sed
385 1671 449 1701 alia
478 1671 538 1701 fuit
562 1671 697 1702 Davidis
720 1670 869 1709 conditio,
893 1671 946 1711 qui
970 1671 1112 1711 profecto

145 1715 173 1747 si
203 1714 351 1754 privatus
380 1714 492 1745 fuisset
521 1713 603 1744 nihil
626 1714 659 1744 in
683 1714 840 1745 Nabalem
865 1719 991 1745 tentare
1014 1724 1112 1745 ausus

145 1758 266 1793 fuisset,
299 1767 356 1788 nec
384 1756 435 1787 sui
463 1756 559 1787 officii
588 1762 715 1787 tantum
744 1757 873 1793 oblitus,
904 1756 965 1788 etsi
994 1756 1112 1787 iustam

146 1809 276 1833 causam
298 1799 417 1831 habere
439 1799 613 1830 videretur.
659 1799 748 1830 Deus
771 1800 872 1840 igitur
895 1810 967 1830 eum
992 1799 1111 1830 autori-

146 1847 224 1881 tate,
246 1847 278 1874 et
300 1841 432 1882 speciali
454 1841 625 1882 privilegio
648 1841 805 1873 adversus
827 1842 982 1873 Nabalem
1007 1852 1112 1873 arma-

147 1886 215 1923 vit,
257 1895 356 1925 quum
397 1884 554 1915 militibus
594 1884 686 1915 illum
721 1885 833 1924 stipari
869 1885 970 1915 voluit
1004 1894 1044 1915 ne
1077 1884 1112 1914 in

146 1928 288 1960 hostium
307 1937 422 1959 manus
440 1927 577 1964 veniret,
597 1931 629 1958 et
644 1928 723 1967 ipsis
740 1927 859 1968 praeda
877 1928 979 1959 fieret.
1004 1926 1112 1958 David

146 1972 248 2013 igitur
279 1980 352 2001 cum
386 1970 454 2001 suis
482 1969 640 2001 militibus
671 1980 741 2001 sese
771 1970 870 2001 armis
899 1975 1024 2001 tutatus
1054 1973 1112 2007 est,

148 2024 213 2046 non
243 2017 279 2044 ut
302 2012 395 2044 Sauli
425 2018 553 2044 noceret
582 2016 638 2043 aut
661 2011 699 2044 de
723 2012 882 2053 dignitate
904 2013 1011 2053 ipsum
1035 2012 1112 2043 deii-

148 2060 251 2095 ceret,
281 2056 337 2087 sed
366 2060 402 2087 nt
432 2055 533 2086 vitam
565 2065 658 2086 suam
690 2065 885 2096 suorumque
915 2055 1113 2086 defenderet.

148 2100 239 2131 Deus
266 2098 369 2139 igitur
391 2097 514 2129 Davidi
543 2097 730 2129 comitatum
763 2098 855 2129 illum
886 2097 988 2135 dedit,
1021 2107 1058 2129 ac
1087 2098 1114 2129 si

147 2142 297 2183 princeps
315 2141 431 2181 aliquis
449 2140 678 2181 praesidiarios
701 2141 820 2172 milites
842 2141 936 2172 alicui
962 2139 1115 2172 concedat

149 2184 190 2217 ad
219 2185 268 2216 sui
299 2183 530 2221 defensionem,
562 2194 625 2213 non
656 2187 694 2214 ut
723 2183 770 2214 illi
795 2184 950 2214 damnum
974 2183 1115 2214 inferant

150 2231 183 2259 et
201 2226 397 2258 tumultuose
416 2226 538 2267 aliquid
557 2226 686 2263 faciant,
710 2226 766 2257 sed
785 2231 822 2257 ut
845 2227 871 2257 si
895 2227 950 2257 fiat
971 2226 1005 2256 in
1028 2226 1114 2265 ipsos

151 2271 308 2311 impetus,
350 2274 382 2300 et
414 2270 556 2309 quietem
590 2269 732 2308 ipsorum
768 2269 865 2309 aliqui
901 2268 1114 2305 turbaverint,

151 2323 220 2345 sese
237 2312 336 2344 armis
355 2316 515 2350 tueantur,
538 2315 570 2342 et
588 2311 736 2343 inimicos
759 2322 834 2343 suos
857 2312 1040 2352 profligent.
1063 2310 1115 2341 Ita

151 2354 242 2387 Deus
275 2354 397 2386 Davidi
435 2360 590 2394 tanquam
624 2354 852 2394 praesidiarios
886 2354 963 2385 istos
997 2354 1115 2384 milites

152 2398 267 2438 quibus
285 2407 318 2428 se
337 2401 484 2428 tueretur
502 2396 599 2428 dedit.
632 2396 702 2428 Non
723 2398 821 2437 igitur
844 2401 963 2428 temere
977 2396 1115 2427 Davidis
1142 2417 1143 2422 ,

153 2440 336 2481 exemplum
360 2440 452 2471 nobis
475 2439 668 2471 imitandum
692 2444 740 2471 est
761 2440 795 2470 in
818 2439 1006 2480 colligendis
1031 2439 1114 2469 mili-

155 2482 249 2520 tibus,
279 2487 312 2514 et
340 2482 482 2514 humano
511 2482 670 2522 sanguine
692 2482 864 2521 fundendo,
895 2482 956 2513 nisi
979 2481 1116 2522 speciale

157 2525 218 2556 Dei
237 2524 424 2556 mandatum
449 2525 628 2563 accesserit,
658 2525 929 2564 quemadmodum
953 2524 1114 2555 Davidem

156 2567 303 2599 videmus
330 2568 480 2599 statuisse
508 2568 543 2598 in
567 2567 691 2598 Nabale
720 2568 902 2598 severitatis
931 2567 1114 2607 exemplum

156 2609 267 2648 edere,
300 2610 384 2649 quod
417 2610 465 2641 illi
498 2610 588 2641 licuit
622 2609 662 2640 ad
696 2616 915 2642 contumacem
952 2610 1115 2640 hominem

1135 1114 1236 1144 {dam
1279 1115 1385 1153 passio
1419 1120 1449 1144 et
1483 1115 1580 1144 animi
1616 1113 1828 1153 perturbatio:

776 214 823 245 IN
848 213 873 245 I.
898 213 986 244 LIB.
1010 212 1208 244 SAMUEL.
1234 213 1330 245 CAR
1354 214 1463 245 XXV.
2053 210 2114 241 538

1155 310 1244 336 aestu
1275 307 1457 338 iracundiae
1487 307 1598 347 abripi,
1628 305 1711 345 quod
1743 303 2023 336 condemnandum
2055 310 2114 334 est.

1130 380 1131 388 ,
1156 348 1237 379 Nam
1270 350 1296 379 si
1326 350 1423 380 iudex
1456 361 1512 390 pro
1543 348 1695 380 tribunali
1728 348 1842 378 sedens
1866 347 2058 378 sententiam
2084 346 2117 376 in

1130 419 1131 428 ,
1156 391 1336 422 maleficum
1368 392 1456 428 ferat,
1487 398 1515 423 et
1547 391 1652 431 aliqua
1683 391 1829 430 passione
1860 390 1891 420 in
1916 391 2018 429 ipsun]
2046 394 2115 419 tan-

1158 444 1252 473 quan]
1274 435 1436 464 inimicum
1456 440 1633 472 exaestuet,
1657 440 1778 464 eertum
1799 439 1847 463 est
1867 432 1987 463 violare
2011 431 2116 471 ipsum

1157 483 1187 506 et
1221 487 1424 516 corrumpere
1463 477 1601 507 iustitiae
1636 477 1864 515 integritatem.
1918 475 1989 505 Non
2026 474 2119 504 aliter

1131 536 1133 556 ζ,
1158 517 1265 548 David
1290 524 1321 549 et
1345 519 1470 558 quidem
1497 520 1616 559 potiore
1642 519 1763 549 ratione
1783 516 2045 549 condemnandus
2070 521 2117 547 est

1131 564 1256 600 {quum
1291 561 1323 591 iu
1359 561 1512 592 Nabalem
1549 561 1668 591 exarsit
1705 561 1832 591 ulturus
1867 560 2022 598 iniurias,
2057 559 2115 589 etsi

139 608 243 644 batur,
267 611 298 637 et
316 606 471 646 singulari
491 604 670 644 privilegio,
695 604 777 644 quod
802 615 819 635 a
834 604 902 635 Deo
927 604 957 634 in
983 603 1104 643 regiam
1131 608 1133 612 '

1159 604 1361 633 autoritatem
1402 615 1419 634 a
1453 604 1523 633 Deo
1567 604 1739 643 accepisset
1774 603 1878 643 ipsum
1914 601 2117 632 ulsciscendi.

1160 645 1317 685 Equidem
1342 647 1441 677 fatcor
1453 645 1611 677 Davidem
1636 646 1771 685 quodam
1797 645 1915 685 gloriae
1929 644 1990 674 Dei
2014 643 2119 675 studio

1160 688 1290 718 ductum
1319 688 1417 719 fuisse
1441 700 1536 728 quum
1561 689 1712 719 miserum
1738 688 1825 718 illum
1853 687 2006 718 Nabalem
2034 687 2119 716 vide-

1133 759 1134 765 ,
1160 736 1208 761 ret
1247 741 1309 760 non
1347 736 1471 761 tantum
1503 732 1534 761 in
1565 742 1597 761 se
1628 731 1831 770 blasphemas
1860 730 1931 761 illas
1963 739 2055 760 voces
2089 734 2121 759 et

1160 773 1371 804 contumelias
1396 774 1527 804 torsisse
1558 784 1655 813 quum
1688 773 1822 804 diceret:
1857 772 1934 811 Quis
1964 774 2007 802 est
2032 771 2120 810 filius

1162 816 1232 846 lsai
1258 818 1283 846 et
1306 816 1380 855 quid
1396 816 1476 847 mihi
1497 817 1544 847 rei
1562 826 1629 847 cum
1651 816 1728 846 illo?
1763 815 1817 846 sed
1841 816 1935 845 etiam
1960 815 1991 845 in
2016 814 2120 854 ipsum

1160 858 1266 888 Deum
1298 868 1316 888 a
1347 869 1408 898 quo
1435 859 1538 889 David
1563 859 1682 889 electus
1706 859 1809 888 fuerat
1833 863 1864 888 et
1889 864 2031 888 vocatus.
2077 856 2122 887 Et

1161 911 1226 932 non
1251 900 1381 931 dubium
1405 907 1452 931 est
1476 901 1553 941 quin
1580 900 1686 931 David
1711 901 1805 931 etiam
1832 900 2009 931 doctrinam
2034 899 2121 930 illam

1162 954 1258 983 quam
1291 943 1352 974 alio
1387 944 1453 974 loeo
1485 944 1575 975 docet
1607 944 1737 983 ipsemet
1772 943 1944 982 usurparit.
1998 942 2120 981 Nempe

1162 985 1333 1026 opprobria
1362 986 1565 1017 inimieorum
1597 986 1627 1015 in
1660 991 1755 1025 eaput
1786 986 1926 1024 ipsorum
1959 984 2118 1015 recidisse.

1161 1028 1311 1068 Denique
1342 1039 1403 1059 non
1435 1029 1564 1059 dubium
1597 1034 1645 1059 est
1674 1029 1750 1067 quin
1775 1027 1882 1058 David
1913 1027 2034 1068 gloriae
2059 1027 2119 1057 Dei

1163 1071 1269 1102 studio
1299 1070 1415 1102 ductus
1439 1072 1496 1102 sit:
1528 1071 1581 1101 sed
1606 1071 1752 1110 quoniam
1778 1070 1920 1100 admixta
1944 1071 2002 1100 fuit
2026 1080 2120 1109 quae-

1869 1113 1900 1143 in
1936 1123 1971 1143 eo
2007 1112 2121 1142 merito

1163 1155 1324 1186 Davidem
1334 1156 1611 1187 condemnandum
1627 1156 1769 1187 dicimus.
1780 1155 1917 1194 Ideoque
1932 1166 1991 1185 non
2004 1161 2123 1185 temere

1163 1200 1263 1239 ipsius
1287 1200 1468 1238 exemplum
1495 1199 1553 1229 hoc
1577 1199 1643 1230 loeo
1667 1197 1909 1237 insequendum,
1941 1197 1994 1228 sed
2019 1198 2122 1237 potius

1163 1241 1400 1282 agnoscendum
1432 1241 1585 1281 angelicis
1616 1241 1678 1271 illis
1708 1240 1883 1270 virtutibus
1907 1250 1986 1280 quas
2011 1250 2027 1269 a
2051 1239 2121 1270 Deo

1164 1289 1329 1324 acceperat
1365 1284 1523 1314 humanae
1554 1283 1751 1314 infirmitatis
1780 1283 1930 1322 reliquias
1961 1282 2122 1312 admixtas

1164 1327 1272 1358 fuisse.
1325 1327 1499 1357 Hominem
1535 1337 1610 1367 ergo
1645 1326 1741 1357 fuisse
1775 1325 1933 1355 Davidem
1965 1324 2056 1355 Deus
2090 1324 2122 1354 in

1165 1370 1255 1400 factis
1279 1370 1378 1409 ipsius
1401 1369 1557 1409 aliquibus
1582 1378 1734 1408 apparere
1759 1368 1873 1398 voluit:
1902 1375 1936 1398 ut
1960 1378 2016 1398 nos
2040 1368 2123 1406 ipsos

1166 1422 1347 1453 agnoscere,
1372 1417 1404 1442 et
1426 1412 1536 1452 quales
1559 1412 1660 1442 simus
1684 1411 1774 1441 fateri
1798 1410 1966 1448 discamus,
1991 1415 2026 1440 ut
2050 1409 2124 1440 lieet

1165 1466 1221 1494 pro
1257 1455 1379 1486 viribus
1413 1455 1598 1494 perfectioni
1633 1453 1836 1490 studeamus,
1878 1453 1980 1483 multa
2015 1458 2123 1482 tamen

1165 1499 1255 1528 intus
1271 1497 1349 1528 vitia
1369 1508 1436 1528 esse
1454 1498 1489 1528 in
1508 1497 1599 1528 nobis
1619 1496 1741 1536 reliqua
1761 1496 1908 1532 sciamus,
1933 1506 1967 1526 ac
1992 1494 2124 1535 proinde

1166 1540 1277 1572 sedulo
1301 1540 1339 1570 ad
1364 1540 1540 1570 Dominum
1565 1545 1708 1570 nostrum
1734 1538 1839 1569 Iesum
1865 1538 2030 1569 Christum
2052 1548 2125 1568 eon-

1164 1583 1326 1623 fugiamus
1349 1583 1439 1614 cuius
1462 1583 1576 1623 spiritu
1598 1592 1758 1622 regamur,
1782 1588 1812 1611 et
1836 1580 1991 1612 violentos
2014 1590 2125 1610 omnes

1138 1650 1139 1658 1
1166 1627 1299 1658 affectus
1322 1636 1518 1665 superemus.

1251 1669 1318 1699 Iam
1341 1678 1419 1699 vero
1442 1668 1537 1709 agite,
1560 1669 1609 1698 etc.

1470 1837 1714 1877 HOMILIA
1739 1836 1822 1875 XC.

1252 1924 1300 1955 14.
1326 1923 1455 1963 Abiyail
1484 1925 1585 1954 autem
1615 1921 1707 1953 uxori
1733 1919 1837 1951 Nabal
1866 1920 2024 1950 nunciavit
2046 1930 2128 1952 *teitus

1165 1969 1202 2000 de
1226 1967 1340 2006 pueris
1367 1967 1436 1997 suis
1458 1965 1576 1997 dicens:
1606 1965 1682 1995 Ecce
1706 1963 1812 1994 David
1835 1963 1920 1993 misit
1943 1963 2069 1994 nuncios
2091 1963 2128 1994 dc

1166 2011 1292 2048 deserto,
1321 2012 1355 2040 ut
1384 2008 1587 2039 benedicerent
1611 2007 1745 2037 Domino
1776 2007 1876 2036 nostro
1899 2007 1925 2035 et
1947 2005 2129 2037 adversatus

1168 2056 1212 2084 est
1240 2063 1296 2084 eos.
1343 2051 1391 2082 15.
1416 2051 1566 2081 Homines
1598 2050 1648 2080 isti
1677 2049 1748 2079 Doni
1777 2048 1855 2078 sotis
1880 2047 2008 2086 fuerunt
2030 2048 2125 2087 nobis,

1168 2099 1196 2127 et
1226 2105 1284 2126 non
1314 2094 1446 2131 molesti,
1474 2103 1526 2123 nec
1549 2093 1717 2131 quidquam
1741 2090 1907 2129 aliquando
1926 2090 2021 2129 periit
2044 2091 2127 2121 omni

1167 2141 1297 2177 tempore
1334 2148 1392 2176 quo
1421 2136 1588 2168 conversati
1615 2135 1736 2174 fuimus
1765 2143 1831 2164 cum
1863 2133 1908 2163 eis
1939 2133 1969 2163 in
1999 2133 2126 2164 ‹Ie-serto.

1170 2181 1218 2212 16.
1243 2180 1307 2211 Pro
1329 2189 1419 2210 muro
1442 2180 1528 2209 crant
1550 2177 1635 2208 nobis
1657 2179 1719 2206 tam
1742 2176 1773 2206 in
1799 2177 1878 2206 nocte
1899 2185 1991 2214 quam
2017 2176 2047 2205 in
2070 2176 2127 2213 die,

1168 2223 1308 2255 omnibns
1345 2221 1451 2253 (liebus
1490 2220 1601 2260 quibus
1632 2219 1777 2258 pavimus
1811 2217 1896 2256 apud
1929 2227 1978 2247 cos
2009 2228 2125 2257 yreycs.

1170 2267 1219 2297 17.
1253 2264 1454 2304 Quamobrem
1483 2263 1656 2301 considera,
1696 2264 1721 2291 e!
1751 2260 1883 2300 rccoyita
1912 2260 1988 2299 quid
2015 2261 2126 2298 facias,

1168 2309 1316 2349 quoniam
1344 2306 1490 2345 completa
1512 2308 1555 2336 cst
1579 2304 1698 2335 malitia
1721 2303 1883 2334 adversum
1908 2303 2006 2332 virum
2030 2305 2126 2343 tuum,

1169 2354 1196 2383 et
1223 2352 1387 2382 adversum
1409 2349 1565 2379 dominum
1590 2350 1684 2385 tuum,
1715 2348 1741 2376 et
1763 2345 1827 2383 ipse
1849 2348 1891 2375 cst
1912 2344 1999 2383 filins
2022 2344 2127 2376 Bclial

1169 2395 1213 2424 ita
1247 2395 1282 2424 ut
1314 2401 1397 2423 nemo
1422 2391 1521 2431 possit
1548 2390 1576 2420 ci
1602 2389 1693 2428 loqui.
1748 2387 1796 2418 18.
1827 2387 2001 2417 Festinavit
2031 2388 2128 2427 iyitur

1169 2435 1297 2476 Ahiyail
1325 2437 1352 2465 et
1382 2433 1449 2464 tulit
1475 2433 1616 2463 ducentos
1638 2441 1747 2470 panes,
1777 2433 1802 2460 et
1831 2430 1911 2460 duos
1940 2432 2020 2460 utres
2052 2431 2126 2469 vini,

1169 2482 1196 2510 et
1229 2479 1363 2518 quinque
1390 2477 1501 2507 arietes
1528 2477 1637 2511 coctos,
1667 2476 1692 2503 et
1720 2473 1852 2512 quinque
1880 2474 1949 2502 suta
1974 2472 2128 2511 polentae,

1169 2524 1195 2553 et
1223 2523 1341 2552 centum
1371 2519 1525 2559 hymarus
1547 2527 1624 2547 uvae
1640 2526 1764 2555 passae,
1787 2517 1814 2545 ct
1837 2514 1982 2545 ducentas
2006 2525 2128 2547 massas

1169 2565 1358 2595 caricarum:
1389 2564 1416 2592 et
1445 2559 1588 2599 imposuit
1617 2569 1710 2598 super
1740 2558 1855 2589 asinos.
1902 2557 1950 2588 19.
1977 2556 2127 2597 Dixitque

1143 2638 1144 2642 ,
1162 2607 1291 2647 pueris:
1314 2604 1490 2635 Praecedite
1511 2612 1566 2641 me,
1589 2604 1616 2632 et
1635 2611 1695 2632 ecce
1718 2610 1768 2641 eqo
1785 2602 1856 2639 post
1877 2602 1990 2640 teryunz
2013 2608 2142 2640 sequar·

155 2652 368 2694 puniendum,
396 2653 456 2684 etsi
485 2657 595 2684 tamen
618 2663 652 2683 se
673 2663 787 2693 passus
810 2659 859 2684 est
881 2652 1115 2684 vehementiori
1142 2643 1144 2677 l
1167 2660 1238 2681 vos.-
1260 2649 1326 2680 viro
1348 2649 1447 2677 autem
1469 2655 1524 2676 suo
1550 2643 1653 2675 Nabal
1675 2653 1735 2674 non
1758 2642 1916 2673 indicavit.
1950 2642 2000 2673 ⁶20.
2028 2643 2125 2682 Quum
