2551 3044
141 201 203 232 513

142 297 228 328 enim
258 306 309 327 me
339 295 372 326 in
404 304 520 325 manus
549 298 622 323 tuas
645 291 833 329 tradiderat,
865 298 899 322 tu
923 303 973 323 me
996 298 1101 323 autem

142 339 336 371 incolumem
363 336 522 373 dimisisti,
557 339 592 366 tu
611 344 661 365 me
682 333 776 364 hodio
796 333 907 365 multis
931 335 1103 366 benefactis

143 382 325 414 cumulasti.
371 380 421 411 Ex
452 378 566 418 quibus
597 376 704 408 verbis
726 376 858 417 colligas
881 377 1013 407 Saulem
1038 388 1102 408 non

142 424 236 456 modo
250 433 323 455 vere
336 431 527 454 conversum
549 419 656 457 fuisse,
679 424 710 449 et
734 418 810 450 facti
833 419 883 450 sui
907 420 1104 458 poenitentia

143 467 284 502 ductum,
307 464 472 496 sedetiam
494 461 585 493 valde
609 460 806 501 religiosum,
830 465 862 492 et
885 461 989 493 studio
1010 472 1103 493 verae

142 508 358 549 poenitentiae
384 506 506 541 ardere,
537 509 631 543 atque
650 504 738 534 intus
761 503 795 534 in
818 504 925 535 animo
948 504 1033 535 affici
1056 505 1105 535 in-

142 552 226 583 iuria
259 559 355 590 quam
382 547 503 578 Davidi
534 546 706 583 intulerat,
744 556 843 585 quum
874 556 907 577 se
937 557 974 577 eo
1004 558 1103 587 usque

143 593 284 625 demittit
310 598 342 622 et
362 591 486 631 regiam
510 588 698 629 dignitatem
723 588 958 628 quodammodo
982 589 1103 620 Davidi

143 635 280 673 subiicit,
303 634 397 674 longe
416 631 581 663 dissimilis
604 631 643 662 iis
666 631 719 670 qui
744 637 870 661 tantum
894 642 934 662 ex
957 638 1048 671 parte
1071 637 1104 663 et

142 688 197 709 ore
226 682 356 717 peccata
383 676 543 711 fatentur,
581 678 613 704 et
641 674 675 704 in
706 679 834 713 pectore
865 673 953 704 aliud
983 675 1102 706 fovent.

142 720 322 752 Videbatur
352 717 438 749 enim
464 716 542 749 Saul
572 726 665 757 posse
688 716 844 748 adversus
866 716 1024 748 Davidem
1047 728 1103 748 ex-

141 763 263 803 cipere:
287 762 374 799 Esto,
396 771 449 791 me
461 759 654 790 incolumem
675 758 806 795 dimisit,
831 758 887 790 sed
911 759 1103 799 dignitatem

141 815 246 836 meam
277 804 434 835 reveritus
462 812 556 843 quam
588 802 708 832 sciebat
738 811 771 832 se
801 801 827 832 si
858 801 1009 833 violasset
1039 813 1103 833 non

142 849 273 888 impune
292 847 444 877 laturum.
477 844 537 875 Vel
560 843 716 883 potuisset
739 843 846 874 verbis
868 845 987 884 populo
1011 845 1104 876 satis-

142 890 258 931 facere,
289 895 322 921 et
350 898 442 920 suam
472 887 680 918 autoritatem
711 886 795 926 apud
826 887 932 927 ipsum
956 887 1103 926 retinere,

144 932 346 964 dissimulata
363 937 469 961 tamen
493 928 622 966 iniuria,
647 939 742 968 quam
768 929 930 967 intulerat,
952 934 985 960 et
1007 930 1103 961 bene-

143 977 222 1007 ficiis
251 985 331 1015 quae
361 977 526 1012 acceperat
555 976 591 1002 ut
619 972 722 1002 solent
753 982 844 1011 reges
875 983 912 1003 ac
941 972 1104 1012 principes

143 1017 346 1050 dissimulare
379 1015 534 1046 beneficia
566 1024 646 1053 quae
680 1019 873 1054 acceperunt
905 1025 923 1046 a
957 1015 1103 1052 subditis,

145 1061 227 1102 quod
247 1059 366 1101 pudeat
389 1059 473 1098 ipsos
496 1056 652 1095 confiteri,
677 1056 751 1088 licet
774 1063 951 1097 agnoscant
974 1057 1104 1097 quidem

143 1104 282 1144 aliquem
305 1101 406 1133 fidum
429 1099 603 1138 subditum,
633 1098 689 1130 sed
711 1106 818 1130 tamen
842 1100 948 1131 nolint
971 1100 1064 1131 fateri
1087 1110 1105 1130 a

143 1157 178 1178 se
200 1145 318 1176 iniuria
340 1143 501 1175 affectum.
525 1140 590 1173 Sed
614 1147 726 1173 contra
748 1141 830 1173 Saul
854 1142 906 1174 hic
930 1148 1049 1182 aperte,
1073 1148 1105 1174 et

143 1189 301 1230 ingenue,
330 1197 393 1217 non
424 1189 551 1216 tantum
582 1184 717 1215 iniurias
747 1194 767 1215 a
796 1195 830 1215 se
853 1185 975 1217 Davidi
1003 1186 1105 1216 factas

143 1231 321 1267 confitetur,
345 1228 399 1260 sed
415 1229 511 1258 etiam
530 1227 696 1258 benefacta
719 1227 758 1258 ab
781 1227 850 1267 ipso
873 1228 907 1259 in
931 1238 965 1258 se
988 1228 1105 1259 collata

143 1273 298 1314 agnoscit,
329 1277 361 1302 et
388 1270 542 1302 adversus
571 1280 605 1301 se
626 1271 734 1310 ipsum
757 1271 950 1301 sententiam
974 1271 1103 1310 profert,

142 1315 286 1355 nihilque
316 1323 428 1345 eorum
457 1312 659 1344 obliviscitur
681 1323 763 1352 quae
786 1312 827 1344 ad
850 1312 987 1345 Davidis
1011 1314 1104 1344 inno-

142 1359 281 1390 centiam
309 1357 475 1388 faciebant.
521 1354 609 1393 Quin
634 1355 732 1386 etiam
756 1356 818 1396 ipsi
842 1355 922 1387 bene
945 1361 1104 1396 precatur,

143 1406 181 1433 ut
203 1401 288 1432 dicas
310 1399 394 1430 nihil
416 1398 451 1429 in
470 1398 568 1429 Saule
591 1398 712 1438 requiri
738 1399 778 1429 ad
803 1409 913 1429 veram
936 1399 1103 1439 poeniten-

143 1444 231 1482 tiam,
261 1447 294 1474 et
317 1441 401 1483 quod
424 1441 526 1481 magis
549 1446 600 1472 est
623 1441 685 1472 Dei
708 1441 809 1481 ipsius
832 1441 948 1480 spiritu
971 1452 995 1473 s.
1020 1442 1103 1480 regi:

143 1497 219 1518 nam
247 1495 306 1526 pro
335 1495 371 1515 eo
401 1483 487 1523 quod
511 1487 608 1515 antea
629 1482 712 1514 nihil
735 1484 796 1515 nisi
820 1484 990 1515 maledicta
1014 1484 1104 1525 inge-

143 1529 302 1568 minabat,
335 1532 366 1558 et
402 1536 536 1557 suorum
571 1526 728 1557 adversus
756 1526 916 1557 Davidem
949 1537 1042 1566 opem
1073 1532 1105 1558 et

143 1571 300 1604 auxilium
332 1568 541 1609 implorabat,
575 1578 662 1599 nunc
691 1569 773 1600 bene
805 1569 925 1600 Davidi
955 1574 1104 1609 precatus

143 1614 249 1645 Deum
272 1619 351 1649 orat,
375 1617 411 1642 ut
433 1611 590 1642 beneficia
613 1622 695 1651 quae
719 1622 737 1642 a
757 1612 882 1643 Davide
905 1612 1026 1652 accepit
1049 1623 1103 1643 cu-

142 1657 264 1688 mulate
286 1656 347 1695 ipsi
370 1654 493 1685 reddat.
521 1653 612 1692 Quae
635 1655 744 1685 omnia
767 1654 868 1685 bonae
893 1655 1009 1686 mentis
1032 1665 1103 1694 spe-

142 1700 223 1732 ciem
253 1698 382 1739 quidem
416 1696 552 1727 habent:
585 1700 622 1727 ut
650 1696 746 1727 multi
776 1697 883 1728 solent
912 1697 1103 1737 quibusdam

143 1742 244 1783 signis
264 1741 407 1772 externis
426 1740 580 1779 pietatem
592 1739 763 1770 simulare:
787 1739 841 1771 sed
861 1745 981 1777 tamen,
1004 1751 1101 1780 quum

143 1785 234 1816 nulla
262 1784 304 1815 sit
330 1782 573 1823 perseverantia
595 1792 698 1822 neque
720 1783 911 1819 constantia,
941 1793 1006 1813 non
1030 1792 1102 1822 pos-

143 1831 220 1859 sunt
247 1825 359 1857 haberi
385 1835 443 1865 pro
473 1835 550 1855 vera
578 1825 794 1865 poenitentia,
825 1830 856 1856 et
886 1825 959 1856 licet
981 1826 1103 1857 multae

141 1870 208 1901 sint
225 1869 396 1909 lacrymae,
421 1867 577 1907 multique
596 1868 735 1908 gemitus
759 1868 812 1907 qui
836 1872 945 1899 tamen
968 1868 1030 1899 nisi
1056 1869 1101 1900 vi-

141 1923 199 1944 vae
228 1911 315 1942 illius
345 1910 461 1941 radicis
489 1909 615 1941 fructus
646 1915 816 1950 appareat,
851 1911 937 1941 irriti
965 1917 1041 1942 sunt
1071 1915 1102 1942 et

140 1955 259 1986 inanes.
283 1952 502 1993 Quamobrem
522 1953 607 1983 serio
627 1953 665 1984 de
685 1953 775 1984 nobis
799 1963 870 1984 esse
893 1953 1101 1993 cogitandum

141 1997 267 2035 discite3
306 2001 338 2027 et
371 1995 512 2027 dandam
542 2006 672 2034 operam
702 2001 739 2026 ut
767 1996 901 2036 quisque
932 2007 965 2027 se
993 1997 1100 2036 ipsum

141 2046 324 2080 suspectum
352 2038 479 2077 habeat,
508 2048 549 2068 ne
572 2039 600 2068 si
623 2038 730 2077 aliquo
753 2049 864 2069 morsu
887 2039 1100 2070 conscientiae

141 2087 328 2123 tangamur,
357 2086 391 2111 et
420 2081 528 2120 aliqua
559 2080 691 2112 tristitia
720 2080 917 2118 afficiamur,
949 2087 1100 2120 putemus

140 2135 199 2157 nos
229 2125 268 2156 ad
297 2123 471 2164 perfectam
494 2123 738 2154 conversionem
759 2124 963 2163 pervenisse:
994 2124 1050 2155 sed
1074 2125 1100 2155 si

141 2178 204 2208 qua
225 2168 259 2198 iu
281 2167 373 2198 nobis
396 2166 539 2197 scintilla
561 2166 657 2197 fuerit
681 2167 900 2197 conversionis
923 2166 1024 2197 aDeo
1044 2177 1098 2198 ex-

141 2210 255 2247 citata,
284 2210 390 2249 ignem
421 2208 515 2239 illum
545 2209 674 2240 accendi
702 2209 911 2248 postulemus,
942 2214 974 2239 et
996 2210 1100 2249 magis

142 2262 179 2284 ao
201 2252 303 2292 magis
326 2256 454 2291 peccata
477 2257 588 2282 nostra
610 2251 870 2287 condemnemus,
901 2256 933 2282 et
955 2258 1100 2291 peccato-

142 2305 214 2326 rum
242 2298 422 2325 nostrorum
445 2293 573 2325 veniam
596 2293 823 2334 deprecemur:
854 2295 1026 2334 Deumque
1049 2305 1100 2325 ar-

143 2336 340 2368 dentioribus
351 2336 434 2367 votis
447 2336 652 2374 solicitemus,
676 2342 711 2368 ut
729 2337 822 2368 nobis
840 2337 947 2368 oculos
966 2338 1099 2377 aperiat,

143 2384 179 2411 ut
197 2383 326 2419 peccata
337 2383 447 2409 nostra
468 2385 502 2410 et
524 2380 670 2411 miserias
693 2385 913 2420 agnoscentes,
937 2390 974 2410 ea
998 2380 1099 2411 disca-

143 2431 215 2453 mus
243 2421 363 2460 odisse,
391 2421 455 2452 imo
485 2426 518 2452 et
547 2432 604 2453 nos
635 2422 738 2462 ipsos,
770 2422 870 2453 donec
901 2433 1013 2453 verum
1037 2423 1101 2454 Dei

144 2465 290 2495 timorem
321 2464 354 2494 in
378 2464 496 2494 nostris
518 2464 667 2495 cordibus
690 2465 890 2504 insculptum
914 2466 1099 2504 sentiamus,

143 2507 235 2538 cuius
257 2507 289 2536 vi
316 2511 348 2537 et
369 2507 509 2538 efficacia
531 2507 565 2537 in
585 2507 701 2538 melius
724 2507 865 2547 quotidie
889 2508 1101 2547 proficiamus,

144 2549 222 2580 adeo
233 2548 361 2588 quidem
383 2555 419 2579 ut
441 2549 468 2580 si
485 2559 548 2589 qua
569 2560 627 2580 nos
650 2550 780 2581 afflictio
804 2551 992 2589 exercuerit,
1017 2562 1100 2582 nun-

145 2601 241 2632 quam
278 2591 497 2631 desperemus,
532 2596 563 2622 et
601 2592 782 2632 quicunque
817 2603 910 2624 casus
940 2593 1099 2630 ceciderit,

145 2643 311 2673 nunquam
323 2633 520 2665 vacillemus.
543 2634 625 2665 Nam
640 2645 734 2674 quam
749 2636 866 2666 misera
884 2641 969 2666 esset
990 2642 1100 2667 nostra

240 2683 348 2710 Caluini
363 2691 455 2717 opera.
492 2684 553 2711 Vol.
567 2684 664 2711 XXX.

777 199 825 230 IN
846 199 872 230 .
897 199 984 230 LIB.
1009 198 1207 232 SAMUEL.
1232 201 1328 233 CAP.
1354 203 1481 234 XXIV.

2052 204 2118 237 514

1155 294 1294 326 conditio
1306 296 1332 327 si
1351 296 1444 327 modo
1467 297 1546 329 recti
1569 308 1677 329 amore
1701 298 1900 337 duceremur,
1923 303 1956 330 et
1977 299 2113 340 integri

1156 342 1253 367 tatem
1267 348 1342 377 prae
1356 339 1447 370 nobis
1470 339 1611 379 aliquam
1636 341 1802 378 ferremus,
1827 342 1921 373 modo
1947 352 2022 373 vcro
2047 342 2113 373 dia

1155 378 1216 409 boli
1248 380 1359 411 fraude
1389 383 1563 413 transversi
1587 394 1766 424 ageremur,
1794 390 1826 415 et
1849 395 1867 415 a
1890 390 1977 415 reeta
2000 385 2115 416 semita

1156 420 1400 461 deduceremur,
1432 429 1464 455 et
1494 430 1646 465 tanquam
1677 426 1794 458 iniecta
1824 427 1855 458 in
1887 437 1982 458 nares
2015 427 2114 459 fibula

1156 465 1373 502 traheremur,
1404 466 1485 506 quod
1517 469 1657 507 profecto
1687 470 1887 510 contingeret
1916 469 1944 501 si
1967 470 2113 502 conversi

1156 507 1195 537 ad
1220 507 1324 538 Deum
1356 509 1389 539 in
1421 510 1546 549 incepto
1570 521 1630 541 non
1655 522 1945 551 perseveraremus.
1991 512 2114 551 Quam-

1155 548 1262 580 obrem
1294 551 1327 580 in
1354 550 1452 581 Saule
1488 558 1651 592 tamquam
1683 554 1714 584 in
1743 554 1872 594 speculo
1901 565 1959 586 nos
1987 559 2114 595 oportet

1155 591 1273 622 intueri
1303 598 1422 632 quanta
1450 594 1492 625 sit
1515 595 1546 625 in
1572 595 1755 627 hominibus
1778 597 1968 637 hypocrisis,
1992 602 2114 637 quanta

1157 633 1317 672 vitiorum,
1339 642 1458 674 quanta
1482 636 1742 676 blasphemarum
1766 650 1890 676 vocum,
1919 645 2039 679 quanta
2063 639 2114 671 de

1156 677 1251 716 nique
1275 677 1480 709 affectionum
1505 679 1720 711 humanarum
1745 682 1802 719 vis,
1826 688 1863 712 ut
1886 692 1922 713 eo
1945 682 2114 713 ardentius

1156 718 1262 749 Deum
1294 721 1414 759 precari
1446 721 1613 759 discamus,
1645 728 1681 753 ut
1710 733 1768 755 nos
1791 724 1879 755 omni
1903 725 2002 755 animi
2025 735 2114 755 arro-

1157 762 1266 801 gantia
1284 768 1390 799 exuat,
1414 768 1445 794 et
1468 764 1584 795 bonam
1607 771 1749 796 mentem
1772 766 1930 807 largiatur
1952 777 2033 807 quae
2057 777 2114 798 nos

1156 814 1262 835 coram
1288 804 1356 835 Deo
1380 805 1449 836 sine
1471 806 1543 837 fuco
1567 807 1730 839 ambulare
1754 808 1874 840 doceat.

1242 846 1412 878 Caeterum
1433 850 1491 878 etsi
1512 850 1620 880 Saulis
1643 851 1705 881 ista
1728 851 1885 882 confessio
1909 851 2037 883 videtur
2060 852 2114 883 ho-

1156 889 1281 919 minum
1304 890 1453 929 opinione
1476 891 1635 922 Davidem
1659 892 1739 923 nihil
1762 894 1892 932 iuvisse,
1916 905 1980 925 non
2003 900 2114 926 tamen

1156 931 1288 962 omnino
1319 933 1379 963 fuit
1410 933 1541 965 inutilis,
1587 934 1669 965 Nam
1701 940 1768 967 esto
1793 935 1902 967 David
1929 936 2052 968 nullam
2077 948 2117 968 ex

1157 984 1193 1004 ea
1215 975 1394 1014 perceperit
1417 976 1597 1015 utilitatem,
1622 977 1722 1008 voluit
1746 984 1853 1009 tamen
1872 979 1963 1010 Deus
1981 979 2116 1011 Saulem

1156 1027 1193 1047 ea
1205 1017 1401 1048 confessione
1413 1019 1628 1056 condemnari,
1651 1025 1683 1050 et
1701 1021 1801 1060 ipsius
1820 1031 1874 1052 ore
1897 1032 1933 1052 ac
1956 1023 2117 1053 sententia

1156 1059 1292 1099 gravius
1320 1060 1473 1091 iudicium
1504 1061 1535 1091 in
1560 1062 1657 1101 ipsius
1680 1069 1785 1103 caput,
1810 1069 1975 1103 tamquam
1998 1064 2116 1105 fulgur,

1158 1101 1307 1133 derivari.
1332 1103 1426 1134 Hanc
1449 1104 1488 1134 ob
1512 1114 1638 1135 causam
1659 1105 1779 1136 Paulus
1802 1107 1999 1137 sententiam
2023 1107 2115 1138 Salo

1157 1145 1261 1175 monis
1298 1145 1446 1183 adducit,
1477 1157 1592 1186 nempe
1623 1147 1769 1179 hostibus
1798 1149 2050 1186 benefacientes,
2083 1154 2115 1180 et

1157 1187 1278 1218 malum
1308 1187 1389 1219 bono
1419 1194 1672 1228 compensantes,
1703 1191 1858 1221 carbones
1881 1191 1966 1231 ignis
1989 1202 2115 1224 coacer-

1158 1239 1233 1260 vare
1269 1230 1303 1260 in
1334 1231 1475 1270 ipsorum
1507 1232 1622 1272 capita.
1675 1232 1757 1263 Nam
1788 1233 1858 1264 istis
1886 1234 1993 1264 verbis
2024 1234 2115 1266 docet

1158 1273 1321 1312 apostolus
1344 1273 1452 1304 hostes
1481 1273 1642 1306 beneficiis
1672 1280 1725 1305 aut
1749 1275 1863 1307 adduci
1886 1275 1925 1306 ad
1949 1276 2114 1308 meliorem

1157 1320 1309 1351 mentem,
1340 1322 1371 1347 et
1400 1316 1634 1355 quodammodo
1664 1317 1772 1355 leniri,
1801 1318 1854 1357 qui
1885 1323 1979 1349 antea
2008 1320 2114 1351 furere

1157 1357 1354 1396 viderentur,
1385 1364 1440 1389 aut
1470 1359 1571 1399 magis
1600 1359 1761 1400 indurari,
1790 1360 1861 1391 Deo
1891 1361 1976 1400 ipsos
2005 1372 2115 1393 excae-

1157 1405 1259 1437 cante,
1291 1406 1322 1431 et
1345 1401 1530 1432 confusione
1553 1402 1675 1432 maiore
1698 1402 1783 1441 ipsos
1806 1403 1978 1434 abruente:
2004 1414 2114 1444 quem

1157 1442 1328 1474 admodum
1353 1443 1443 1475 Sauli
1475 1444 1646 1484 contigisse
1669 1444 1816 1476 videmus
1840 1445 1946 1476 Deum
1970 1447 2114 1486 precanti

1157 1490 1194 1516 ut
1206 1485 1327 1516 Davidi
1347 1485 1459 1517 reddat
1477 1486 1629 1518 beneficia
1652 1487 1765 1527 quibus
1787 1498 1820 1518 se
1844 1488 2005 1520 affecerat.
2028 1489 2113 1520 Nam

1157 1538 1235 1559 sane
1265 1528 1397 1559 dubium
1426 1539 1491 1559 non
1515 1536 1562 1560 est
1585 1530 1662 1569 quin
1687 1529 1793 1560 Deum
1817 1530 1955 1562 iudicem
1978 1531 2038 1561 sibi
2061 1537 2112 1562 tu-

1157 1571 1230 1602 lerit
1258 1572 1291 1601 in
1322 1570 1458 1602 Davidis
1487 1582 1591 1609 cansa,
1623 1577 1654 1602 et
1684 1583 1717 1602 se
1748 1573 1847 1603 veluti
1876 1573 2021 1612 spoliarit
2050 1573 2113 1605 Dei

1156 1613 1376 1645 misericordia
1405 1618 1436 1644 et
1458 1613 1584 1654 favore,
1617 1620 1649 1644 ut
1673 1614 1793 1645 Davidi
1822 1625 1910 1654 spem
1934 1616 2025 1655 regni
2048 1621 2113 1647 tra-

1157 1656 1257 1693 deret,
1281 1667 1309 1695 q.
1334 1656 1361 1686 d.
1386 1655 1476 1687 Deus
1499 1657 1578 1687 mihi
1602 1667 1767 1696 nunquam
1790 1663 1910 1697 parcat,
1946 1669 2111 1698 nunquam

1157 1699 1197 1729 sit
1220 1699 1383 1739 propitius,
1413 1709 1464 1730 me
1489 1699 1637 1730 omnibus
1665 1699 1841 1731 maledictis
1864 1705 2028 1740 tamquam
2050 1701 2112 1732 ful-

1155 1752 1236 1781 gure
1266 1742 1368 1779 feriat,
1399 1747 1431 1772 et
1454 1741 1611 1772 Davidem
1642 1748 1753 1773 contra
1781 1752 1839 1773 suo
1869 1742 1960 1773 iuvet
1989 1744 2113 1775 auxilio

1157 1782 1188 1815 et
1217 1784 1438 1825 integritatem
1460 1784 1560 1823 ipsius
1583 1790 1737 1824 perpetuo
1761 1789 1898 1816 tueatur.
1929 1785 2024 1817 Hanc
2046 1786 2113 1817 vim

1156 1826 1340 1858 habuerunt
1362 1826 1417 1857 illa
1440 1826 1548 1858 Saulis
1571 1827 1679 1866 verba,
1703 1827 1818 1866 quibus
1843 1827 1903 1858 sibi
1928 1828 1989 1867 ipsi
2004 1828 2113 1859 Deum

1155 1869 1292 1900 iudicem
1325 1869 1407 1907 tulit,
1439 1874 1470 1899 et
1501 1874 1652 1909 tanquam
1677 1869 1898 1900 adversarium
1923 1870 1982 1900 sibi
2005 1871 2032 1901 si
2055 1871 2113 1902 fal-

1155 1912 1235 1943 leret
1258 1913 1430 1943 constituit.
1454 1911 1540 1943 Hinc
1554 1912 1711 1943 discamus
1730 1912 1836 1942 Deum
1859 1913 2019 1951 precaturi
2043 1913 2112 1945 sive

1155 1965 1212 1994 pro
1236 1955 1382 1991 inimicis,
1406 1954 1474 1985 sive
1498 1965 1553 1994 pro
1577 1954 1615 1985 iis
1639 1965 1657 1984 a
1680 1954 1793 1994 quibus
1817 1953 1979 1986 beneficiis
2002 1956 2109 1987 affecti

1155 1997 1317 2034 fuerimus,
1349 2007 1464 2028 cavere
1486 2008 1525 2027 ne
1548 1997 1718 2027 adversum
1743 2007 1799 2027 nos
1822 1997 1907 2036 ipsos
1931 2008 2108 2037 precemur.

1154 2039 1193 2070 Id
1210 2045 1267 2077 est,
1288 2039 1399 2070 demus
1418 2050 1543 2070 omnem
1558 2049 1697 2079 operam,
1721 2044 1756 2069 ut
1778 2049 1814 2069 ea
1837 2040 1936 2069 animi
1959 2050 2108 2072 mansue-

1153 2083 1274 2119 tudine,
1309 2092 1346 2113 ea
1378 2082 1549 2122 patientia,
1583 2092 1620 2112 ea
1649 2083 1822 2121 aequitate,
1856 2092 1894 2112 ea
1922 2082 2109 2123 integritate

1153 2135 1259 2156 coram
1291 2125 1359 2164 ipso
1389 2124 1599 2160 ambulemus,
1629 2129 1660 2154 et
1682 2135 1754 2155 cum
1774 2124 1928 2164 proximis
1953 2126 2109 2166 vivamus,

1152 2179 1192 2198 ne
1211 2168 1317 2207 ipsum
1336 2166 1375 2197 ad
1399 2168 1608 2205 iracundiam,
1632 2167 1691 2197 hoc
1715 2167 1762 2197 vel
1787 2166 1840 2197 illo
1863 2167 1989 2198 iniuriis
2010 2167 2108 2200 laces-

1153 2211 1222 2248 sito,
1250 2220 1468 2249 provocemus.
1513 2210 1602 2240 Deus
1625 2209 1711 2240 enim
1736 2219 1862 2248 semper
1886 2210 2109 2243 innocentium

1153 2263 1282 2284 causam
1313 2258 1437 2289 tuetur,
1467 2256 1500 2282 et
1529 2252 1662 2283 afflictos
1692 2252 1841 2292 protegit.
1886 2252 2107 2291 Quamobrem

1152 2295 1260 2326 Deum
1290 2295 1492 2326 invocaturos
1521 2299 1644 2334 oportet
1673 2304 1783 2325 omnes
1806 2294 2002 2333 inimicitias,
2027 2297 2107 2336 odia,

1153 2338 1280 2369 fraudes
1312 2342 1343 2367 et
1367 2347 1468 2368 noxas
1492 2337 1657 2377 deponere,
1682 2342 1713 2367 et
1736 2347 1853 2376 pravas
1877 2347 1988 2369 omnes
2011 2340 2107 2371 affec-

1154 2381 1255 2411 tiones
1289 2390 1419 2417 exuere,
1450 2386 1485 2410 ut
1514 2380 1575 2410 Dei
1600 2380 1742 2410 favorem
1769 2380 1803 2409 in
1833 2390 1891 2410 nos
1919 2381 2105 2414 sentiamus.

1152 2423 1235 2454 Nam
1259 2423 1296 2453 iis
1323 2423 1403 2453 solet
1415 2423 1504 2452 Deus
1532 2421 1725 2455 benefacere.
1749 2426 1781 2451 et
1802 2422 1834 2452 in
1856 2432 1948 2453 suam
1971 2424 2106 2455 tutelam

1153 2466 1294 2505 recipere
1314 2465 1369 2504 qui
1388 2465 1522 2495 iniurias
1542 2471 1685 2503 acceptas
1706 2464 1739 2494 in
1760 2464 1906 2495 hostibus
1925 2476 1989 2496 non
2013 2467 2107 2498 modo

1153 2519 1216 2539 non
1246 2514 1490 2547 persequuntur,
1513 2507 1567 2537 scd
1590 2517 1646 2545 pro
1669 2507 1794 2537 iniuriis
1817 2507 1970 2538 beneficia
1992 2519 2106 2548 repen

1152 2551 1242 2587 dunt,
1274 2556 1304 2580 et
1335 2560 1444 2580 eorum
1477 2559 1556 2588 quos
1580 2550 1668 2579 Deus
1699 2548 1737 2579 ad
1768 2549 1907 2589 aliquem
1940 2550 2106 2590 dignitatis

1153 2593 1288 2634 gradum
1311 2593 1428 2629 evexit,
1451 2592 1653 2622 autoritatem
1677 2591 1865 2623 inviolatam
1888 2593 2038 2625 retinent.

1235 2636 1302 2666 Iam
1328 2645 1404 2665 vero
1428 2635 1521 2674 agite,
1545 2637 1594 2665 etc.

1855 2685 1888 2710 33
