2551 3044
332 223 392 254 691
1170 214 1371 246 [IOMILIA
1401 215 1490 246 CIV.
2261 213 2324 245 (392

335 317 503 356 Quaenam
537 316 637 349 cuim,
670 313 815 349 obsecre,
850 319 961 342 nostra
992 310 1168 342 consolatio
1199 315 1246 341 est
1276 315 1308 340 et

337 357 583 399 tranquillitas?
609 367 717 388 nonne
738 363 775 386 ut
793 364 962 395 speremus
981 355 1014 386 in
1038 354 1107 394 ipso
1123 360 1154 384 et
1177 353 1216 384 ab
1240 352 1308 383 eius

334 401 537 444 providentia
561 399 774 440 pendeamus,
813 397 1022 438 eiusdemque
1061 396 1219 427 voluntati
1250 405 1310 427 nos

336 445 419 476 ultro
443 442 674 475 subiici-amus?
699 441 764 473 fied
786 441 916 481 quinam
941 440 1027 472 istud
1049 440 1112 478 fiet,
1135 440 1159 471 si
1182 439 1308 470 nullum

335 490 405 520 eius
440 497 570 528 gustum
602 484 801 517 habeamus?
850 483 924 514 Ideo
959 483 1043 522 dico,
1073 494 1130 514 nos
1161 490 1308 522 oportere

335 533 419 564 hane
435 531 614 562 doctrinam
634 536 785 567 tanquam
805 527 994 557 thesaurum
1011 527 1042 557 in
1059 526 1174 557 animis
1189 525 1308 556 nostris

337 575 528 609 recondere,
563 580 597 603 ut
621 582 721 612 quum
743 571 832 601 Deus
857 570 955 601 variis
979 569 1106 601 casibus
1131 579 1187 599 nos
1218 578 1308 599 exer—

334 618 435 650 cuerit
467 616 506 647 ad
538 616 638 656 ipsius
663 612 914 645 misericordiam
940 618 973 643 et
995 612 1171 643 bonitatem
1200 611 1307 642 subito

332 661 567 701 confugiamus,
592 665 624 689 et
643 668 734 697 opem
755 657 856 697 ipsius
877 656 1037 695 patienter
1061 654 1306 695 praestolemur.

337 704 446 744 Quum
473 704 574 743 igitur
605 700 700 731 hodie
729 710 820 730 suam
845 698 998 730 afflictam
1026 698 1192 730 ecclesiam
1218 696 1308 727 Deus

336 755 381 778 tot
410 748 574 785 tantisque
597 742 837 775 calamitatibus
861 748 998 778 exercet,
1022 751 1194 780 rerumque
1217 745 1307 770 tanta

334 789 536 831 perturbatio
557 794 700 827 apparet.
726 785 799 825 quid
818 784 905 816 aliud
931 791 980 816 est
1002 795 1098 825 quam
1119 783 1200 823 quod
1215 782 1308 813 Deus

335 833 437 863 veluti
481 831 607 871 magnis
651 828 825 861 calcarium
861 828 999 859 stimulis
1040 827 1125 858 latus
1160 832 1306 856 nostrum

336 877 434 912 fodit,
470 881 502 905 ut
527 873 565 904 ad
588 873 691 912 ipsum
724 871 891 902 ardentius
914 880 1139 911 assurgamus,
1175 874 1205 900 et
1237 879 1306 908 pre-

336 928 447 950 cemur
479 923 514 947 ut
545 916 661 956 spiritu
693 913 884 954 prudentiae
920 924 978 945 nos
1002 919 1110 954 regat,
1142 918 1173 942 et
1196 910 1307 942 eodem

335 962 451 1000 spiritu
477 959 611 994 muniat,
636 968 690 989 eos
714 957 904 998 praesertim
929 957 983 996 qui
1007 956 1102 987 hodie
1127 965 1185 994 pro
1209 964 1306 984 evan·

333 1003 409 1044 gelii
434 1001 666 1042 propagatione
686 1006 843 1041 pugnant.
867 1007 903 1031 ut
927 999 1145 1039 improborum
1162 998 1306 1028 omnium

333 1046 484 1082 consilia,
509 1044 625 1085 quibus
648 1044 717 1075 eius
744 1043 911 1075 eeclesiam
944 1042 1116 1083 profligare
1139 1046 1307 1076 conantur,

334 1090 462 1129 frangat
485 1095 515 1119 et
541 1097 602 1118 non
629 1092 756 1117 tantum
779 1086 924 1117 omnium
949 1090 1090 1126 exponat
1113 1083 1252 1114 ludibrio
1276 1087 1309 1113 et

335 1131 576 1169 abominationi,
596 1130 651 1161 sed
671 1130 767 1160 etiam
788 1129 968 1160 mercedem
989 1138 1084 1168 quam
1103 1126 1211 1157 meriti
1231 1132 1309 1157 sunt

337 1176 506 1216 accipiant.
552 1172 665 1213 Neque
689 1183 766 1203 vero
793 1172 944 1212 petimus,
967 1178 1003 1202 ut
1030 1171 1118 1201 Deus
1142 1169 1230 1200 laxet
1252 1168 1308 1199 ha-

339 1220 437 1249 benas
461 1217 588 1248 miseris
613 1216 731 1247 nostris
754 1215 919 1253 fratribus,
944 1222 980 1245 ut
1004 1213 1208 1254 impatientia
1231 1212 1309 1243 vieti

338 1261 519 1293 vindictam
544 1259 645 1289 animi
675 1258 813 1298 quadam
839 1257 1029 1293 acerbitate,
1057 1261 1094 1286 ut
1117 1255 1309 1296 plerumque

337 1305 441 1337 solent
471 1302 633 1338 homines,
664 1301 702 1332 de
727 1300 872 1332 hostibus
895 1304 1070 1340 qiiaorant3
1101 1298 1156 1330 sed
1180 1308 1218 1329 ea
1240 1307 1309 1328 mo-

337 1348 439 1379 destia
470 1350 705 1386 persequantur
728 1344 880 1381 iniurias,
913 1350 946 1374 ut
970 1342 1032 1373 Dei
1060 1342 1209 1372 timorem
1232 1351 1310 1382 prae

336 1389 438 1421 oeulis
453 1398 581 1427 sempor
599 1387 748 1423 habeant,
765 1394 797 1418 et
810 1397 875 1418 non
889 1386 1057 1426 permittat
1069 1385 1155 1425 ipsos
1167 1385 1311 1425 segniter

338 1435 399 1466 Dei
415 1433 580 1473 negotium
597 1440 703 1471 agere,
719 1429 774 1461 sed
793 1440 866 1461 cum
882 1429 982 1460 animi
999 1427 1113 1459 ardore
1129 1427 1310 1459 aedificium

337 1477 471 1509 Domini
503 1475 553 1506 vel
586 1473 698 1504 invitis
728 1472 885 1513 improbis
920 1476 1147 1513 promoveant,
1179 1476 1210 1502 et
1238 1481 1312 1510 qua-

338 1530 463 1560 cunque
478 1518 568 1549 Deus
592 1516 757 1548 vocaverit
781 1521 967 1555 sequantur.
993 1514 1065 1553 Quo
1079 1514 1181 1555 igitur
1203 1513 1312 1544 studio

340 1562 459 1603 singuli
491 1561 644 1592 debemus
676 1570 732 1599 pro
763 1559 802 1590 iis
827 1558 932 1590 Deum
964 1557 1102 1598 precari,
1132 1556 1186 1597 qui
1217 1556 1313 1587 hodie

341 1611 408 1638 tam
430 1606 534 1635 iustae
557 1613 674 1635 causae
697 1601 926 1637 defensionem,
951 1600 1092 1631 nominis
1114 1605 1191 1640 puta
1211 1598 1312 1630 divini

341 1655 373 1681 et
389 1647 531 1680 eiusdem
547 1645 670 1686 gloriae
686 1644 920 1685 susceperunt?
947 1644 1062 1684 Neque
1077 1643 1163 1674 enim
1181 1641 1314 1673 dubium

343 1698 392 1724 est
415 1692 490 1731 quin
516 1701 534 1721 a
558 1688 628 1719 Deo
653 1698 762 1728 preces
786 1693 916 1718 nostrae
939 1685 1167 1718 exaudiantur.

429 1732 589 1773 Sequitur
613 1731 764 1771 deinceps
788 1729 950 1761 Davidem
975 1739 1048 1761 cum
1071 1727 1232 1760 sexcentis
1251 1727 1315 1759 illis

345 1788 424 1818 quos
455 1785 563 1808 seeum
594 1773 732 1804 habebat
759 1772 916 1804 militibus
948 1782 1155 1812 progressum
1187 1781 1256 1802 esse
1276 1770 1315 1802 ad

332 1821 455 1852 hostes
478 1816 729 1860 persequendos.
755 1815 819 1847 Hic
841 1825 920 1846 vero
944 1816 976 1846 in
1002 1815 1115 1855 primis
1139 1814 1315 1845 observan-

345 1864 422 1895 dum
462 1860 655 1893 miraculum
696 1859 730 1889 in
773 1859 957 1890 animorum
992 1858 1098 1889 subita
1135 1857 1342 1894 mutatione}

347 1907 493 1939 virorum
517 1905 653 1935 istorum
677 1902 731 1942 qui
757 1900 852 1941 paulo
883 1907 958 1932 unte
984 1900 1143 1932 Davidem
1176 1900 1315 1930 insecta·
1340 1921 1341 1926 ,

321 1950 482 1988 ‹bantur-7
517 1952 549 1977 et
584 1945 622 1976 de
646 1955 682 1976 eo
712 1943 935 1975 interficiendo
969 1944 1154 1984 cogitabant
1185 1949 1316 1982 propter

351 1993 487 2024 amissas
513 1999 641 2026 uxores,
675 1988 758 2019 filios
781 1994 811 2017 ct
837 1986 918 2018 filias
943 1992 1108 2025 totumque
1138 1985 1216 2016 adeo
1240 1995 1314 2025 sup-

348 2034 552 2076 pellectilem.
596 2030 666 2062 Iam
692 2040 768 2062 vero
790 2029 950 2061 Davidem
976 2029 1100 2069 placide
1124 2037 1314 2067 sequuntur,

347 2085 378 2109 et
402 2075 565 2109 mandatis
593 2074 695 2114 ipsius
725 2073 965 2112 obtemperant,
996 2072 1050 2112 qui
1081 2071 1120 2102 de
1142 2071 1315 2111 lapidando

347 2122 418 2162 ipso
443 2118 538 2160 paulo
562 2125 636 2148 ante
661 2115 853 2157 cogitabant.
877 2115 973 2147 Unde
987 2126 1062 2145 vero
1087 2125 1206 2153 quaeso
1226 2119 1316 2144 tanta

349 2169 480 2203 tamque
511 2160 682 2201 repentina
709 2157 867 2190 mutatio?
908 2159 1035 2198 Nempe
1059 2167 1077 2188 a
1100 2156 1170 2188 Deo
1194 2156 1316 2187 Davidi

349 2208 490 2241 favente,
522 2204 576 2244 qui
601 2208 766 2233 momento
790 2200 996 2232 acerbitatem
1021 2200 1110 2231 illam
1134 2200 1316 2230 animorum

349 2249 496 2290 placavit,
521 2254 551 2277 et
577 2247 607 2276 in
634 2245 752 2276 melius
775 2244 997 2276 commutavit.
1045 2243 1111 2273 Nos
1136 2243 1234 2282 igitur
1259 2242 1317 2273 hoc

349 2291 497 2331 exemplo
529 2289 632 2320 edocti
665 2288 803 2319 sciamus
837 2286 943 2318 Deum
980 2297 997 2317 a
1028 2285 1121 2317 nobis
1148 2295 1224 2316 vera
1254 2285 1317 2315 fide

347 2336 532 2366 invocatum
559 2343 609 2363 res
641 2337 769 2362 nostras
800 2330 1052 2368 fortunaturum,
1083 2336 1113 2358 et
1137 2333 1317 2368 opportuno

349 2386 492 2417 tempore
512 2374 734 2405 laborantibus
753 2373 916 2413 suppetias
936 2373 1089 2407 laturum,
1113 2377 1145 2402 et
1163 2369 1318 2410 quidquid

349 2421 440 2452 nobis
489 2418 679 2449 adversatur
724 2417 990 2456 profligaturum,
1040 2413 1133 2444 modo
1179 2413 1318 2444 Davidis

350 2462 537 2502 exemplum
570 2461 753 2496 imitemur,
785 2459 878 2498 quale
910 2458 1002 2489 nobis
1032 2457 1085 2488 hic
1115 2456 1316 2496 proponitur.

351 2506 464 2537 Iussus
489 2505 573 2535 enim
606 2502 755 2543 progredi
781 2501 903 2532 nullam
929 2510 1052 2532 moram
1077 2499 1160 2535 feeit,
1192 2499 1245 2538 qui
1271 2498 1317 2528 di·
1344 2537 1345 2540 Ἰ

352 2549 430 2580 vino
442 2546 596 2578 mandato
609 2556 731 2577 morem
746 2552 881 2585 gereret.
906 2544 974 2575 Nos
994 2545 1099 2583 itaque
1116 2553 1179 2573 non
1193 2548 1319 2581 oportet

352 2598 524 2632 postquam
540 2589 646 2619 Deum
662 2588 921 2619 invocaverimus
934 2596 1132 2627 segnescere,
1152 2584 1207 2615 sed
1221 2594 1318 2623 quum

353 2645 412 2665 nos
449 2634 514 2673 regi
546 2638 656 2663 sancto
688 2630 790 2670 ipsius
821 2630 936 2670 spiritu
968 2628 1255 2669 postulaverimus.
1288 2632 1318 2657 et

353 2677 430 2717 quid
467 2675 545 2706 utile
577 2674 668 2705 uobis
702 2673 898 2709 ostenderit,
934 2671 1093 2712 intrepide
1129 2680 1318 2711 quacunque

1361 308 1492 340 duxerit
1515 315 1639 349 oportet
1661 309 1760 348 sequi,
1790 318 1895 347 neque
1919 317 2059 347 unquam
2087 309 2323 347 procrastinare

1360 361 1507 383 morasve
1539 352 1621 382 ullas
1653 358 1789 382 nectere.
1836 351 1885 381 Ex
1915 350 1985 381 istis
2012 351 2160 381 omnibus
2192 355 2325 391 apparet

1361 394 1467 426 Deum
1497 405 1555 426 sua
1584 395 1669 425 dona
1692 394 1738 425 sic
1761 393 1943 434 insculpere
1974 403 2107 424 suorum
2131 394 2256 430 animis,
2289 398 2326 424 ut.

1361 448 1415 469 eos
1446 448 1611 478 nunquam
1648 438 1833 468 frustretur.
1880 435 1974 475 Quod
2010 436 2157 477 exemplo
2188 436 2326 467 Davidis

1361 481 1501 512 maxime
1523 482 1559 512 fit
1582 480 1790 520 conspicium,
1814 479 1868 519 qui
1882 478 1952 510 Deo
1976 489 2041 509 uno
2065 479 2148 510 fidus
2171 480 2203 510 in
2223 479 2325 510 maxi-

1361 524 1422 555 mis
1445 523 1510 555 suis
1529 523 1774 554 difficultatibus
1794 522 1832 553 ad
1855 523 1954 562 ipsius
1975 522 2226 553 misericordiam
2250 531 2326 553 con-

1360 567 1493 605 fugiens,
1525 566 1670 606 impediri
1695 576 1757 596 non
1783 565 1886 605 potuit
1916 565 2092 604 quominus
2122 565 2190 596 eius
2215 564 2326 596 volun-

1361 616 1459 640 tatem
1493 617 1689 649 sequeretur.
1738 608 1802 639 Nos
1838 608 1936 649 igitur
1968 608 2080 639 divina
2117 608 2260 639 bonitate
2293 611 2326 638 et

1361 653 1579 683 misericordia
1609 652 1688 683 fidos
1716 661 1784 682 esse
1815 652 1859 682 sic
1889 657 2024 690 oportet,
2057 657 2093 682 ut
2115 660 2326 691 quaecunque

1360 695 1547 726 afflictiones
1571 696 1723 736 ingruant
1748 694 1909 734 patienter
1931 703 1985 724 eas
2008 694 2160 730 feramus,
2191 701 2224 724 et
2244 693 2327 724 fidu-

1359 740 1441 769 ciam
1464 738 1498 768 in
1522 738 1590 778 ipso
1619 738 1685 769 solo
1714 737 1904 768 collocemus
1936 736 2200 776 promissionibus
2223 737 2326 777 ipsius

1360 781 1474 819 innixi,
1505 787 1537 811 et
1559 780 1598 812 ad
1628 780 1730 821 ipsius
1754 779 1954 810 voluntatem
1986 789 2043 819 pro
2067 778 2154 810 virili
2185 789 2242 810 nos
2266 778 2327 819 ipsi

1360 824 1605 860 conformemus,
1630 832 1658 854 et
1684 833 1725 853 ne
1748 823 1913 853 imitemur
1937 832 1992 852 eos
2012 823 2065 862 qui
2090 821 2206 862 quovis
2229 827 2327 852 vento

1360 867 1463 898 instar
1484 867 1680 897 arundinum
1697 866 1870 906 agitantur,
1901 871 1933 896 et
1963 874 2083 905 pavore
2106 864 2247 904 perculsi
2275 863 2329 895 ob-

1361 915 1575 940 murmurant.
1606 908 1671 941 Sed
1697 919 1733 939 ea
1757 908 1938 939 humilitate
1961 917 2068 938 coram
2094 908 2163 939 Deo
2184 906 2329 938 ambule-

1360 963 1444 993 mus,
1469 959 1503 983 ut
1525 962 1652 993 semper
1675 952 1743 992 ipse
1766 952 1858 982 nobis
1883 957 2012 991 praeeat
2032 950 2183 990 viamque
2195 950 2328 981 demon-

1360 1003 1449 1032 stret,
1485 994 1563 1026 adeo
1594 1002 1628 1026 ut
1657 1004 1866 1035 quaecunque
1895 993 2036 1025 scintilla
2069 992 2161 1024 nobis
2184 992 2329 1024 illuxerit

1361 1038 1444 1070 lucis
1466 1038 1567 1078 ipsius
1590 1038 1675 1069 ultro
1698 1046 1881 1076 sequamur.

1447 1081 1516 1112 Iam
1540 1091 1618 1112 vero
1641 1081 1734 1120 agite,
1755 1083 1806 1111 etc.

1657 1295 1897 1335 HOMH.1A
1927 1294 2031 1333 ClV.

1450 1381 1480 1412 9.
1505 1380 1594 1412 Abiit
1622 1390 1691 1421 erqo
1723 1379 1832 1411 David
1861 1380 1927 1418 ipse
1955 1381 1983 1410 et
2014 1379 2147 1409 scoecenti
2179 1378 2243 1409 viri
2274 1377 2331 1418 qm·

1365 1427 1453 1456 erant
1474 1433 1542 1455 oum
1564 1433 1607 1463 eo,
1629 1426 1655 1455 et
1676 1425 1824 1454 venerunt
1845 1432 1941 1461 usque
1963 1421 2005 1452 ad
2027 1424 2194 1452 torrentem
2213 1420 2331 1452 Besor:

1365 1471 1391 1499 et
1424 1467 1504 1499 lassi
1537 1466 1665 1506 quidam
1703 1465 1910 1497 substiterunt.
1963 1465 2006 1495 [Ο.
2032 1464 2254 1503 Persequums
2286 1465 2332 1495 est

1366 1513 1466 1542 autem
1489 1509 1599 1542 David
1625 1509 1690 1549 ipse
1716 1511 1743 1539 et
1775 1508 1995 1547 qnadrinyenli
2023 1507 2102 1538 viri.-
2130 1506 2331 1538 substiterant

1366 1554 1447 1586 emim
1471 1552 1599 1591 ducenti,
1621 1551 1676 1592 qui
1694 1551 1772 1583 lassi
1783 1551 1920 1582 transire
1932 1560 1992 1581 mm
2004 1553 2150 1589 poterant
2168 1552 2332 1580 torrentem

1367 1597 1477 1628 Besor.
1511 1596 1560 1626 11.
1585 1595 1629 1626 Et
1650 1595 1828 1625 invenerunt
1851 1594 1955 1624 virum
1978 1593 2166 1633 Aeyyptium
2190 1593 2224 1623 in
2245 1601 2331 1632 ayro,

1367 1643 1394 1672 et
1416 1639 1613 1670 adduxerunt
1634 1647 1701 1669 eum
1723 1637 1764 1668 ad
1787 1636 1912 1667 David.-
1942 1636 2146 1674 dederuntque
2167 1635 2196 1666 ei
2212 1644 2330 1674 partem

1367 1682 1533 1715 comederet
1545 1684 1572 1713 et
1582 1680 1690 1712 biberet
1708 1689 1831 1720 aquam.
1857 1679 1905 1710 12.
1928 1678 1988 1710 Sed
2007 1681 2034 1710 et
2055 1678 2197 1718 fraymen
2209 1687 2333 1710 massae

1367 1735 1560 1766 carycarum,
1584 1727 1612 1755 et
1632 1723 1712 1755 duas
1732 1723 1886 1763 ligaturas
1908 1732 1985 1752 uvae
2000 1732 2138 1761 passae:
2160 1721 2213 1760 qui
2236 1730 2333 1760 quum

1367 1769 1553 1805 comedisset,
1583 1775 1723 1798 reversus
1751 1768 1793 1797 est
1822 1765 1956 1804 spiritus
1983 1765 2060 1802 eius,
2089 1767 2115 1795 et
2142 1764 2333 1803 refocillatus

1368 1815 1427 1843 est:
1450 1821 1511 1842 non
1534 1811 1615 1842 enim
1636 1809 1806 1841 comederat
1824 1817 1948 1847 panem,
1971 1817 2067 1846 neque
2084 1807 2199 1838 biberat
2217 1816 2334 1846 aquam

1367 1855 1467 1886 tribus
1488 1853 1597 1885 diebus
1619 1855 1645 1883 et
1666 1851 1765 1882 tribus
1787 1850 1930 1882 noctibus.
1980 1850 2026 1881 13.
2060 1850 2155 1882 Dixit
2178 1850 2283 1889 itaque
2304 1849 2334 1880 ei

1367 1897 1492 1930 David:
1529 1895 1628 1928 Cuius
1660 1905 1692 1926 es
1723 1894 1781 1924 tu?
1820 1894 1865 1924 vel
1900 1893 2004 1924 unde?
2054 1893 2115 1932 Qui
2149 1893 2212 1923 ait:
2248 1892 2334 1923 Puer

1368 1940 1542 1981 Aeyyptius
1564 1949 1616 1979 eyo
1636 1947 1714 1974 sum,
1736 1947 1845 1968 servus
1862 1937 1926 1967 viri
1940 1936 2148 1967 Amalecitae:
2169 1934 2334 1974 dereliquit

1367 1987 1470 2015 autem
1481 1993 1529 2013 me
1540 1981 1682 2013 dominus
1692 1989 1788 2018 meus,
1801 1980 1875 2019 quia
1889 1981 2050 2018 aeyrotarc
2061 1979 2145 2017 coepi
2156 1978 2333 2009 nudiuster-

1367 2028 1440 2058 tius.
1484 2026 1531 2056 14.
1558 2024 1716 2064 Siquidem
1737 2032 1793 2054 nos
1816 2023 1979 2061 erupimus
2009 2021 2050 2052 ad
2072 2021 2243 2052 australem
2261 2020 2333 2059 pla-

1340 2069 1343 2103 }
1368 2080 1439 2109 qam
1463 2068 1591 2106 Cerethi,
1615 2069 1641 2098 et
1661 2068 1763 2098 contra
1787 2065 1912 2100 Iudam,
1937 2067 1964 2095 et
1987 2064 2028 2095 ad
2050 2064 2210 2094 meridiem
2232 2061 2333 2102 Caleb,

1366 2105 1394 2144 et
1420 2111 1534 2151 siceleg]
1556 2109 1765 2142 succendimus
1788 2108 1866 2147 tyni.
1905 2107 1954 2138 15.
1980 2105 2135 2145 Dixitque
2156 2107 2183 2136 ei
2209 2105 2334 2137 David:

1372 2156 1462 2187 Potes
1484 2164 1532 2185 me
1552 2154 1660 2185 ducere
1688 2151 1730 2183 acl
1757 2160 1885 2181 cuneum
1915 2150 2035 2181 istmn?
2069 2150 2128 2188 Qui
2159 2149 2221 2179 ait.-
2252 2148 2333 2179 Iura

1343 2198 1344 2235 l
1369 2198 1446 2230 mila?
1463 2207 1525 2236 per
1547 2196 1649 2227 Deum
1671 2194 1749 2234 quod
1772 2203 1829 2224 uon
1861 2193 1980 2224 occidas
2003 2202 2058 2230 me,
2088 2195 2114 2222 et
2143 2201 2202 2222 reon
2224 2191 2335 2223 tradas

1370 2252 1416 2272 me
1438 2241 1470 2272 <lu
1494 2249 1607 2270 manus
1629 2237 1745 2270 domini
1764 2236 1833 2273 mei,
1857 2238 1882 2267 ct
1906 2246 1957 2275 cyo
1968 2235 2078 2265 ducam
2098 2238 2125 2265 te
2144 2234 2185 2265 acl
2204 2243 2335 2265 cuneum

1370 2285 1472 2315 istum.
1506 2283 1555 2313 16.
1584 2281 1644 2321 Qui
1665 2290 1757 2320 quum
1781 2279 1920 2310 clariss-et
1943 2288 2019 2315 eum,
2043 2288 2105 2309 ecce
2129 2277 2178 2308 illi
2200 2277 2335 2308 discum-

1370 2327 1474 2357 bebant
1504 2335 1598 2364 super
1625 2323 1735 2363 faciem
1765 2322 1931 2352 universae
1968 2323 2067 2351 terrae
2096 2320 2278 2352 comedentes
2305 2321 2334 2350 et

1344 2406 1345 2411 ¹
1370 2370 1511 2407 bibentes,
1535 2371 1561 2399 et
1584 2367 1674 2407 quasi
1694 2365 1806 2405 festum
1830 2364 2010 2395 celebrantes
2032 2364 2123 2400 diem,
2142 2373 2210 2403 pro·
2225 2364 2334 2394 cuncta

1364 2413 1485 2452 praeda
1510 2414 1537 2442 et
1558 2409 1667 2451 spoliis
1688 2418 1766 2447 quac
1788 2410 1946 2447 coeperant
1974 2407 2011 2437 de
2040 2409 2123 2437 (erra
2146 2404 2332 2443 Pleilistiz'm,

1370 2459 1394 2487 et
1417 2458 1444 2486 tc
1466 2458 1550 2485 terra
1562 2453 1655 2484 Iuda.
1681 2451 1729 2482 17.
1754 2449 1795 2481 Et
1814 2449 1969 2489 percussit
1987 2459 2036 2480 eos
2049 2448 2158 2480 David
2177 2459 2196 2479 a
2211 2457 2335 2487 vespere

1371 2509 1465 2537 usquc
1489 2497 1531 2528 ad
1552 2504 1709 2536 vesperam
1731 2493 1859 2524 alterins
1883 2493 1960 2523 diei:
1984 2495 2009 2523 ct
2033 2502 2093 2523 non
2112 2492 2207 2522 evasit
2229 2501 2267 2522 ea:
2289 2490 2334 2522 eis

1370 2542 1550 2580 quisquam,
1584 2538 1647 2569 nisi
1680 2536 1899 2576 quadrinyenti
1934 2535 1996 2566 viri
2029 2534 2245 2571 adolescentes,
2277 2533 2334 2573 qui

1371 2583 1594 2615 adscenderant
1615 2579 1742 2612 camelos
1764 2581 1791 2610 et
1811 2580 1964 2619 fuycrant.
1992 2578 2042 2609 18.
2065 2577 2161 2608 Erut't
2183 2586 2252 2617 erqo
2265 2576 2334 2607 Da-

1370 2627 1424 2657 vid
1447 2626 1549 2657 omnia
1573 2633 1650 2665 quae
1671 2621 1803 2653 tulerant
1826 2621 2026 2656 Anudecitae,
2055 2622 2082 2651 et
2112 2620 2192 2651 duas
2220 2628 2334 2650 uxores

1345 2664 1347 2691 ἶ
1371 2679 1448 2700 suas
1471 2669 1559 2700 eruit.
1605 2665 1654 2697 19.
1679 2664 1742 2696 Nec
1763 2665 1862 2705 defuit
1885 2664 2055 2705 quidquam
2077 2673 2097 2693 a
2115 2672 2215 2702 parvo
2236 2671 2333 2702 usque

2537 2907 2549 2921 ⁸.
2535 2550 2551 2888 ΖΜ-ατ-μ-
2539 2518 2551 2529 -.
