2551 3044
217 190 274 219 117

218 285 303 314 mine
328 284 419 315 valdc
442 284 582 325 gloriari,
606 283 660 314 sed
679 284 728 315 eui
749 283 877 314 tandem
899 283 985 313 illam
1006 279 1166 312 reddunt?

217 325 261 357 Iis
285 337 398 367 nempe
422 327 475 366 qui
499 337 516 357 a
541 327 599 357 Dei
634 325 728 357 verbo
758 325 864 365 procul
898 328 1105 360 recesserunt,
1138 328 1168 352 et

218 379 234 398 a
250 369 317 399 Deo
338 370 432 400 alieni
452 370 524 400 facti
548 375 631 404 sunt,
655 374 687 399 et
706 368 862 399 mundum
884 367 922 398 ab
948 378 982 398 eo
1006 370 1167 401 avertunt,
1194 383 1195 392 i

218 412 307 442 etin
339 412 472 442 eandem
506 422 613 442 secum
647 411 865 442 confusionem
900 410 1040 440 trahunt.
1084 407 1166 438 Nam

219 455 400 494 quicunque
424 454 484 484 Dei
510 454 611 494 legem
636 459 868 493 perverterunt,
904 460 938 483 ut
962 451 1168 492 imaginarios

219 497 323 528 cultus
347 497 415 527 Deo
446 496 605 534 offerrent,
634 497 761 527 fuerunt
790 501 970 536 apostatae:
1001 495 1168 533 Deumque

220 538 257 569 de
281 549 337 570 sua
361 538 433 569 sede
457 539 636 577 deturbare,
660 539 691 569 in
716 548 779 578 qua
802 538 948 569 sederent
970 537 1039 576 ipsi,
1063 535 1167 568 conati

219 589 302 614 sunt.
349 580 444 611 Solus
467 583 550 612 enim
576 582 664 612 Deus
687 587 733 612 est
764 581 936 621 legislator,
966 590 1029 610 non
1061 579 1168 609 futura

219 624 357 663 alioquin
390 624 459 663 lege
491 624 664 664 spirituali:
697 630 728 655 et
758 623 826 654 ideo
857 622 1019 663 legislator
1049 626 1079 651 et
1102 631 1166 651 ser-

220 672 311 696 vator
325 671 543 706 nuncupatur:
568 677 649 706 quae
670 666 731 697 duo
750 666 810 706 ipsi
830 666 954 706 proprie
974 663 1169 695 conveniunt

219 714 250 739 et
272 708 439 739 individuo
463 709 546 740 inter
569 720 601 740 se
625 720 710 740 nexu
734 709 916 740 cohaerent.
960 706 1053 738 Unus
1084 706 1167 736 enim

221 751 384 791 legislator
413 757 458 782 est-
490 752 542 791 qui
574 752 673 791 possit
703 760 847 782 servare:
872 761 968 791 quare
991 750 1043 789 qui
1067 749 1168 779 hoini-

220 804 297 824 num
329 794 541 825 conscientias
571 794 664 824 rebus
693 794 822 825 incertis
850 793 973 833 legique
1004 792 1062 823 Dei
1093 801 1167 822 eon-

220 836 327 867 trariis
361 841 393 866 ct
425 835 681 876 repugnantibus
714 836 971 872 adstrinxerunt,
1008 838 1168 875 apostatas

220 888 288 909 esse
311 884 434 909 certum
456 883 513 910 est.
558 878 748 909 Praedicant
770 889 846 909 saue
869 878 1014 918 papistae
1037 887 1168 916 magno-

221 931 295 961 pere
325 920 546 961 obedientiam,
576 927 608 952 et
638 932 675 952 ea
705 922 844 951 maxime
872 920 1057 961 gloriantur.
1104 918 1168 950 Sed

221 965 270 995 cui
295 963 485 1003 praebetur?
519 963 614 994 Matri
641 967 775 1001 nostrae,
799 964 898 1000 aiunt,
923 968 1050 994 sanetae
1073 962 1170 994 eccle-

222 1007 304 1037 siae:
328 1010 422 1046 atque
445 1006 489 1036 ita
501 1006 590 1037 Deus
610 1006 719 1045 procul
738 1015 756 1036 a
778 1011 869 1046 tergo
892 1005 1092 1045 relinquitur.
1125 1005 1169 1035 At

222 1049 274 1089 qui
303 1048 516 1079 obedientiam
551 1049 733 1088 profitetur,
764 1047 835 1079 Deo
864 1048 997 1079 creatori
1020 1047 1169 1079 exhibeat

220 1091 308 1122 illam
332 1101 459 1122 necesse
481 1095 545 1122 est:
570 1101 673 1130 neque
692 1090 776 1121 enim
797 1090 889 1121 alteri
902 1091 989 1122 Deus
1007 1091 1057 1121 ius
1075 1101 1168 1122 suum

220 1134 372 1174 permisit,
396 1133 479 1173 quod
503 1133 562 1164 sibi
582 1133 639 1164 soli
660 1133 786 1171 retinet,
806 1138 836 1164 et
855 1133 976 1173 primae
989 1133 1169 1164 autoritatis

223 1176 307 1207 viros
338 1175 410 1207 vult
440 1185 611 1216 agnoscere
645 1180 744 1206 totam
778 1187 868 1207 suam
904 1176 1104 1207 sanctitatem
1138 1180 1170 1206 et

220 1218 447 1259 perfectionem
471 1218 502 1249 in
526 1229 562 1249 eo
585 1219 678 1249 sitam
702 1228 778 1255 esse,
802 1226 838 1249 ut
861 1218 898 1249 ad
918 1217 1016 1259 ipsius
1035 1217 1169 1249 verbum

221 1271 290 1292 sese
323 1266 521 1301 componant.
575 1260 672 1292 Porro
706 1271 784 1301 quae
817 1260 969 1292 debeatur
998 1260 1066 1292 Deo
1096 1261 1169 1292 obe-

221 1303 351 1340 dientia,
383 1313 422 1334 ex
453 1303 554 1343 ipsius
583 1303 750 1334 voluntate
779 1314 871 1334 nosse
901 1314 965 1335 non
989 1313 1168 1344 possumus,

221 1346 282 1377 nisi
305 1346 373 1386 ipse
397 1356 459 1377 non
484 1345 610 1377 doceat:
640 1346 695 1377 sed
726 1345 826 1386 ipsius
850 1346 948 1377 verbo
970 1346 1059 1377 nobis
1083 1351 1169 1386 pate-

221 1389 303 1420 facto
327 1389 416 1420 nulla
439 1393 583 1428 superest
606 1389 742 1428 amplius
775 1388 974 1429 ignorantiae
997 1389 1168 1420 excusatio.

220 1431 288 1462 Nae
312 1431 338 1462 si
360 1431 463 1472 legem
485 1431 573 1462 Deus
596 1441 658 1462 non
682 1430 830 1470 dedisset,
852 1436 974 1462 certum
998 1438 1046 1463 est
1068 1431 1169 1462 videri

220 1484 312 1514 posse
334 1474 545 1514 conquerendi
569 1473 727 1513 quandam
753 1474 934 1505 hominibus
957 1473 1095 1505 oblatam
1118 1484 1168 1505 oc—

221 1517 389 1554 casionem,
413 1516 494 1556 quod
518 1516 581 1546 Dei
605 1517 801 1547 voluntatem
827 1527 917 1548 nosse
941 1527 1004 1547 non
1027 1522 1168 1557 possent:

222 1563 254 1590 at
275 1569 372 1599 quum
395 1559 599 1599 evangelium
623 1559 805 1594 habeamus,
826 1569 886 1598 quo
906 1559 1055 1590 docemur
1074 1569 1168 1599 quem

221 1601 279 1636 sibi
309 1601 430 1633 cultum
461 1602 548 1632 Deus
578 1601 721 1632 exhiberi
751 1601 836 1641 velit,
868 1607 899 1632 et
928 1602 1002 1642 quid
1033 1613 1050 1633 a
1079 1603 1168 1633 nobis

220 1644 367 1684 postulet,
402 1644 508 1675 nullus
536 1649 680 1684 superest
709 1644 900 1675 dubitationi
934 1650 987 1675 aut
1024 1645 1168 1684 querelae

220 1691 251 1717 et
273 1687 475 1727 ignorantiae
498 1687 594 1718 locus.
640 1686 710 1717 Hoc
733 1687 832 1727 igitur
854 1687 981 1718 firmum
1008 1692 1040 1718 et
1062 1694 1168 1718 ratum

220 1734 298 1769 esto,
329 1729 423 1760 unico
448 1729 516 1760 Deo
547 1729 720 1770 legislatori
752 1734 859 1760 nostro
890 1729 997 1760 deberi
1020 1729 1167 1761 obedien-

220 1772 315 1802 tiam:
339 1770 452 1803 deinde
483 1771 626 1809 eandem,
657 1777 693 1802 ut
720 1772 788 1802 Deo
811 1776 904 1812 grata
933 1772 981 1809 sit,
1008 1772 1046 1803 ad
1070 1773 1168 1813 ipsius

220 1814 351 1845 verbum
383 1814 468 1855 exigi
498 1820 659 1854 oportere:
695 1819 727 1845 et
756 1814 789 1844 in
820 1814 930 1845 eadem
954 1814 998 1846 ita
1021 1825 1168 1855 perseve-

219 1867 298 1895 rare,
327 1866 368 1887 ne
397 1866 531 1897 usquam
566 1857 604 1887 ad
629 1857 753 1887 laevam
775 1862 829 1887 aut
853 1857 998 1888 dextram
1022 1857 1167 1889 deflecta-

218 1908 305 1930 mus:
339 1899 391 1930 sed
423 1906 458 1930 ut
493 1899 639 1940 discipuli
673 1900 711 1931 ab
744 1900 843 1939 ipsius
877 1910 930 1931 ore
963 1899 1167 1940 pendeamus,

216 1941 472 1982 quandoquidem
494 1953 530 1973 ea
549 1953 605 1973 nos
622 1942 709 1973 decet
729 1946 894 1973 contentos
914 1953 981 1974 esse
1003 1943 1166 1983 sapientia,

216 1994 308 2024 quam
334 1983 424 2016 docet
447 1985 499 2024 qui
523 1995 581 2015 suo
604 1985 672 2015 iure
695 1984 782 2015 solus
806 1989 914 2015 noster
938 1985 1045 2017 doctor
1068 1992 1124 2017 est.

304 2026 458 2067 Sequitur
481 2027 630 2067 deinceps
661 2027 831 2067 superioris
859 2027 932 2058 dieti
956 2028 1167 2060 confirmatio:

219 2069 333 2100 Melior
355 2073 398 2100 est
419 2070 498 2101 enim
521 2069 689 2101 obedientia
711 2079 803 2108 quam
825 2070 978 2102 victimae:
1000 2073 1025 2102 et
1047 2072 1167 2103 auscul-

218 2114 292 2150 tare,
325 2113 427 2152 magis
458 2122 551 2152 quam
584 2113 689 2151 offerre
720 2112 841 2150 adipem
880 2113 1020 2144 arietum.
1076 2114 1166 2154 Quae

218 2155 377 2185 sententia
401 2155 481 2186 nihil
505 2155 579 2185 novi
603 2156 752 2192 eontinet,
772 2154 827 2185 sed
851 2164 930 2194 quae
948 2161 1022 2187 ante
1037 2156 1167 2189 brevius

219 2201 251 2227 et
281 2196 444 2228 obscurius
474 2197 558 2228 dicta
588 2197 778 2228 videbantur
813 2197 927 2229 clarius
960 2200 1108 2239 proponit
1136 2204 1166 2231 et

219 2239 378 2279 explanat.
414 2240 526 2280 Itaque
546 2251 584 2270 ex
607 2240 713 2271 verbis
731 2240 808 2277 istis,
830 2251 867 2270 ea
890 2250 970 2280 quae
993 2246 1066 2273 ante
1089 2242 1165 2280 dixi,

220 2281 408 2322 colligimus,
438 2293 564 2322 nempe,
594 2283 752 2313 rationem
777 2282 943 2314 obediendi
966 2283 1044 2321 Deo,
1075 2285 1107 2316 in
1130 2296 1166 2316 eo

219 2334 287 2355 esse
306 2324 441 2363 positam
461 2331 495 2355 ut
514 2324 646 2355 verbum
666 2325 766 2365 ipsius
786 2325 954 2365 diligenter
965 2327 1166 2359 meditemur.

220 2366 302 2396 Nam
326 2366 388 2397 ista
412 2366 540 2398 Samuel
565 2368 742 2408 coniungit,
773 2367 900 2399 obedire
922 2373 954 2400 et
976 2370 1166 2401 auscultare.

219 2409 325 2448 Atque
360 2409 403 2439 ita
437 2410 596 2450 signifieat
631 2421 686 2440 nos
716 2409 786 2440 Deo
820 2420 884 2441 non
918 2421 1006 2451 posse
1040 2412 1167 2444 obedire

218 2450 307 2482 bonis
337 2452 452 2483 nostris
482 2452 723 2490 intentionibus,
753 2452 866 2491 quibus
889 2458 993 2485 tamen
1024 2456 1167 2496 papistae

218 2494 358 2525 maxime
382 2495 546 2525 nituntur:
571 2495 624 2526 sed
638 2495 698 2526 Dei
719 2495 816 2526 verbo
834 2496 899 2536 regi
921 2502 1043 2529 nostras
1063 2499 1166 2529 inten-

218 2535 320 2567 tiones
350 2542 505 2576 oportere,
540 2541 572 2568 et
601 2537 668 2569 eius
702 2538 902 2569 voluntatem
932 2540 1063 2579 praeire.
1114 2541 1166 2572 Ex

218 2578 332 2619 quibus
361 2584 491 2619 apparet
521 2590 572 2610 eos
603 2580 663 2610 iam
693 2590 761 2611 esse
790 2580 1016 2614 condemnatos
1046 2583 1101 2623 qui
1131 2594 1167 2615 eo

218 2621 392 2661 impietatis
416 2621 603 2654 deveniunt:
638 2633 738 2663 neque
761 2623 844 2654 enim
868 2628 996 2657 sanctus
1018 2625 1079 2657 Dei
1103 2626 1167 2666 spi·

880 189 926 219 IN
946 189 970 219 I.
995 187 1081 219 LIB.
1106 186 1301 218 SAMUEL.
1326 187 1419 219 CAP.
1444 187 1518 220 XV.

2120 191 2178 221 1113·

1194 306 1195 310 ,
1220 281 1301 311 ritus
1326 282 1476 311 mentitus
1501 287 1556 319 esi,
1582 293 1678 322 quum
1705 283 1757 319 ait,
1787 283 1853 314 l)eo
1878 288 1986 323 gratos
2009 290 2039 314 et
2065 294 2174 325 accep-

1222 329 1269 352 tos
1301 333 1353 354 eos
1383 334 1450 354 csse
1480 325 1531 363 qui
1565 325 1632 355 Deo
1663 325 1884 364 obtemperant
1916 332 1946 356 et
1982 327 2176 358 auscultant.

1222 364 1306 403 Quid
1339 376 1413 396 vero
1446 373 1488 396 est
1524 367 1725 397 auscultare?
1772 368 1893 407 Nempe
1918 379 1980 399 non
2007 379 2074 401 esse
2099 370 2177 401 adeo

1222 409 1409 439 temerarios
1443 414 1471 438 ct
1506 409 1725 449 imprudentes
1758 416 1793 440 ut
1824 421 2031 451 quaecunque
2063 412 2177 452 aliquis

1222 450 1340 480 dixerit
1370 450 1546 487 credamus,
1578 460 1629 482 aut
1662 453 1693 482 in
1717 452 1847 483 cerebro
1871 453 2022 494 quidquid
2048 455 2177 485 libuerit

1222 492 1400 532 fingamus:
1424 504 1525 532 neque
1550 505 1584 524 co
1605 494 1755 525 devenire
1775 495 1986 535 insipientiae,
2007 505 2039 527 ut
2059 497 2174 528 bonum

1222 535 1342 575 aliquid
1366 537 1562 566 affirmemus
1582 548 1599 566 a
1620 537 1720 574 nobis,
1745 542 1799 568 aut
1822 539 1971 578 quoniam
1998 538 2075 569 illud
2096 539 2176 570 alius

1222 578 1294 609 fecit
1318 578 1349 608 id
1374 589 1459 618 sequi
1485 579 1636 609 velimus:
1661 579 1714 609 scd
1740 581 1842 619 potius
1866 591 1946 620 quae
1966 581 2055 613 Deus
2080 584 2175 613 verbo

1222 631 1278 651 suo
1311 621 1513 661 praescripsit
1550 621 1715 652 audiamus
1746 627 1777 652 et
1805 633 1984 663 sequamur.
2030 624 2176 664 Namque

1222 664 1289 693 ficri
1321 674 1384 694 non
1417 668 1527 703 potest,
1560 668 1594 694 ut
1618 664 1685 694 Deo
1710 665 1849 695 debitam
1872 665 2083 697 obedientiam
2109 667 2177 697 red-

1223 706 1351 745 damus,
1392 707 1468 746 quin
1503 706 1592 746 prius
1626 706 1724 745 ipsius
1761 708 1855 739 verbo
1889 708 1970 739 docti
2012 709 2175 747 fuerimus,

1223 758 1356 779 erronea
1385 749 1491 789 potius
1520 755 1551 779 et
1581 749 1774 779 confusionis
1805 750 1898 789 plena
1928 751 2036 782 futura
2066 758 2176 783 nostra

1222 791 1277 821 illa
1300 791 1479 822 obedientia
1503 790 1564 821 Dei
1590 790 1686 821 verbo
1708 802 1769 822 non
1794 793 1913 824 innixa.
1958 794 2001 824 Et
2024 794 2098 825 licet
2122 794 2175 825 diu

1222 834 1422 874 multumque
1445 834 1706 870 laboraverimus,
1737 834 1860 866 inutilis
1884 841 1990 867 tamen
2015 836 2104 867 labor
2128 842 2175 868 est

1222 876 1359 915 futurus,
1383 882 1418 907 ut
1442 877 1486 907 ait
1510 876 1622 906 Esaias
1646 876 1809 916 propheta,
1834 878 1901 908 Deo
1927 889 1988 910 non
2016 878 2174 911 referente

1222 919 1254 949 in
1279 920 1398 960 accepti
1429 919 1568 950 rationes
1599 918 1753 958 quidquid
1777 920 1845 950 sine
1868 921 1967 960 ipsius
1991 921 2088 953 verbo
2111 922 2174 954 fac-

1223 969 1289 992 tum
1314 968 1370 993 cst.
1417 961 1531 992 Audiri
1555 962 1639 991 enim
1664 961 1733 991 vult
1761 963 1890 993 verbum
1915 974 2006 994 suum
2031 969 2061 995 et
2079 963 2173 995 silen-

1223 1004 1302 1035 tium
1333 1004 1410 1042 coli,
1442 1010 1477 1035 ut
1507 1003 1607 1034 edocti
1639 1003 1677 1033 ab
1705 1004 1771 1044 ipso
1801 1005 1957 1037 mandatis
1988 1006 2056 1038 eius
2083 1006 2172 1038 obse-

1223 1052 1356 1087 quentes
1380 1048 1500 1078 fiamus.
1546 1046 1640 1077 Hane
1674 1046 1884 1078 obedientiam
1915 1052 1945 1078 et
1967 1049 2173 1080 auscultatio-

1223 1100 1294 1120 nem
1319 1091 1363 1121 ait
1386 1089 1516 1121 Samuel
1548 1089 1642 1128 longe
1672 1099 1740 1119 esse
1764 1089 1925 1121 meliorem
1956 1096 1986 1121 et
2010 1097 2174 1131 praestan-

1223 1133 1334 1163 tiorem
1359 1132 1507 1170 victimis,
1530 1130 1644 1171 quibus
1670 1131 1774 1161 verbis
1798 1132 1884 1164 iniiei
1916 1133 2005 1164 nobis
2028 1134 2173 1165 fraenum

1223 1181 1344 1206 certum
1376 1180 1432 1213 est,
1457 1185 1496 1205 ne
1523 1173 1597 1213 quid
1621 1184 1661 1204 ex
1684 1173 1773 1205 nobis
1803 1174 1880 1214 ipsis
1908 1175 2120 1216 suscipiamus
2143 1182 2174 1207 et

1222 1228 1384 1250 conemur.
1431 1217 1541 1256 Quare
1564 1216 1637 1246 licet
1660 1216 1747 1246 nulla
1770 1218 1974 1249 comminatio
1993 1218 2173 1258 adderetur,

1224 1261 1303 1291 tanti
1327 1265 1433 1291 tamen
1458 1258 1601 1291 facienda
1624 1264 1671 1289 est
1693 1258 1881 1297 obedientia,
1905 1265 1941 1291 ut
1960 1261 2056 1292 nullis
2075 1261 2175 1292 homi-

1224 1314 1300 1334 num
1330 1302 1523 1334 elamoribus
1554 1302 1592 1332 ab
1622 1312 1658 1332 ea
1692 1301 1894 1333 deducamur.
1939 1303 2033 1335 Licet
2066 1304 2174 1344 itaque

1223 1346 1366 1386 papistae
1395 1345 1558 1381 obiiciunt,
1593 1354 1650 1374 nos
1680 1354 1732 1374 eas
1762 1345 1987 1384 caeremonias,
2011 1356 2062 1377 eos
2092 1346 2174 1378 ritus

1223 1388 1285 1419 Dei
1305 1388 1428 1419 colendi
1442 1398 1504 1418 non
1524 1385 1650 1424 habere,
1673 1396 1752 1426 quos
1770 1387 1839 1427 ipsi,
1865 1387 1968 1419 nullas
1990 1388 2021 1418 in
2046 1389 2174 1429 templis

1224 1432 1340 1462 nostris
1370 1431 1538 1471 imagines,
1568 1429 1656 1460 nulla
1684 1429 1778 1467 idola,
1802 1430 1906 1461 nullas
1935 1441 2054 1469 eruces,
2086 1431 2174 1462 nulla

1223 1473 1347 1512 altaria,
1378 1474 1468 1504 nulla
1498 1472 1633 1510 denique
1662 1478 1847 1502 ornamenta
1877 1473 2026 1512 conspici,
2058 1473 2173 1505 nihilo-

1222 1517 1332 1548 minus
1354 1522 1461 1547 tamen
1485 1516 1542 1546 etsi
1554 1515 1615 1545 Dei
1640 1514 1708 1554 lege
1732 1524 1794 1545 uon
1817 1515 2069 1554 prohiberentur,
2094 1526 2173 1556 quae

1222 1560 1385 1600 prohiberi
1399 1559 1547 1598 deinceps
1567 1557 1752 1593 videbimus,
1773 1563 1874 1588 certos
1893 1568 1961 1588 esse
1980 1568 2037 1589 nos
2049 1563 2173 1598 oportet

1221 1603 1283 1633 Dei
1309 1602 1440 1633 verbum
1465 1604 1634 1640 sequentes
1653 1610 1756 1630 errare
1776 1609 1838 1630 non
1859 1610 1961 1640 posse:
1985 1610 2020 1632 ae
2040 1600 2173 1641 proinde

1221 1645 1296 1677 licet
1326 1645 1363 1676 ab
1394 1643 1578 1675 hominibus
1608 1647 1773 1682 propterea
1807 1642 2071 1681 condemnemur,
2103 1642 2173 1674 Deo

1222 1693 1329 1718 tamen
1360 1698 1419 1718 nos
1449 1686 1624 1727 approbari,
1655 1690 1846 1725 gratumque
1875 1684 1921 1715 illi
1953 1690 1985 1715 et
2007 1690 2172 1726 acceptum

1222 1741 1290 1761 esse
1313 1730 1434 1762 cultum
1460 1733 1614 1765 nostrum,
1638 1727 1729 1758 modo
1753 1738 1791 1758 ne
1815 1727 1853 1758 ab
1876 1728 1942 1758 eius
1966 1728 2062 1759 verbo
2085 1738 2172 1759 rece-

1222 1773 1345 1809 damus,
1370 1772 1424 1804 sed
1448 1771 1481 1803 in
1504 1771 1558 1802 illo
1588 1771 1653 1801 solo
1677 1769 1921 1809 acquiescamus.
1967 1769 2172 1810 Quapropter

1222 1816 1382 1847 facessant
1412 1815 1494 1846 irriti
1524 1813 1689 1844 hominum
1722 1812 1856 1843 labores.
1901 1812 1982 1842 Nam
2013 1822 2092 1852 quae
2116 1812 2171 1844 de-

1222 1858 1344 1889 mentia
1364 1862 1422 1895 est,
1453 1857 1585 1888 dubium
1614 1860 1645 1886 et
1668 1856 1824 1886 incertum
1849 1855 2008 1894 praeferre
2032 1861 2118 1886 certo
2142 1860 2173 1886 et

1221 1900 1408 1939 indubitato,
1439 1899 1521 1940 quod
1545 1898 1634 1929 Deus
1657 1903 1782 1938 gratum
1807 1902 1837 1927 et
1860 1902 2025 1937 acceptum
2049 1897 2171 1929 habet?

1221 1943 1306 1982 Quid
1332 1954 1406 1983 ergo
1430 1943 1562 1974 miseros
1586 1951 1661 1972 suae
1684 1940 1756 1971 illae
1785 1939 1884 1970 bonae
1918 1940 2110 1971 intentiones
2140 1948 2171 1971 et

1220 1987 1422 2017 inventiones
1445 1986 1568 2021 iuvant,
1592 1994 1670 2023 quae
1686 1982 1764 2013 nihil
1789 1982 1848 2012 nisi
1873 1982 2059 2013 diabolicam
2083 1993 2171 2014 arro-

1219 2029 1360 2069 gantiam
1386 2029 1528 2059 innatam
1552 2025 1733 2057 testantur?
1779 2024 1865 2063 Quin
1899 2025 1962 2055 imo
1986 2024 2170 2056 Samuelem

1219 2072 1340 2112 aliquid
1364 2071 1500 2111 amplius
1523 2069 1724 2100 adiicientem
1748 2067 1928 2098 audiamus:
1959 2077 2061 2107 neque
2084 2069 2169 2099 enim

1220 2119 1347 2146 tantum
1376 2113 1451 2144 dicit
1481 2112 1619 2143 victimis
1647 2110 1857 2141 obedient-iam
1887 2110 1980 2150 longe
2002 2117 2168 2150 praestan-

1220 2157 1341 2194 tiorem,
1373 2156 1426 2187 sed
1452 2155 1538 2186 addit
1568 2154 1662 2185 etiam
1686 2153 1888 2183 rebellionem
1913 2162 1981 2183 esse
2005 2158 2168 2192 peccatum

1221 2199 1437 2235 divinationis,
1465 2203 1497 2228 et
1527 2196 1616 2236 quasi
1646 2195 1748 2227 scelus
1772 2195 1976 2231 idololatriae,
2009 2195 2094 2225 nolle
2118 2205 2168 2226 ae-

1219 2243 1390 2282 quieseere.
1434 2240 1506 2271 Vox
1531 2245 1636 2270 autem
1661 2237 1796 2269 hebraea
1826 2247 1921 2276 quam
1956 2237 2167 2268 idololatriam

1220 2286 1376 2316 vertimus
1400 2283 1559 2324 significat
1589 2280 1757 2320 aliquando
1786 2280 2001 2319 iniquitatem:
2032 2280 2085 2310 sed
2118 2280 2169 2311 hic

1220 2338 1277 2368 pro
1306 2326 1483 2358 idololatria
1513 2324 1605 2361 sumi,
1636 2334 1697 2354 vox
1728 2323 1822 2353 etiam
1854 2322 1916 2352 alia
1939 2322 2060 2353 adiecta
2084 2322 2167 2352 The-

1220 2370 1356 2410 raphim,
1379 2369 1480 2407 magis
1504 2367 1601 2398 docet.
1647 2364 1810 2404 Quidquid
1845 2375 1918 2404 ergo
1943 2364 2000 2395 sibi
2023 2364 2169 2395 homines

1220 2411 1431 2453 persuadeant
1452 2414 1521 2441 rata
1545 2410 1605 2439 ista
1624 2414 1669 2439 est
1683 2407 1812 2438 Domini
1837 2407 2003 2444 sententia,
2029 2407 2077 2437 vel
2100 2413 2169 2438 tan-

1220 2455 1322 2486 tillum
1346 2454 1385 2484 ab
1408 2453 1506 2493 ipsius
1530 2451 1626 2482 verbo
1645 2449 1835 2487 recedentes,
1854 2460 2054 2489 quascunque
2075 2449 2170 2480 devo-

1220 2499 1321 2528 tiones
1344 2502 1468 2527 sanctas
1491 2498 1688 2534 praetexant,
1712 2502 1774 2522 non
1798 2492 1860 2522 alio
1878 2502 1946 2522 esse
1965 2492 2047 2532 apud
2062 2491 2168 2523 Deum

1220 2540 1285 2571 loco
1320 2549 1414 2579 quam
1449 2536 1688 2568 idololatrarum
1724 2541 1753 2565 et
1788 2534 1986 2572 divinorum,
2027 2539 2056 2565 et
2097 2534 2170 2565 licet

1220 2581 1324 2623 angeli
1359 2581 1449 2611 nobis
1474 2579 1656 2615 videamur,
1691 2587 1748 2617 pro
1778 2576 1954 2613 idololatris
1989 2582 2096 2607 tamen
2132 2577 2170 2607 ab

1220 2626 1287 2665 ipso
1310 2623 1430 2655 haberi.
1477 2621 1563 2653 Sane
1595 2621 1618 2651 si
1650 2621 1718 2660 quis
1749 2620 1780 2650 in
1812 2623 1875 2650 tota
1899 2620 2056 2659 scriptura
2080 2619 2172 2650 locus

1986 2670 2016 2695 821
