2551 3044
143 198 199 227 401

792 191 838 221 IN
864 191 889 221 1.
916 190 1001 221 LIB.
1026 191 1225 222 ὃΑΜΠΕΙι4
1250 192 1345 222 ΟΑΡ.
1372 192 1465 223 XXI.

2058 193 2121 221 4112

141 291 337 327 habuissent,
361 298 459 329 quum
483 286 522 318 ad
544 286 643 317 Achis
671 284 820 325 profugit,
851 295 908 315 sua
938 284 1099 315 industria
1123 290 1125 302 ¹
1152 284 1266 324 quibus
1291 285 1384 316 rebus
1412 286 1515 326 ipsum
1538 285 1746 316 vehomenter
1769 286 1887 316 tentari
1911 290 1943 316 et
1962 285 2121 325 exagitari

141 338 288 366 servatus
312 331 483 363 videretur.

143 382 199 413 est,
225 380 258 407 ut
282 374 412 406 Domini
437 373 640 404 manifestum
667 380 746 409 opus
777 371 969 409 apparuerit.
1017 369 1099 399 Nam

144 462 213 492 dem
237 460 388 496 excitant,
419 463 450 488 et
473 455 610 488 stimulis
632 454 824 494 quibusdam
849 461 1020 492 exacuunt,
1052 454 1099 484 di-

142 509 263 535 centes:
286 501 405 541 Ecquis
423 500 482 531 iste
505 504 554 529 est
572 496 750 538 profugus?
786 496 900 527 Nonne
920 497 973 527 ille
993 496 1099 526 David

142 551 190 578 est
220 545 273 585 qui
303 543 340 574 de
364 543 426 573 tuis
449 547 514 572 tam
539 540 658 571 multos
681 539 852 577 interfecit,
876 540 925 570 cui
950 540 975 570 si
1000 540 1100 569 vitam
1126 557 1128 562 ¹

142 586 341 624 concesseris,
366 585 498 625 perinde
518 583 623 614 facere
645 583 734 613 visus
758 582 866 620 fueris,
891 592 927 613 ac
950 583 975 612 si
1002 584 1102 613 fasces
1127 609 1129 616 ,

141 630 288 662 ardentes
318 628 382 659 tuis
413 627 544 658 aedibus
568 634 598 656 et
622 635 722 666 regno
743 624 939 656 subieceris‘?
987 625 1102 655 Nonne

140 673 192 704 1110
221 676 269 703 est
299 671 351 711 qui
383 669 583 700 dominatum
616 669 649 698 in
681 668 809 708 regione
832 667 979 705 obtinuit,
1011 675 1042 698 et
1065 667 1103 697 dc

140 725 200 755 quo
231 718 303 754 post
334 717 474 744 nostram
505 710 627 743 cladem
660 717 691 741 et
715 710 861 742 Goliathi
892 716 1028 740 mortem
1055 715 1104 741 est

140 758 352 792 decantatum,
377 754 537 786 Davidem
561 764 618 784 sua
642 754 751 784 decem
775 753 877 784 millia
895 753 1103 791 interfecisse,
1129 792 1130 797 1

139 800 271 832 Saulem
295 808 369 829 vero
393 808 451 828 sua
474 797 596 828 millia?
630 796 746 827 Nonne
770 795 796 826 si
819 795 917 826 fuerit
939 797 1023 836 apud
1047 806 1104 826 nos

138 843 172 874 in
191 843 263 878 otio,
287 848 319 872 et
341 840 436 871 rebus
459 850 537 870 usus
562 838 719 877 secundis,
743 839 774 868 in
796 844 944 869 nostrum
968 838 1103 869 exitium

140 882 354 925 conspirabit?
401 882 487 914 Sane
511 893 608 922 quum
633 892 669 912 eo
693 881 868 912 deventum
891 886 948 919 est,
969 881 1104 912 minime

139 927 271 959 dubium
301 926 362 957 fuit
392 926 469 965 quin
502 925 590 956 Deus
622 923 739 955 Davidi
772 925 855 954 viam
880 923 995 955 salutis
1019 934 1103 954 com·
1129 954 1130 962 ,

138 980 287 1008 munem,
322 973 354 1000 et
392 967 475 1008 apud
508 968 655 998 homines
685 967 835 997 usitatam
867 966 1038 1004 ademerit,
1069 975 1104 997 ut

139 1012 338 1044 manifestior
369 1015 453 1042 esset
482 1010 543 1041 Dei
572 1020 648 1048 erga
678 1009 840 1040 Davidem
871 1010 1104 1048 benevolentia,

140 1056 191 1087 cui
210 1054 313 1087 veluti
331 1054 463 1086 coelitus
482 1063 612 1084 manum
634 1052 841 1093 porrexisset,
864 1056 895 1082 et
914 1052 1105 1083 admiranda

138 1098 262 1130 ratione
284 1108 325 1129 ex
347 1096 460 1128 mortis
484 1095 627 1127 faucibus
650 1094 843 1135 eripuisset?
880 1095 994 1135 Neque
1016 1096 1103 1126 enim

138 1140 223 1182 apud
241 1140 388 1171 homines
409 1145 600 1171 consuetum
620 1144 677 1175 est,
702 1137 873 1169 stultitiam
897 1138 1103 1169 simulantem

139 1183 284 1215 hostibus
311 1183 484 1223 imponere,
512 1187 544 1212 et
573 1181 705 1221 impune
728 1180 848 1211 dimitti
871 1191 934 1212 non
959 1181 1103 1211 animad-

138 1237 233 1258 versa
256 1225 376 1256 fraude.
414 1224 482 1256 Aut
504 1224 531 1254 si
555 1234 669 1255 revera
691 1222 799 1254 David
821 1223 957 1255 insanus
981 1224 1102 1261 fuisset,

139 1280 179 1300 an
213 1279 273 1300 non
310 1268 427 1299 multos
461 1278 500 1298 ex
535 1273 631 1307 gente
666 1266 731 1303 illa,
767 1270 801 1297 et
833 1266 962 1306 quidem
997 1267 1130 1306 ipsum,

136 1321 246 1352 regem
265 1311 446 1342 interficere
466 1315 599 1350 poterat,
623 1310 714 1340 cuius
737 1319 804 1340 non
828 1310 981 1340 maiorem
1006 1320 1103 1349 quam
1129 1340 1130 1344 ,

137 1355 273 1386 aliorum
292 1354 450 1385 rationem
470 1352 636 1384 habuisset
659 1352 691 1382 in
716 1352 866 1383 insania?
902 1352 1005 1383 Cuius
1029 1352 1103 1384 facti
1128 1384 1130 1394 ⁴

137 1398 164 1429 si
195 1406 306 1428 rumor
333 1396 373 1427 ad
403 1396 483 1427 alios
513 1395 724 1436 pervenisset,
754 1400 801 1425 tot
832 1395 870 1426 ab
909 1396 1022 1426 insano
1045 1395 1101 1426 1110

136 1439 323 1471 interfectos
353 1439 556 1476 Philistaeos,
587 1444 712 1469 certum
743 1442 792 1469 est
815 1448 877 1469 non
902 1442 1029 1469 tantum
1052 1438 1101 1469 lu-

137 1482 248 1521 dibrio,
271 1481 327 1513 sed
345 1482 417 1513 odio
433 1491 558 1513 summo
578 1480 725 1512 habitum
744 1481 785 1512 iri
803 1486 835 1511 et
857 1481 1002 1512 omnium
1026 1491 1101 1512 con-

137 1536 233 1557 cursu
266 1525 414 1556 obrutum
444 1525 493 1555 iri.
540 1523 631 1554 Deus
659 1524 768 1563 itaque
799 1524 977 1564 potentiam
1009 1535 1102 1555 suam

137 1567 368 1606 demonstrare,
398 1572 430 1598 et
457 1566 692 1607 impedimenta
721 1567 830 1597 omnia
853 1567 966 1597 tollere
990 1567 1102 1607 voluit,

137 1610 252 1651 quibus
274 1610 374 1650 ipsius
397 1610 498 1648 gloria
521 1609 573 1641 vel
597 1608 758 1640 tantillum
783 1609 1016 1641 obscuraretur.

221 1653 357 1684 Interim
397 1653 550 1684 metuisse
591 1652 650 1683 sibi
684 1651 791 1683 David
825 1652 942 1683 dicitur
977 1664 994 1683 a
1028 1663 1102 1693 rege

137 1696 246 1733 Achis‚
270 1701 302 1726 et
320 1696 437 1727 idcirco
457 1695 616 1726 insaniam
636 1694 720 1735 apud
741 1705 850 1735 regem
871 1695 1101 1735 despumando,

136 1744 167 1769 et
185 1739 218 1769 in
237 1738 350 1770 faciem
369 1749 462 1770 suam
485 1737 681 1778 exspuendo,
704 1744 735 1768 et
754 1738 787 1768 iu
812 1738 987 1777 parietibus
1010 1739 1102 1778 signa

136 1780 291 1821 quaedam
326 1780 498 1822 pingendo,
533 1786 564 1812 et
593 1781 626 1811 in
655 1791 770 1812 manus
800 1791 910 1812 eorum
939 1791 957 1811 a
987 1781 1101 1821 quibus

137 1823 312 1855 ducebatur
334 1823 531 1861 collabendo‚
556 1828 587 1854 et
610 1824 641 1854 in
666 1823 749 1854 ostia
771 1823 981 1865 impingendo
1004 1824 1100 1855 simu-

135 1866 249 1898 lasset:
281 1871 375 1907 atque
398 1867 483 1898 hanc
504 1867 664 1898 rationem
690 1867 774 1897 vitae
804 1876 881 1897 suae
911 1867 1099 1898 consulendi

133 1915 202 1940 tum
225 1910 468 1950 excogitavisse.
513 1909 578 1940 Hic
600 1910 701 1949 igitur
724 1909 839 1940 merito
863 1910 972 1948 quaeri
996 1914 1099 1949 potest

133 1952 266 1983 Deusne
293 1952 530 1984 simulationem
553 1952 649 1983 istam
676 1951 812 1982 Davidis
835 1953 1030 1991 probaverit,
1059 1964 1099 1984 an

135 2005 235 2027 000110.
280 1995 350 2026 Iam
373 1999 481 2027 autem
503 2001 576 2026 ante
600 1994 834 2026 declaravimus
858 1995 965 2026 Deum
990 2006 1099 2035 preces

135 2048 300 2069 servorum
343 2048 474 2069 suorum
509 2037 756 2074 exaudientem,
798 2048 863 2068 non
899 2048 1025 2078 semper
1059 2038 1098 2069 ad

134 2090 244 2111 00111111
267 2080 495 2120 perfectionem
518 2090 536 2111 a
560 2080 676 2120 quibus
700 2080 732 2111 111
756 2080 947 2112 necessitate
970 2081 1097 2112 invoca-

133 2122 226 2154 batur
245 2123 440 2162 respexisse:
464 2123 523 2155 etsi
547 2134 623 2154 mox
647 2123 828 2154 videbimus
842 2122 1002 2154 Davidem
1027 2135 1099 2163 pro-

134 2165 243 2196 testari
262 2176 295 2196 se
309 2166 439 2197 Domini
459 2166 617 2197 auxilium
637 2172 806 2205 expertum
825 2176 895 2197 esse
914 2166 947 2196 111
972 2177 1098 2197 summa

137 2208 333 2246 nesessitate,
364 2209 449 2249 quod
476 2219 592 2249 purum
616 2215 648 2240 et
671 2210 834 2249 integrum
858 2219 892 2239 se
915 2210 1097 2249 reperisset.

138 2249 260 2280 Verum
280 2261 342 2282 non
361 2262 397 2283 ea
411 2251 546 2283 Davidis
569 2262 662 2282 mens
685 2251 754 2286 fuit,
780 2256 814 2282 ut
837 2262 870 2283 se
892 2252 926 2283 in
949 2252 1098 2283 omnibus

138 2292 256 2323 iustum
285 2303 391 2324 coram
412 2294 483 2325 Deo
512 2295 639 2332 faceret,
670 2295 762 2334 quasi
792 2294 881 2325 nulla
912 2295 943 2325 in
969 2305 1003 2325 re
1027 2305 1096 2335 pec-

138 2340 244 2366 catum
267 2345 285 2365 a
307 2346 340 2366 00
362 2336 489 2368 fuisset:
513 2347 612 2377 quare
635 2336 796 2368 Davidem
818 2337 978 2368 insaniam
1002 2338 1100 2369 simu-

139 2376 258 2407 lantem
291 2387 436 2417 peccasse
470 2380 635 2411 fatendum
670 2384 734 2411 est:
770 2391 834 2411 non
862 2381 969 2411 minus
1000 2391 1096 2420 quam

140 2428 239 2459 quum
263 2419 487 2453 Achimelecho
521 2422 679 2454 sacerdoti
712 2423 868 2454 mentitus
902 2428 966 2459 est,
998 2434 1096 2463 quum

141 2461 223 2492 dixit
241 2472 274 2493 se
293 2462 478 2495 mandatum
497 2465 625 2505 aliquod
649 2476 667 2496 a
691 2476 766 2507 rege
790 2466 908 2497 habere
933 2477 1097 2503 arcanum,
1122 2479 1124 2488 1

139 2509 170 2534 et
200 2504 239 2535 ab
269 2514 305 2535 eo
334 2505 474 2545 gladium
498 2507 635 2548 aliquem
659 2514 713 2539 aut
737 2509 836 2540 telum
861 2508 970 2549 petiit:
994 2514 1026 2539 et
1050 2520 1097 2540 se-

140 2552 257 2586 quente
287 2548 388 2587 capite
418 2549 593 2582 videbimus
615 2551 773 2583 Davidem
803 2563 868 2582 non
891 2551 986 2582 modo
1009 2562 1099 2583 men-

141 2589 266 2621 dacium
289 2600 469 2630 agnoscere,
491 2593 547 2623 sed
569 2593 664 2624 etiam
687 2594 799 2635 lugere
822 2600 854 2625 et
876 2595 1099 2635 ingemiscere,

141 2632 225 2671 quod
262 2636 311 2663 tot
345 2633 544 2665 sacerdotum
581 2637 677 2667 morti
707 2638 907 2668 occasionem
939 2637 1096 2668 dedisset:

244 2683 353 2709 Calvim‘
369 2691 462 2716 opera.
498 2685 556 2711 Vol.
573 2686 668 2712 XXX.

529 327 593 361 Sed
612 328 700 359 Deus
724 328 767 357 ita
789 326 924 357 Davidis
950 327 1098 357 misertus
1123 317 1125 341 l

467 415 495 421 ..
571 414 576 419 1
669 412 674 418 ι
718 413 723 418 η
1079 412 1083 416 .
1124 396 1126 418 5
1152 371 1278 409 magnis
1298 370 1593 410 perturbationibus
1617 371 1757 411 agitatus
1781 371 1831 408 sit,
1864 377 1899 402 ut
1922 372 2121 411 superfluum

143 429 199 459 pro
224 417 388 449 blanditiis
412 415 578 446 Philistae1
609 423 693 453 regis
717 422 796 443 iram
822 411 976 442 adversus
1000 411 1100 442 Davi·
1125 435 1126 454 ἢ
1208 455 1212 460 -
1327 455 1331 460 ⁸
1351 456 1356 460 ”

1125 454 1214 484 ’Dei
1258 455 1415 486 auxrlium
1458 456 1517 487 hac
1550 456 1673 486 ratione
1708 457 1813 495 ipsum
1848 462 2017 496 expertum
2052 468 2120 488 esse

1150 328 1302 367 oportuit.
1348 328 1389 358 Et
1416 339 1493 360 sane
1523 328 1656 359 minime
1679 327 1812 358 dubium
1842 333 1891 359 est
1921 328 1999 368 quin
2023 328 2123 360 animi

1152 412 1194 443 sit
1214 413 1454 444 excusationem
1474 414 1548 444 facti
1574 414 1664 444 istius
1688 424 1850 453 quaerere.
1885 413 2119 445 Verumtamen

1153 498 1308 529 coniicere
1349 508 1528 538 possumus.
1584 499 1667 530 Nam
1701 498 1806 529 David
1841 498 1967 530 videtur
2007 510 2122 531 sensus

1154 541 1476 579 omncsimmutasso,
1500 548 1537 572 ut
1560 552 1654 572 nemo
1678 541 1916 573 simulationem
1939 541 2029 572 illam
2053 553 2122 574 esse

1155 583 1308 622 suspicari
1332 584 1480 623 potuerit,
1510 584 1566 614 sed
1590 584 1656 615 sola
1678 584 1824 615 insaniae
1847 585 1941 625 signa
1962 594 2119 624 apparue-

1155 625 1229 663 rint,
1272 632 1305 655 ut
1346 625 1488 657 iudicare
1522 627 1682 666 possimus
1716 637 1779 657 non
1814 627 1882 658 sine
1916 627 2023 667 aliquo
2058 627 2120 658 Dei

1155 668 1267 698 afflatu
1291 667 1452 699 Davidem
1482 669 1643 700 insaniam
1673 669 1851 706 simulasse,
1882 670 1937 700 sed
1962 680 2026 701 non
2050 670 2120 702 ideo

1156 714 1263 741 tamen
1286 711 1320 740 in
1345 711 1529 751 exemplum
1552 712 1611 742 ista
1634 712 1794 743 simulatio
1818 712 1976 744 trahenda
1999 718 2056 751 est,
2086 720 2117 744 et

1156 753 1247 783 nobis
1260 753 1376 783 similia
1390 754 1604 793 permittenda
1618 754 1752 785 Davidis
1773 755 1920 795 exemplo
1941 755 2119 795 abutentes,

1157 795 1336 835 vitiumque
1366 802 1511 827 nostrum
1543 803 1704 837 tegentes:
1736 808 1809 828 nam
1836 798 1924 829 Deus
1948 797 2119 838 aliquando

1156 838 1288 878 speciali
1322 838 1460 878 quadam
1495 840 1620 870 ratione
1655 846 1804 880 operatus
1837 848 1894 877 est,
1930 851 2026 880 quam
2055 851 2121 872 non

1155 880 1250 912 liceat
1269 881 1339 912 aliis
1363 881 1492 913 imitari⁴
1527 882 1744 921 Quamobrem
1768 882 1939 914 discrimen
1964 884 2120 915 constitu-

1156 923 1273 954 endum
1305 930 1352 954 est
1378 924 1463 955 inter
1486 935 1669 956 communes
1693 930 1723 955 et
1747 926 1912 965 generales
1935 926 2065 966 regulas
2089 935 2120 957 et

1157 966 1327 1007 privilegia
1355 967 1470 1006 quibus
1500 967 1672 1007 aliquando
1697 967 1785 999 Deus
1816 968 1862 999 uti
1893 968 2004 1007 voluit,
2035 979 2119 1008 quae

1157 1014 1264 1039 tamen
1289 1020 1353 1040 non
1377 1016 1451 1040 sunt
1474 1010 1507 1040 in
1529 1010 1633 1051 legem
1659 1010 1825 1041 trahenda.
1860 1010 1954 1050 Quod
1979 1021 2056 1051 ergo
2083 1011 2121 1043 de

1156 1051 1284 1082 Davide
1314 1052 1450 1092 legimus
1483 1053 1640 1084 insaniam
1673 1053 1856 1090 simulante,
1888 1054 1965 1084 satis
1989 1060 2122 1094 apparet

1156 1095 1292 1134 speciale
1323 1094 1481 1134 quoddam
1515 1096 1611 1126 fuisse
1642 1095 1857 1136 privilegium.
1910 1097 1957 1127 Ac
1988 1097 2121 1136 proinde

1157 1138 1276 1168 nemini
1291 1138 1387 1169 licere
1406 1138 1577 1169 stultitiam
1596 1144 1651 1169 aut
1669 1138 1828 1169 insaniam
1848 1139 1887 1170 ad
1908 1139 1994 1170 illius
2013 1150 2119 1170 exem-

1156 1179 1246 1220 plum
1273 1180 1438 1212 simulare.
1484 1180 1703 1220 Quamobrem
1733 1181 1833 1212 vero?
1879 1181 2004 1221 Nempe
2032 1181 2122 1213 Deus

1157 1222 1254 1253 verbo
1285 1234 1342 1255 suo
1370 1234 1427 1254 nos
1457 1223 1549 1255 docet
1578 1223 1652 1263 quid
1677 1224 1779 1263 liceat,
1810 1229 1841 1255 et
1864 1224 2010 1264 regulam
2035 1225 2121 1255 vitae

1157 1266 1314 1305 proponit,
1340 1277 1358 1296 a
1381 1277 1444 1306 qua
1467 1271 1586 1297 temere
1610 1278 1674 1297 non
1697 1272 1745 1297 est
1768 1266 1994 1298 recedendum.
2020 1267 2120 1298 Davi—

1157 1308 1229 1339 dem
1249 1319 1324 1340 vero
1337 1308 1427 1340 Deus
1450 1309 1556 1349 potuit
1579 1320 1597 1340 a
1619 1309 1731 1349 regula
1754 1309 1897 1349 generali
1920 1309 2117 1349 dispensare.

1157 1350 1325 1383 Summam
1346 1352 1429 1382 euim
1456 1358 1643 1391 potestatem
1658 1352 1745 1383 Deus
1768 1352 1799 1382 in
1824 1363 1875 1383 res
1898 1362 2009 1383 omnes
2032 1363 2119 1384 crea—

1156 1398 1205 1425 tas
1228 1394 1361 1426 obtinet.
1408 1394 1625 1434 Quamobrem
1649 1395 1829 1434 quicunque
1853 1405 1944 1426 casus
1966 1395 2120 1433 incidant,

1157 1436 1336 1468 cavendum
1366 1448 1568 1477 summopere
1600 1448 1638 1468 ne
1662 1442 1780 1468 temere
1805 1447 2013 1477 quaecunque
2036 1439 2118 1469 ratio

1157 1480 1207 1511 vel
1239 1479 1336 1511 libido
1368 1480 1546 1519 dictaverit,
1575 1480 1613 1511 ad
1644 1480 1821 1520 periculum
1852 1480 1980 1520 aliquod
2004 1482 2118 1512 mortis

1156 1523 1337 1560 vitandum,
1369 1533 1555 1563 sequamur:
1587 1524 1614 1554 si
1644 1523 1770 1563 quidem
1801 1522 1891 1554 Deus
1921 1533 1988 1560 nos,
2019 1533 2116 1563 quum

1156 1565 1216 1606 ipsi
1233 1566 1378 1606 placebit,
1397 1571 1508 1597 contra
1527 1566 1670 1596 omnium
1691 1576 1777 1605 spem
1799 1570 1829 1596 et
1847 1566 2120 1606 exspectationem

1156 1609 1241 1640 tueri
1269 1609 1401 1649 poterit:
1430 1609 1456 1640 si
1486 1609 1614 1648 quidem
1645 1609 1675 1638 in
1707 1619 1802 1639 manu
1827 1614 1857 1639 et
1881 1614 2039 1648 potestate
2060 1620 2119 1640 sua

1156 1652 1297 1683 rationes
1332 1652 1429 1682 habet
1463 1652 1555 1682 nobis
1590 1652 1713 1691 ignotas
1747 1662 1821 1682 suos
1856 1651 1995 1683 tutandi.
2051 1652 2118 1683 Nos

1155 1699 1261 1725 autem
1286 1700 1412 1734 oportet
1435 1695 1581 1725 omnibus
1605 1705 1685 1733 quae
1710 1695 1807 1725 verbo
1819 1693 1882 1724 Dei
1905 1693 2118 1734 prohibentur

1154 1737 1327 1769 abstinere.
1381 1737 1531 1776 Denique
1562 1736 1787 1768 admirandum
1818 1747 1898 1776 opus
1926 1736 1987 1768 Dei
2017 1748 2116 1778 agno-

1153 1790 1280 1811 scamus
1304 1779 1440 1812 Davidis
1468 1791 1507 1810 ex
1531 1779 1783 1810 Philistaeorum
1813 1783 1972 1819 potestate
2001 1779 2116 1811 libera-

1153 1824 1292 1861 tionem,
1334 1830 1365 1854 et
1405 1823 1535 1854 interim
1568 1822 1821 1862 contemplemur
1856 1822 1906 1853 1110
1941 1822 2025 1862 quod
2058 1833 2117 1855 nos

1155 1866 1275 1897 Paulus
1300 1866 1400 1901 docet,
1425 1875 1549 1905 nempe,
1569 1865 1629 1896 Dei
1652 1865 1822 1895 stultitiam
1846 1865 1941 1904 longe
1965 1876 2116 1905 superare

1152 1918 1280 1940 omnem
1303 1908 1417 1940 mundi
1440 1908 1639 1948 sapientiam.
1698 1907 1837 1938 Paulum
1866 1907 1996 1947 quidem
2028 1915 2115 1939 certe

1152 1951 1239 1992 loqui
1258 1957 1380 1982 certum
1401 1956 1449 1982 est
1469 1951 1507 1981 de
1527 1950 1686 1990 evangelii
1710 1950 1955 1990 praedicatione,
1979 1955 2010 1981 et
2032 1952 2112 1982 eius-

1152 1994 1225 2025 dem
1254 1994 1475 2034 simplicitate:
1507 2004 1579 2024 nam
1611 1994 1665 2032 qui
1690 1993 1809 2023 viribus
1832 1993 1954 2032 ingenii
1978 1993 2113 2025 humani

1151 2037 1329 2069 doctrinam
1351 2036 1570 2077 evangelicam
1591 2035 1696 2066 volent
1716 2035 1883 2075 speculari,
1908 2042 1938 2065 et
1961 2035 2000 2066 ad
2025 2047 2112 2068 man-

1152 2080 1262 2111 datum
1304 2080 1353 2110 sui
1394 2079 1514 2119 ingenii
1548 2078 1634 2109 illam
1670 2077 1866 2118 expendere,
1908 2085 2030 2109 certum
2067 2087 2113 2111 est

1151 2123 1273 2154 risuros
1303 2129 1334 2153 et
1366 2122 1502 2153 ludibrio
1533 2121 1698 2152 habituros
1727 2130 1934 2160 quaecunque
1964 2121 2054 2153 nobis
2078 2123 2110 2153 in

1151 2165 1318 2206 evangelio
1343 2164 1585 2205 praedicantur:
1615 2169 1691 2204 puta
1710 2163 1772 2193 Dei
1796 2163 1898 2193 filium
1924 2165 2111 2203 apparuisse

1150 2210 1184 2239 in
1213 2208 1308 2239 terris
1339 2212 1503 2247 assumpta
1533 2207 1676 2237 humana
1705 2212 1829 2243 natura,
1859 2210 1889 2236 et
1919 2216 1976 2246 pro
1999 2208 2112 2239 mundi

1150 2251 1289 2291 peccatis
1320 2260 1449 2290 passum
1480 2260 1557 2281 esse.
1610 2249 1794 2280 Absurdum
1825 2249 1910 2279 enim
1941 2251 1973 2279 et
1994 2250 2112 2282 rationi

1150 2304 1336 2334 repugnans
1348 2292 1485 2330 videtur,
1506 2303 1579 2323 eum
1594 2292 1646 2331 qui
1668 2292 1733 2322 vita
1752 2296 1808 2329 est,
1828 2302 1896 2321 sese
1916 2292 1953 2322 ad
1976 2300 2109 2324 mortem

1149 2336 1351 2377 exposuisse:
1386 2345 1458 2366 eum
1491 2335 1545 2375 qui
1578 2335 1732 2365 bonorum
1768 2334 1911 2364 omnium
1947 2334 2018 2365 fons
2052 2345 2108 2371 est,

1149 2389 1322 2420 pauperem
1341 2388 1397 2418 pro
1421 2378 1511 2408 nobis
1534 2388 1602 2409 esse
1625 2377 1760 2408 factum:
1785 2376 1862 2407 haec
1885 2377 2014 2416 inquam
2038 2389 2110 2410 sen-

1149 2423 1237 2454 sibus
1267 2422 1418 2452 humanis
1449 2420 1542 2460 plane
1572 2419 1708 2450 absurda
1739 2418 1901 2455 videntur,
1931 2426 1962 2449 et
1992 2422 2108 2452 rationi

1149 2464 1324 2498 contraria:
1363 2473 1458 2504 quam
1494 2462 1532 2494 ob
1568 2472 1696 2493 causam
1730 2461 1851 2492 Paulus
1882 2462 1972 2498 dicit,
2002 2463 2107 2494 Deum

1149 2507 1299 2548 quoniam
1328 2505 1469 2537 mundus
1499 2505 1581 2535 nihil
1614 2505 1777 2544 proficeret
1802 2505 1834 2534 in
1858 2504 1921 2535 Dei
1943 2505 2109 2546 sapientia,

1150 2550 1290 2582 voluisse
1322 2559 1379 2589 per
1409 2548 1578 2580 stultitiam
1611 2547 1857 2587 praedicationis
1880 2547 1984 2579 salvos
2007 2548 2111 2582 facere

1149 2592 1315 2624 credentes
1340 2590 1424 2623 Sane
1449 2601 1545 2630 quum
1563 2590 1687 2620 eoelum
1710 2594 1742 2620 et
1765 2596 1883 2620 terram
1904 2596 1935 2620 et
1948 2601 2109 2630 quaecun-

1149 2646 1210 2676 que
1230 2636 1259 2666 in
1283 2634 1360 2674 ipsis
1378 2638 1453 2665 suut
1476 2633 1585 2663 divina
1605 2643 1701 2672 opera
1724 2632 1990 2672 contemplamur,
2025 2645 2116 2677 mag-

1877 2683 1910 2709 26
