2551 3044
298 215 357 246 {351
1167 206 1370 238 HOMILIA
1393 205 1431 237 G.
2234 205 2297 237 652

301 309 476 349 stupetieri.
499 315 531 336 ut
554 306 611 336 sibi
633 304 849 344 persuadeant
863 303 894 333 id
908 302 991 342 quod
1013 312 1077 332 non
1093 307 1150 337 est,
1175 301 1273 340 siqui-

303 351 374 382 dem
387 350 499 380 ‹livius›
510 350 543 379 tit
556 347 681 383 iudicio,
698 353 733 376 ut
744 345 847 385 quial)
858 345 960 385 ipsius
975 344 1110 375 veritate
1121 343 1275 374 recedunt

304 395 388 424 iusta
409 393 501 422 istius
515 390 676 422 caecitatis
690 398 792 428 poena
812 389 998 427 puniantur.
1030 386 1203 426 Spectrum
1216 386 1275 426 igi-

304 443 355 465 tur
372 436 469 465 tuisse
484 433 621 464 dicimus
635 431 719 471 quod
735 432 766 461 in
780 440 919 471 persona
932 429 1096 461 Samuelis
1115 429 1274 469 apparuit.

390 477 492 508 Porro
519 475 650 506 Saulem
676 474 721 504 sic
745 473 934 513 alloquitur:
962 476 1065 511 Quare
1087 471 1276 503 commovisti

303 531 359 557 me,
383 519 532 550 evocando
555 528 610 548 ine.
654 516 826 557 Significat
849 516 936 546 enim
960 525 1019 545 vox
1044 514 1183 546 hebraea
1207 519 1275 544 tur-

305 563 466 593 bationem
491 567 547 592 aut
571 560 829 591 commotionem.
866 557 1031 597 Quidquid
1055 558 1106 593 sit,
1130 555 1276 587 diabolus

307 607 350 636 ita
376 614 546 645 personam
568 601 732 633 Samuelis
755 602 830 641 agit,
854 606 890 631 ut
914 599 1000 640 quod
1024 600 1130 640 potuit
1142 598 1274 631 Samuel

306 648 412 679 dicere
437 647 476 677 ‹le
501 656 534 677 sc
558 647 655 676 etiam
681 644 828 675 diabolus
852 643 947 681 dicat,
973 648 1009 673 ut
1033 642 1126 674 Sauli
1150 641 1276 673 facilius

306 691 415 721 fucum
441 689 546 724 faciat,
572 695 602 718 et
624 686 707 727 quod
720 685 924 726 responderit
940 685 1046 717 maius
1058 684 1143 725 apud
1168 685 1275 724 ipsum

307 733 432 774 pondus
458 732 583 762 habeat,
630 729 695 761 Sed
727 730 856 760 interim
883 729 973 759 Deus
1002 728 1100 759 etiam
1125 728 1177 758 hie
1201 736 1275 757 suas

306 783 414 816 partes
437 775 515 815 agit.
551 773 634 804 Nam
659 771 931 812 quemadmodum
953 771 1099 802 diabolus
1119 769 1276 800 mendacii

306 825 398 859 pater
423 825 551 848 tantum
575 815 698 855 expetit
723 814 870 845 homines
893 812 1059 851 seducere,
1081 819 1114 844 et
1130 813 1220 843 Deus
1244 812 1276 842 in

307 860 492 892 incredulos
524 859 612 889 illam
646 863 839 898 potestatem
868 857 927 896 ipsi
958 856 1128 897 permittit,
1160 854 1200 884 ad
1224 864 1277 885 eos

307 915 364 944 pro
396 902 520 933 meritis
554 900 777 940 castigandos:
811 900 857 931 ita
891 899 989 930 etiam
1022 899 1112 930 Deus
1147 908 1186 928 ex
1221 907 1279 927 sua

307 952 399 987 parte
422 956 503 985 opus
527 954 620 975 suum
646 943 721 983 agit,
755 949 787 973 ct
811 942 871 974 hac
890 941 1015 973 ratione
1038 941 1123 972 servi
1148 940 1198 971 sui
1222 940 1279 970 Sa-

308 989 422 1019 muelis
437 993 507 1028 post
520 987 642 1017 obitum
658 985 865 1017 autoritatem
879 985 974 1016 etiam
989 984 1094 1024 magis
1114 994 1150 1014 ac
1175 982 1279 1022 magis

309 1031 378 1062 vult
401 1031 602 1062 confirmare.
649 1027 814 1067 Quamdiu
839 1027 971 1059 Samuel
997 1027 1079 1057 vixit
1111 1027 1143 1056 in
1172 1025 1278 1056 terris.

309 1073 531 1105 testimonium
555 1071 669 1102 habuit
681 1076 714 1101 et
732 1071 873 1110 insignia
885 1070 1067 1101 certissima
1091 1067 1277 1108 prophetae,

308 1117 433 1156 fuitque
464 1115 568 1146 sancti
599 1114 735 1154 spiritus
765 1122 942 1154 organum,
976 1113 1066 1143 euius
1098 1111 1280 1142 doctrinam

309 1159 451 1199 oportuit
487 1157 659 1189 admittere
693 1161 846 1196 tanquam
883 1155 944 1195 legi
980 1154 1042 1185 Dei
1082 1154 1280 1185 conformem

311 1202 402 1233 euius
427 1200 532 1232 tidelis
555 1205 626 1231 erat
649 1199 826 1239 interpres:
850 1197 913 1228 iam
938 1202 1009 1237 post
1034 1197 1136 1236 ipsius
1155 1195 1279 1226 obitum

309 1245 368 1275 etsi
393 1243 539 1275 diabolus
563 1243 633 1273 eius
657 1251 830 1281 personam
855 1240 967 1271 induat
987 1246 1019 1271 et
1038 1240 1160 1270 veritas
1184 1238 1280 1269 aliam
1304 1238 1307 1272 Ι

309 1287 446 1319 formam
472 1285 617 1326 accipiat,
643 1284 734 1315 Deus
757 1289 866 1315 tamen
879 1282 983 1314 fidelis
1000 1282 1088 1313 servi
1111 1280 1279 1321 suidigni-

310 1335 410 1361 tatem
434 1334 616 1365 conservat,
642 1327 778 1366 facitque
801 1331 838 1357 ut
861 1325 1018 1366 qui‹]quid
1043 1324 1188 1356 diabolus
1211 1334 1280 1354 mo-

310 1372 418 1409 liatur,
451 1371 664 1402 nihilominus
692 1373 847 1409 appareat
878 1378 943 1399 non
974 1377 1066 1407 posse
1089 1366 1280 1407 dignitatem

311 1426 408 1455 quam
434 1414 510 1445 olim
543 1414 637 1444 vivus
662 1411 793 1443 Samuel
822 1410 972 1447 obtinuit,
1005 1417 1130 1441 mortuo
1155 1408 1281 1440 detrahi

311 1459 388 1498 quin
415 1467 512 1488 verus
524 1455 587 1487 Dei
611 1454 767 1495 propheta
787 1455 829 1485 sit
851 1460 883 1484 et
906 1452 1075 1484 habeatur.
1100 1453 1152 1483 En
1165 1450 1281 1492 quibus

310 1500 414 1532 modis
438 1499 528 1531 Deus
555 1497 696 1529 Satanae
726 1496 856 1527 fraudes
885 1497 919 1526 in
949 1496 1147 1527 contrarium
1174 1494 1280 1530 vertit,

311 1551 348 1575 ut
386 1552 443 1583 pro
484 1540 652 1572 mendacio
683 1538 767 1579 quod
801 1538 958 1570 invehere
991 1544 1127 1570 conatur
1161 1537 1282 1568 veritas

313 1586 416 1626 magis
440 1595 476 1615 ac
499 1583 604 1624 magis
628 1583 798 1614 elucescat.
841 1581 974 1613 Saulem
998 1591 1076 1612 vero
1100 1579 1184 1620 quod
1208 1579 1282 1610 atti-

311 1634 378 1666 net,
410 1627 528 1668 dignus
558 1636 637 1657 sano
666 1625 726 1655 fuit
757 1625 811 1664 qui
841 1624 1024 1660 falleretur,
1054 1629 1087 1654 et
1117 1622 1282 1654 Samuelis

311 1671 372 1702 hac
395 1670 594 1710 apparitione
622 1667 797 1705 luderetur,
828 1671 866 1698 ut
889 1677 952 1698 non
984 1666 1077 1697 modo
1106 1676 1171 1697 non
1195 1665 1283 1696 utilis

312 1714 383 1754 ipsi.
409 1712 464 1743 sed
489 1712 594 1752 potius
608 1711 705 1741 noxia
717 1714 811 1748 esset,
835 1709 913 1740 adeo
925 1714 961 1740 ut
980 1709 1064 1740 iusto
1078 1709 1139 1740 Dei
1163 1707 1282 1739 iudicio

311 1756 346 1787 in
371 1755 630 1795 desperationem
651 1753 785 1784 veniret.
818 1752 992 1784 Caeterum
1017 1756 1054 1782 ut
1077 1756 1152 1782 ante
1175 1751 1283 1791 attigi-

312 1809 396 1835 mus,
429 1796 575 1828 diabolus
602 1797 646 1827 ita
676 1804 846 1836 personam
873 1793 1037 1826 Samuelis
1067 1794 1216 1830 sustinet,
1247 1797 1284 1823 ut

314 1840 397 1882 quod
422 1839 602 1871 verisimile
626 1842 696 1870 erat
714 1837 856 1876 simulet,
880 1847 998 1878 nempe
1013 1836 1199 1868 Samuelem
1225 1836 1284 1867 hac

284 1883 289 1888 ’
314 1883 502 1915 evocatione
515 1881 727 1913 vehementer
749 1880 965 1921 indignatum,
986 1879 1070 1919 quod
1090 1879 1210 1910 iniuria
1224 1878 1285 1918 ipsi

314 1928 414 1961 fieret,
448 1935 546 1965 quum
580 1935 620 1955 ex
641 1924 750 1963 quiete
775 1929 807 1953 et
838 1921 1075 1962 tranquillitate
1099 1922 1150 1953 sui
1173 1931 1285 1952 manes

315 1974 537 2000 evocarentur.
562 1967 650 1998 Hinc
662 1966 871 1997 observemus
885 1965 1058 2001 diabolum,
1077 1975 1140 2005 quo
1159 1964 1286 1995 facilius

314 2010 509 2052 persuadeat
522 2010 702 2047 veritatem,
725 2008 894 2040 mendacia
912 2007 961 2038 illi
979 2017 1076 2048 saepe
1099 2007 1286 2038 admiscere.

316 2055 400 2085 Nam
426 2055 450 2084 si
477 2052 582 2093 qualis
605 2058 653 2083 est
677 2058 857 2091 appareret,
890 2055 921 2081 et
944 2061 978 2082 se
1003 2050 1189 2081 hominibus
1212 2059 1286 2080 con-

316 2095 517 2137 spiciendum
539 2095 715 2135 praeberet,
739 2094 956 2125 certissimum
974 2098 1023 2124 est
1041 2093 1168 2124 horrori
1181 2091 1287 2122 omni-

316 2140 376 2170 bus
401 2139 557 2173 futurum,
588 2141 619 2168 ct
643 2138 728 2176 ipsos
752 2136 926 2167 seducendi
950 2135 1139 2167 facultatem
1163 2139 1287 2165 tantam

317 2192 380 2213 non
407 2181 603 2211 habiturum.
636 2180 711 2210 Istis
732 2179 832 2219 igitur
854 2178 981 2210 artibus
1005 2178 1153 2209 homines
1176 2176 1287 2213 eludit,

318 2231 353 2256 ut
377 2223 515 2264 speciem
548 2222 694 2253 veritatis
724 2222 865 2262 aliquam
898 2225 1068 2261 proponat,
1100 2225 1131 2252 et
1154 2224 1287 2260 gustum

318 2268 458 2307 aliquem
491 2265 624 2302 iniiciat,
660 2270 694 2296 ut
722 2265 766 2295 ita
797 2264 964 2296 oculorum
993 2267 1025 2294 et
1054 2263 1174 2295 mentis
1204 2263 1288 2293 acies

318 2309 527 2350 perturbetur
557 2314 588 2339 et
617 2308 790 2345 caecutiat,
827 2311 862 2338 ut
892 2306 995 2347 ipsius
1025 2305 1195 2337 mendacia
1225 2314 1287 2335 non

316 2354 544 2385 discernantur
586 2361 604 2381 a
646 2350 707 2381 Dei
747 2350 894 2381 veritate.
953 2348 1007 2380 Sic
1047 2348 1183 2380 venefici
1222 2357 1287 2378 non

318 2395 491 2436 propinant
517 2393 653 2433 simplex
679 2403 842 2423 venenum
864 2403 903 2423 ne
926 2392 996 2432 ipso
1019 2396 1116 2433 gustu
1129 2391 1288 2422 admoniti

319 2438 436 2479 quibus
459 2437 652 2476 propinatur
681 2434 882 2466 abstineant:
914 2434 970 2466 sed
1001 2444 1126 2466 veneno
1155 2443 1289 2466 suavem

319 2481 458 2520 aliquem
483 2485 614 2519 gustum
645 2479 839 2515 immiscent,
870 2482 907 2508 ut
936 2477 982 2508 sic
1012 2477 1160 2508 incautos
1183 2476 1290 2517 oppri-

319 2529 420 2554 mant.
467 2521 522 2553 Sic
553 2520 639 2561 apud
671 2520 828 2552 Ioannem
857 2521 891 2551 in
914 2520 1111 2560 Apocalypsi
1137 2519 1290 2550 dicuntur

320 2564 578 2596 abominationes
602 2564 635 2594 in
655 2574 752 2594 aureo
776 2568 902 2594 cratere
925 2563 1102 2603 propinari,
1125 2562 1165 2593 ad
1178 2572 1290 2594 omnes

321 2609 373 2649 qui
398 2617 438 2638 ex
471 2617 507 2637 eo
531 2606 673 2637 biberint
703 2605 908 2645 decipiendos
937 2609 969 2636 et
993 2615 1120 2636 veneno
1143 2604 1289 2636 inficien-

321 2652 386 2682 dos.
413 2650 499 2681 Istae
524 2654 601 2680 sunt
625 2648 742 2680 diaboli
767 2648 905 2685 fraudes,
929 2647 1044 2688 quibus
1064 2649 1128 2679 iam
1152 2647 1227 2678 inde
1249 2647 1289 2679 ab

1327 300 1415 330 omni
1448 309 1526 329 aevo
1556 299 1719 337 imposuit,
1749 304 1781 330 et
1812 298 1960 330 incautos
1991 297 2127 338 populos
2157 298 2297 338 seduxit,

1327 342 1510 373 admiscens
1540 340 1682 380 aliquam
1710 341 1884 372 veritatem
1915 340 2096 372 mendacio.
2143 341 2191 372 Ac
2221 350 2297 373 sane

1326 391 1480 424 quotquot
1503 382 1702 415 idololatriae
1727 384 1850 424 species
1871 384 1905 414 in
1925 382 2049 414 mundo
2071 382 2296 422 obtinuerunt,

1327 427 1366 458 ab
1391 427 1450 457 hoc
1474 426 1563 456 fonte
1586 435 1734 458 manasse
1764 425 1923 463 videntur,
1955 436 2071 466 nempe
2095 425 2202 457 Deum
2227 426 2299 465 qui-

1327 470 1398 500 dem
1424 468 1593 499 adoratum
1617 468 1725 507 fuisse,
1750 469 1804 500 sed
1829 478 1979 509 provere
2002 468 2093 500 cultu
2117 473 2149 499 et
2172 468 2300 500 sincero

1327 513 1355 543 ei
1380 521 1508 551 semper
1531 510 1652 551 aliquid
1676 511 1855 543 humanum
1880 510 2061 542 admixtum
2080 511 2185 542 fuisse.
2210 510 2300 550 Quin

1329 555 1424 585 etiam
1449 554 1580 584 obsecro
1609 564 1704 593 quam
1737 555 1769 585 in
1799 559 1920 594 papatu
1944 553 2111 594 religionis
2134 554 2300 594 speciosus

1328 604 1375 628 est
1407 596 1503 626 hodie
1533 601 1736 636 praetextus,
1775 607 1893 637 nempe
1925 596 1988 627 Dei
2021 596 2184 633 voluntas,
2219 595 2301 628 fides

1328 639 1497 675 catholica,
1522 645 1655 670 sanctae
1679 640 1794 670 matris
1817 639 1972 671 ecclesiae
1996 644 2028 670 et
2042 639 2140 670 totius
2153 639 2301 671 christia-

1329 682 1448 714 nisimi.
1489 681 1555 713 Sed
1580 681 1727 714 diabolus
1750 682 1808 713 sub
1834 682 1906 713 istis
1931 681 2149 713 velaminibus
2172 692 2240 720 sua,
2263 685 2301 712 ut

1329 726 1432 762 aiunt,
1457 734 1497 755 ne
1518 730 1734 764 cognoscatur
1756 724 1899 756 occultat
1921 734 2053 755 cornua.
2078 723 2300 763 Quamobrem

1329 778 1387 798 nos
1410 767 1570 797 cautiores
1594 777 1663 798 esse
1694 772 1821 807 oportet
1843 778 1884 798 ne
1915 767 2102 798 istiusmodi
2133 766 2302 798 fraudibus

1329 810 1450 840 incauti
1474 809 1682 849 decipiamur.
1729 810 1905 841 Caeterum
1935 810 2018 850 quod
2045 819 2080 840 se
2102 813 2302 841 commotum

1329 863 1348 883 a
1372 862 1430 882 sua
1454 852 1561 892 quiete
1575 851 1708 884 Samuel
1728 859 1893 892 queratur,
1917 864 1958 884 ex
1975 862 2012 884 eo
2024 851 2210 892 colligimus
2222 851 2304 883 fidos

1330 894 1394 925 Dei
1418 905 1528 926 servos
1558 899 1631 934 post
1654 895 1720 926 fata
1751 896 1925 935 quiescere,
1956 900 1988 926 et
2018 895 2051 926 in
2076 894 2146 926 Deo
2177 894 2303 932 laetari,

1330 941 1436 969 certos
1460 937 1498 968 de
1511 937 1604 978 regui
1624 938 1748 968 aeterni
1773 938 1985 978 possessione,
2009 947 2106 978 quam
2131 937 2199 977 ipse
2212 937 2304 968 Deus

1331 985 1379 1012 est
1403 980 1503 1020 ipsius
1525 979 1698 1020 pollicitus.
1736 980 1826 1012 Haec
1850 980 1952 1021 igitur
1973 981 2118 1021 ipsorum
2132 985 2190 1011 est
2213 984 2305 1011 tran-

1331 1023 1475 1063 quillitas
1506 1028 1537 1054 et
1565 1032 1693 1054 summa
1724 1034 1786 1063 pax
1818 1023 1902 1063 quod
1932 1022 2068 1055 decurso
2106 1022 2196 1054 vitae
2227 1032 2305 1054 suae

1331 1065 1447 1103 stadio,
1477 1070 1509 1096 et
1531 1070 1625 1096 extra
1647 1076 1743 1097 omne
1766 1066 1946 1106 periculum
1970 1066 2036 1097 iam
2059 1066 2167 1105 quiete
2190 1065 2306 1096 fruan-

1332 1113 1386 1139 tur
1408 1108 1571 1148 superatis
1601 1107 1753 1140 omnibus
1777 1107 2025 1140 difficultatibus
2048 1108 2167 1149 quibus
2200 1107 2308 1140 adhuc

1332 1151 1448 1182 luctari
1472 1161 1531 1182 nos
1553 1151 1588 1181 in
1613 1150 1664 1182 his
1686 1151 1782 1183 terris
1803 1156 1946 1191 oportet:
1970 1162 2007 1183 ac
2031 1151 2168 1192 proinde
2181 1150 2308 1182 turbari

1331 1195 1477 1234 ipsorum
1513 1193 1653 1234 quietem
1688 1204 1789 1234 quum
1824 1194 1864 1226 ab
1895 1193 2084 1225 hominibus
2117 1198 2306 1225 evocantur.

1332 1236 1473 1267 Interim
1502 1241 1611 1267 tamen
1643 1235 1806 1268 diabolum
1831 1236 1979 1268 videmus
2005 1236 2137 1268 Saulem
2168 1236 2201 1266 in
2226 1235 2308 1268 falsa

1332 1280 1395 1310 ista
1417 1279 1569 1319 opinione
1592 1278 1733 1310 voluisse
1753 1280 1955 1318 confirmare,
1979 1278 2258 1311 coniurationibus
2275 1282 2308 1310 et

1333 1322 1500 1353 veneficiis
1518 1331 1611 1361 posse
1625 1326 1756 1353 sanctos
1777 1322 1954 1362 prophetas
1966 1322 2105 1359 evocari,
2129 1325 2161 1353 et
2180 1321 2307 1352 animas

1334 1375 1416 1405 quae
1439 1365 1471 1395 in
1495 1363 1559 1395 Dei
1582 1368 1659 1395 sunt
1682 1368 1853 1404 potestate.
1885 1364 1952 1396 Nos
1977 1375 2054 1396 vero
2077 1364 2238 1396 diseamus
2261 1363 2308 1396 sic

1334 1407 1512 1438 adhaerere
1533 1406 1663 1438 veritati
1683 1413 1717 1438 ut
1737 1417 1950 1448 quaeeunque
1963 1407 2110 1439 diabolus
2126 1406 2307 1438 admiscue-

1335 1451 1377 1481 rit
1411 1450 1654 1487 abominemur,
1689 1460 1730 1480 ne
1763 1450 1885 1481 incauti
1919 1450 1959 1481 ab
1993 1450 2062 1490 ipso
2095 1449 2307 1490 decipiamur.

1335 1493 1498 1532 Quoniam
1525 1502 1602 1523 vero
1628 1493 1750 1523 infirmi
1780 1496 1857 1524 sunt
1893 1502 2010 1524 sensus
2048 1493 2167 1530 nostri,
2198 1492 2307 1523 Deum

1335 1546 1508 1577 precemur
1520 1539 1556 1566 ut
1569 1545 1627 1566 nos
1651 1534 1826 1576 prudentia
1837 1539 1870 1566 et
1892 1536 2035 1575 puritate
2054 1538 2200 1572 exornet,
2224 1534 2307 1566 eius·
2346 1569 2347 1572 Ἰ

1335 1589 1396 1619 que
1418 1578 1555 1609 verbum
1571 1588 1744 1618 sequamur
1757 1577 1841 1619 quod
1851 1582 1900 1609 est
1918 1578 2024 1609 instar
2037 1577 2153 1609 ardent
2176 1577 2307 1609 issimae

1335 1622 1424 1658 facis,
1456 1631 1553 1661 quam
1585 1621 1612 1651 si
1643 1621 1772 1661 sequuti
1798 1620 1957 1651 fuerimus
1987 1622 2020 1651 in
2043 1620 2189 1652 tenebris
2210 1619 2310 1651 huius

1335 1664 1450 1695 mundi
1480 1664 1641 1695 lucentem
1665 1673 1833 1704 nunquam
1861 1663 2045 1695 aberraturi
2067 1663 2179 1695 simus.
2222 1662 2309 1694 Nam

1336 1707 1398 1738 etsi
1420 1707 1453 1738 in
1473 1706 1586 1737 multis
1605 1707 1815 1747 caecutimus,
1838 1706 2054 1737 nihilominus
2070 1710 2182 1737 tamen
2205 1705 2233 1737 si
2245 1704 2310 1736 Dei

1337 1751 1441 1791 legem
1465 1748 1593 1789 sequuti
1617 1749 1786 1787 fuerimus,
1817 1758 1984 1789 nunquam
2008 1749 2043 1780 in
2073 1748 2158 1780 ullos
2182 1757 2310 1779 errores

1337 1793 1552 1824 deducemur:
1583 1791 1749 1823 sufficiens
1772 1791 1859 1822 enim
1882 1797 1931 1823 est
1954 1791 1995 1822 ad
2019 1791 2106 1823 viam
2129 1791 2163 1822 in
2187 1790 2238 1822 his
2261 1794 2310 1821 te-

1336 1836 1445 1867 nebris
1458 1834 1714 1875 monstrandam,
1737 1834 1838 1866 donec
1855 1834 1894 1865 ad
1915 1834 2117 1875 propositum
2135 1832 2230 1865 nobis
2241 1843 2311 1868 soo-

1337 1889 1413 1919 pum
1434 1878 1687 1918 pervenerimus.
1713 1877 1828 1917 Neque
1841 1877 1927 1908 enim
1948 1877 2071 1908 frustra
2083 1875 2208 1908 Paulus
2220 1875 2314 1908 docet

1338 1922 1424 1953 viam
1456 1931 1526 1952 esse
1554 1920 1589 1951 in
1619 1930 1684 1960 qua
1713 1920 1864 1951 insistere
1895 1919 2059 1958 debemus,
2090 1929 2190 1959 quum
2223 1918 2312 1950 iubet

1339 1975 1396 1995 nos
1417 1964 1450 1994 in
1473 1973 1511 1995 ea
1533 1962 1682 1994 incedere
1710 1967 1743 1994 et
1774 1962 1813 1994 de
1837 1968 1948 1993 nostra
1977 1962 2081 1994 salute
2103 1965 2209 1993 certos
2231 1970 2311 1992 esse.

1425 2006 1526 2037 Porro
1557 2005 1710 2045 deinceps
1735 2004 1814 2037 Saul
1847 2009 1980 2036 excusat
2003 2015 2038 2036 se
2061 2003 2149 2044 apud
2172 2002 2312 2035 Samue-

1339 2049 1402 2080 lem
1427 2049 1498 2080 istis
1522 2048 1644 2080 verbis:
1677 2048 1836 2088 Anyustia
1853 2050 1898 2079 est
1918 2047 1998 2079 mihi
2016 2047 2115 2084 valde,
2138 2055 2212 2077 nam
2233 2045 2312 2077 Phi-

1340 2092 1444 2124 listaei
1466 2091 1576 2123 bellum
1597 2093 1708 2131 yeruut
1729 2093 1834 2122 contra
1857 2100 1913 2128 me,
1945 2090 2034 2122 Deus
2057 2091 2160 2121 autem
2187 2088 2312 2120 recessit

1340 2146 1361 2167 a
1383 2145 1440 2173 me,
1463 2144 1515 2166 ozee
1538 2134 1628 2165 audit
1650 2143 1697 2164 me
1718 2134 1867 2173 amplius,
1891 2133 1956 2164 sive
1975 2142 2034 2172 per
2050 2131 2222 2171 prophetae
2243 2131 2310 2162 sive

1335 2188 1395 2217 per
1423 2177 1555 2215 somnia,
1585 2178 1774 2215 quapropter
1804 2175 1972 2207 inclamavi
2001 2177 2028 2206 te
2048 2176 2082 2205 ut
2103 2174 2212 2205 doceas
2234 2173 2311 2213 quid

1339 2221 1400 2251 sim
1421 2219 1572 2259 facturus.
1593 2219 1633 2249 In
1657 2219 1775 2258 quibus
1788 2217 1897 2250 verbis
1910 2221 2047 2258 apparet
2059 2215 2193 2249 Saulem
2215 2225 2312 2256 quae·

1341 2264 1415 2294 dam
1447 2262 1553 2293 adhuc
1582 2261 1749 2301 religionis
1779 2260 1911 2301 vistigia
1932 2259 2117 2299 retinuisse,
2148 2257 2311 2299 siquidem

1341 2316 1440 2347 quum
1464 2315 1481 2335 a
1505 2304 1691 2345 potentibus
1714 2303 1855 2335 inimicis
1879 2307 2086 2343 urgeretura
2108 2301 2226 2342 quibus
2249 2299 2312 2332 sibi

1341 2348 1513 2384 metuebat,
1538 2347 1577 2377 ad
1602 2346 1709 2377 Deum
1732 2345 1989 2387 confugiendum
2009 2355 2079 2376 esse
2101 2344 2201 2381 novit,
2225 2342 2310 2383 quod

1340 2391 1469 2432 pietatis
1499 2388 1628 2430 aliquod
1659 2390 1789 2429 signum
1819 2392 1877 2419 est.
1923 2387 2058 2419 Saulem
2092 2386 2193 2428 igitur
2222 2385 2312 2418 dicas

1340 2443 1416 2465 vere
1439 2433 1538 2463 fuisse
1561 2432 1651 2473 pium
1675 2430 1832 2472 siquidem
1856 2430 1958 2461 divini
1982 2430 2124 2462 nominis
2149 2428 2312 2460 invocatio

1341 2476 1535 2508 sacrificium
1569 2475 1640 2505 Deo
1673 2479 1722 2505 est
1756 2473 1996 2514 gratissimum,
2037 2470 2312 2513 quemadmodum

1341 2519 1471 2550 Psalmo
1495 2518 1536 2549 50
1558 2518 1648 2548 Deus
1672 2527 1728 2557 per
1751 2515 1944 2556 prophetam
1975 2515 2086 2547 docet:
2112 2515 2235 2546 Invoca
2258 2523 2312 2544 me

1342 2562 1392 2593 die
1416 2560 1618 2592 necessitatis
1641 2565 1673 2590 et
1695 2568 1754 2600 ego
1775 2558 1948 2589 exaudiam
1962 2563 2002 2589 te.
2027 2557 2099 2589 Iam
2117 2557 2218 2598 igitur
2230 2554 2312 2587 Saul

1341 2614 1419 2636 suae
1449 2603 1658 2643 impotentiae
1693 2607 1726 2633 et
1769 2600 2004 2633 imbecillitatis
2034 2600 2114 2632 satis
2151 2598 2310 2636 conscius,

1342 2646 1427 2687 quod
1451 2656 1514 2677 non
1539 2650 1624 2677 esset
1646 2644 1792 2676 hostibus
1814 2643 1994 2675 resistendo
2013 2652 2082 2684 par,
2106 2642 2176 2674 Deo
2196 2639 2312 2673 tribuit

2511 2568 2541 2754 ;‚.;-··l½2.2'7-1
2519 2518 2529 2547 ι-
2516 2471 2526 2474 v

2520 2763 2531 2847 .-⁴0„
