2551 3044
223 187 284 218 129

222 284 419 322 exspectare.
468 279 540 310 Non
572 280 677 319 potuit
709 279 813 319 itaque
838 278 967 311 Samuel
1001 277 1176 310 vocationis

221 334 297 355 suae
317 323 471 354 termines
491 322 663 354 excedere:
683 328 714 353 et
727 321 876 362 deinceps
897 321 1040 352 videmus
1054 320 1175 351 iussum

221 377 342 407 ungere
366 364 525 396 Davidem
550 365 580 395 iu
605 374 829 396 successorem.
875 362 1091 403 Quamobrem
1116 362 1174 392 mi-

221 409 306 439 nime
337 408 528 444 mirandum,
560 407 586 438 si
617 412 712 438 antea
733 406 865 438 Samuel
896 417 929 438 se
959 407 1078 437 iturum
1101 414 1174 436 eum

223 450 322 483 Saule
357 450 498 490 negavit,
534 455 564 480 et
599 461 673 481 mox
705 450 900 481 contrarium
935 448 1019 480 fecit.
1065 447 1175 487 Neque

220 494 306 525 enim
330 503 366 523 eo
390 493 452 523 fine
477 492 606 523 Saulem
630 497 679 524 est
701 493 878 528 comitatus.
903 496 937 522 ut
960 490 1131 521 terminum
1156 499 1174 520 a

220 536 290 567 Deo
313 535 450 575 positum
474 540 660 575 prorogaret
682 540 794 566 contra
806 534 867 566 Dei
892 534 1097 570 voluntatem,
1117 531 1172 563 sed

220 583 255 609 ut
286 584 397 609 contra
430 588 463 608 sc
496 577 529 607 in
565 578 731 617 potestatis
764 582 794 608 et
822 576 1021 617 indignitatis
1055 586 1073 606 a
1101 574 1171 605 Deo

221 621 412 652 constitutae
446 619 641 651 subiectione
674 621 866 656 contineret,
902 619 999 650 donec
1033 618 1071 649 ab
1102 617 1171 657 ipso

219 663 289 694 Deo
313 662 396 693 facta
419 663 552 692 mutatio
576 662 718 703 legitima
741 668 832 694 esset.
868 661 1014 701 Denique
1038 671 1099 691 non
1125 659 1169 690 di—

218 705 303 736 citur
332 705 428 735 etiam
453 704 584 736 Samuel
615 716 679 735 non
707 706 824 736 missus
855 715 872 735 a
903 705 969 735 Deo
998 703 1110 734 saltem
1135 706 1170 733 ut

218 747 257 778 ad
288 747 414 787 aliquod
445 752 570 787 tempus
599 747 731 779 Saulem
765 748 980 779 comitaretur.
1025 745 1170 784 Denique

219 789 309 821 nulla
332 790 547 830 repugnantia
571 800 673 830 neque
697 790 909 821 contrarietas
933 790 964 820 in
991 788 1095 820 verbis
1115 786 1171 819 Sa-

217 832 343 871 muelis,
366 843 464 872 quum
488 843 527 863 ex
551 837 639 872 parte
662 832 789 872 quidem
813 843 845 864 se
870 836 964 872 negat
977 830 1067 862 Sauli
1086 830 1169 861 ferre

218 875 372 906 auxilium
403 885 503 915 posse,
534 874 616 915 quod
646 874 716 906 Deo
745 876 850 906 visum
881 878 963 905 esset
992 873 1098 911 aliter;
1129 883 1168 903 ex

217 918 319 948 altera
353 927 430 948 vero
461 917 552 948 Sauli
585 917 792 957 obtemperat,
826 917 926 954 illum,
957 922 991 948 ut
1024 916 1170 956 petierat,

217 960 397 998 comitatus,
421 959 519 991 donec
532 959 621 990 Deus
640 959 732 990 illum
752 960 844 1000 plane
866 963 1113 996 exauctmasset,
1138 962 1170 989 et

217 1012 429 1034 successorem
454 1002 551 1033 alium
575 1001 783 1042 designasset.
824 1002 911 1033 Dicit
933 1002 1019 1032 euim
1037 1000 1169 1032 Saulem

217 1045 400 1085 alloquens:
423 1044 498 1075 Non
522 1050 664 1076 revertar
687 1050 800 1083 tecum,
824 1045 899 1085 quia
918 1044 1075 1075 Dominus
1098 1053 1168 1084 reg-

217 1098 295 1119 num
319 1093 410 1118 tuum
432 1087 573 1127 proiecit,
592 1091 623 1118 et
643 1087 775 1118 tradidit
795 1088 939 1128 proximo
958 1091 1024 1117 tuo.
1059 1086 1167 1125 Quan-

218 1129 387 1170 doquidem
410 1130 509 1170 igitur
528 1130 605 1160 haec
625 1130 805 1171 iunguntur
824 1130 930 1169 simul,
954 1130 1058 1161 Deum
1078 1139 1168 1169 opor-

217 1173 279 1204 tuit
297 1172 395 1203 alium
415 1172 550 1212 aliquem
564 1183 780 1204 successorem
800 1173 975 1213 designare,
997 1175 1168 1211 antequam

217 1214 308 1246 Sauli
342 1215 550 1255 praefinitum
585 1219 711 1255 tempus
744 1215 931 1247 elaberetur.
986 1215 1073 1255 Ergo
1106 1214 1168 1245 Dei

215 1257 343 1298 quidem
376 1261 532 1297 respectu,
566 1257 621 1288 sed
656 1268 719 1288 non
753 1258 929 1298 hominum,
963 1261 1031 1288 erat
1060 1256 1168 1288 Saulis

215 1310 351 1341 regnum
392 1300 575 1340 proiectum.
633 1300 715 1331 Nam
757 1306 916 1340 quatenus
950 1299 1080 1332 Samuel
1120 1304 1168 1330 est

215 1342 380 1383 propheta,
412 1342 475 1373 Dei
498 1342 624 1382 quidem
649 1344 784 1375 nuncius
808 1348 855 1374 est
878 1342 918 1374 ad
941 1347 1090 1374 eventum
1114 1342 1166 1373 de·

215 1385 419 1417 clarandum:
452 1385 506 1416 sed
530 1385 658 1416 interim
683 1385 791 1426 populi
814 1386 991 1416 membrum
1015 1395 1083 1416 esse
1105 1395 1167 1416 non

216 1427 342 1459 desinit.
397 1427 445 1459 Ac
479 1427 612 1467 proinde
646 1428 714 1468 regi
748 1428 858 1460 subiici
893 1428 983 1459 illum
1017 1428 1165 1468 oportuit,

216 1470 315 1502 donec
339 1470 430 1502 Deus
453 1470 521 1510 ipse
544 1471 757 1502 mutationem
788 1471 956 1509 attulisset,
989 1475 1020 1502 et
1043 1481 1076 1501 re
1099 1471 1166 1510 ipsa

215 1523 308 1544 suum
344 1512 505 1544 decretum
538 1513 746 1553 implevisset.
802 1514 925 1545 Verum
961 1512 1100 1544 nondum
1135 1513 1166 1544 id

215 1555 365 1587 effectum
400 1560 486 1596 erat,
520 1566 622 1596 neque
656 1557 741 1587 enim
776 1555 879 1587 adhuc
913 1560 1030 1587 unctus
1063 1556 1167 1587 fuerat

215 1597 333 1629 David.
378 1598 420 1629 Et
450 1598 523 1629 licet
553 1603 668 1630 unctus
698 1599 819 1637 fuisset,
850 1598 992 1629 nondum
1021 1599 1054 1629 in
1078 1598 1167 1639 regni

215 1640 450 1681 possessionem
473 1641 588 1672 missus
611 1645 689 1680 erat,
713 1641 797 1681 quod
821 1641 946 1672 nonnisi
966 1641 1077 1671 multis
1096 1646 1167 1681 post

215 1683 317 1719 annis⁷
341 1688 375 1714 ut
398 1683 548 1724 deinceps
571 1683 758 1722 videbimus,
781 1684 900 1715 factum
924 1688 989 1714 est:
1012 1683 1168 1724 siquidem

214 1736 287 1757 cum
323 1726 421 1757 tantis
454 1726 696 1758 difficultatibus
730 1731 760 1757 et
800 1726 1026 1758 afflictionibus
1060 1726 1167 1757 David

215 1768 363 1806 luctatus,
394 1773 429 1800 ut
456 1769 550 1809 longe
582 1769 694 1800 melior
725 1776 757 1800 et
780 1770 916 1809 optatior
939 1769 1007 1800 eius
1029 1768 1167 1800 conditio

214 1811 325 1842 futura
357 1810 529 1849 videretur,
560 1811 732 1852 opilionem
759 1822 827 1843 esse
852 1812 883 1842 in
908 1811 1000 1842 domo
1022 1816 1165 1852 paterna,

215 1864 310 1894 quam
334 1854 444 1895 magni
467 1854 576 1895 populi
600 1865 720 1895 regem,
743 1860 773 1886 et
798 1854 1016 1885 indesinenter
1035 1860 1080 1885 tot
1099 1859 1166 1885 tan-

214 1897 319 1937 tisque
343 1897 577 1928 calamitatibus
597 1898 714 1937 urgeri.
748 1897 894 1936 Denique
917 1896 1063 1928 videmus
1086 1897 1167 1928 nihil

214 1939 388 1971 absurdum
413 1950 481 1971 esse
503 1940 538 1970 in
561 1951 597 1971 eo
621 1940 704 1979 quod
718 1939 849 1971 Samuel
873 1943 969 1979 negat
990 1950 1024 1971 se
1046 1940 1165 1971 iturum

214 1992 288 2014 cum
309 1981 415 2021 Saule,
438 1987 596 2023 quatenus
620 1983 772 2013 nimirum
795 1992 813 2013 a
832 1982 901 2013 Deo
924 1982 1077 2013 reiectum
1099 1983 1167 2023 ipse

212 2025 309 2056 etiam
339 2024 501 2066 relinquit,
533 2030 564 2056 et
592 2024 631 2056 ab
661 2036 696 2056 eo
727 2025 877 2056 divertit:
908 2029 940 2056 et
962 2030 1068 2056 tamen
1093 2036 1164 2056 eum

211 2068 382 2099 comitatus
405 2072 462 2105 est,
487 2067 571 2108 quod
594 2078 664 2099 eam
684 2067 791 2098 deberi
812 2067 914 2099 adhuc
932 2067 1001 2108 regi
1019 2067 1165 2099 obedien-

211 2111 291 2141 tiam
313 2111 447 2149 noverit,
477 2110 576 2141 donec
606 2110 737 2141 definito
761 2120 778 2140 a
801 2109 870 2140 Deo
895 2114 1036 2151 tempore
1058 2110 1164 2142 David

212 2153 246 2183 in
269 2153 337 2184 eius
359 2153 463 2184 locum
487 2152 680 2185 succederet.

298 2195 451 2235 Sequitur
474 2195 622 2236 deinceps
647 2195 799 2227 Samuele
822 2205 975 2226 converso
997 2199 1032 2227 ut
1055 2195 1164 2234 abiret,

212 2243 244 2268 et
267 2236 364 2269 Saule
395 2238 655 2278 apprehendente
686 2248 775 2269 oram
806 2237 894 2277 pallii
923 2238 1000 2276 eius,
1029 2238 1068 2269 ad
1092 2249 1164 2270 eum

212 2280 425 2317 retinendum,
456 2281 587 2312 scissam
615 2280 723 2312 fuisse.
769 2280 852 2311 Tum
883 2291 957 2311 vero
980 2280 1164 2312 Samuelem

213 2323 241 2353 ei
272 2322 333 2354 Dei
369 2322 532 2354 decretum
567 2323 704 2363 amplius
738 2322 924 2359 declarasse.
959 2323 1009 2354 his
1043 2324 1165 2355 verbis:

214 2364 312 2396 Scidit
334 2364 489 2396 Dominus
510 2375 636 2406 reynum
659 2365 760 2397 Israel
781 2376 801 2396 a
823 2368 849 2396 te
871 2365 965 2402 hodie,
989 2368 1014 2397 et
1035 2367 1165 2398 tradidit

212 2407 290 2439 illud
305 2408 449 2447 proximo
469 2410 529 2439 tuo.
572 2408 641 2439 Etsi
665 2418 741 2439 vero
773 2407 903 2439 Saulem
926 2409 1098 2440 verisimile
1117 2414 1166 2440 est

212 2461 331 2491 magno
354 2450 489 2490 quodam
512 2450 627 2482 affectu
652 2450 788 2481 voluisse
811 2451 948 2482 retinere
967 2452 1163 2492 prophetam,

212 2504 275 2524 non
307 2498 414 2524 tamen
444 2497 567 2524 tantam
597 2493 664 2524 vim
688 2493 727 2524 ab
749 2493 803 2524 illo
825 2493 942 2525 factam
965 2495 1165 2534 vestimento,

214 2541 249 2567 ut
279 2535 357 2567 illud
389 2535 557 2567 scinderet.
604 2535 668 2567 Sed
694 2535 762 2567 Deo
792 2536 837 2567 ita
860 2536 997 2568 faciente
1020 2537 1162 2578 contigit,

213 2582 250 2611 ut
272 2589 308 2609 eo
331 2578 423 2619 signo
446 2577 578 2609 Domini
601 2578 763 2610 decretum
786 2578 865 2610 illud
891 2579 928 2611 de
956 2589 1018 2620 quo
1040 2580 1164 2621 egimus

212 2622 458 2654 confirmaretur
488 2625 657 2661 ratumque
685 2620 863 2660 haberetur,
897 2626 928 2653 et
957 2622 1035 2654 Saul
1066 2623 1162 2655 vehe-

317 2671 424 2698 Calvini
437 2678 526 2705 opera.
551 2672 612 2700 Vol.
624 2671 721 2702 XXX,

892 185 938 216 1N
961 184 986 216 I.
1010 184 1097 216 LIB.
1121 183 1320 217 SAMUEL.
1343 184 1439 216 CAP.
1464 184 1538 216 XV.

1201 284 1203 294 '
1228 278 1368 309 mentius
1396 278 1584 310 afficeretur.

2122 189 2182 220 130

1630 279 1712 310 Nam
1741 280 1814 312 lieet
1844 279 2037 319 admonitus,
2071 286 2181 313 tamen

1227 319 1332 351 adhuc
1355 320 1474 360 effugia
1497 322 1677 359 quaerebat,
1710 322 1881 363 Deumque
1911 331 2076 363 peceatum
2099 324 2181 356 illud

1200 370 1201 377 ¹
1226 362 1380 393 oblivioni
1405 362 1553 393 daturum
1579 364 1723 396 rebatur:
1749 375 1851 405 neque
1874 367 1959 396 enim
1985 377 2059 398 vero
2082 377 2182 399 sensu

1226 405 1348 444 peceati
1371 405 1421 435 sui
1445 404 1548 437 adhuc
1571 412 1640 438 erat
1664 407 1803 438 affectus.
1851 408 1943 447 Quod
1965 409 2048 440 enim
2070 419 2181 449 pecca-

1226 453 1293 477 tum
1317 447 1498 479 dissimulat
1522 448 1648 489 signum
1673 456 1751 490 erat,
1776 450 1879 490 ipsum
1901 451 2042 482 nondum
2068 463 2180 484 veram

1225 490 1455 529 poenitentiam
1486 502 1524 521 ex
1555 502 1651 524 sensu
1682 492 1765 523 illius
1795 493 1912 524 habere
1935 505 2030 533 quam
2054 501 2177 534 oporte-

1225 532 1286 562 bat.
1329 533 1440 572 Itaque
1464 532 1530 563 sive
1554 534 1638 565 hunc
1663 536 1813 566 nuncium
1839 541 1871 566 ut
1895 536 2086 576 generalem,
2111 538 2178 570 sive

1223 579 1257 604 ut
1281 575 1506 614 particularem
1537 577 1816 608 comminationem
1841 578 1918 610 Saul
1949 579 2178 619 interpretatus

1222 617 1279 654 sit,
1304 622 1411 648 tamen
1435 617 1620 650 existimare
1644 619 1777 650 debebat
1800 631 1864 652 non
1888 621 2000 653 inanes
2019 632 2086 653 esse
2105 633 2177 663 pro-

1222 659 1337 699 phetae
1366 660 1636 692 comminationes.
1689 662 1846 702 Exempla
1880 673 1956 694 sane
1990 665 2108 704 passim
2143 666 2177 696 in

1222 702 1321 734 saeris
1355 708 1536 734 occurrunt.
1581 704 1663 735 Nam
1694 705 1751 735 etsi
1783 711 1965 745 peccatores
1988 706 2027 737 ad
2051 712 2177 748 tempus

1222 744 1326 785 aliquo
1358 750 1558 785 peccatorum
1588 757 1684 778 sensu
1718 754 1969 787 commoventur,
1997 760 2095 789 quum
2126 751 2174 781 ni-

1221 787 1339 818 mirum
1358 787 1419 818 Dei
1443 788 1576 819 verbum
1601 789 1741 829 ipsorum
1763 801 1855 822 aures
1876 797 2035 831 personat,
2059 797 2090 824 et
2108 793 2176 825 eius

1221 830 1351 861 nomine
1385 831 1650 863 comminationes
1682 838 1912 873 proponuntur,
1947 839 1978 865 et
2008 839 2175 874 peccatum

1221 876 1299 903 tunc
1321 873 1531 904 confitentur:
1562 878 1668 905 tamen
1694 875 1760 907 Deo
1783 886 1901 915 poenas
1925 876 2103 917 differente,
2134 877 2173 909 ad

1220 914 1347 955 aliquod
1382 920 1515 955 tempus,
1545 917 1652 947 statim
1682 918 1769 949 obliti
1798 919 2078 951 comminationum
2109 920 2172 952 Dei

1221 963 1340 989 metum
1366 968 1493 989 omnem
1518 959 1678 995 abiiciunt,
1702 966 1732 991 et
1755 971 1787 992 se
1811 961 1940 1001 impune
1963 961 2084 994 laturos
2102 973 2174 1003 pec-

1222 1005 1293 1031 cata
1316 1000 1375 1031 sibi
1399 1000 1602 1041 pollicentur.
1647 1002 1697 1033 En
1722 1008 1756 1033 ut
1780 1003 1847 1034 Deo
1873 1009 2000 1035 tantum
2019 1005 2123 1037 minas
2144 1010 2175 1037 et

1222 1043 1318 1074 verba
1336 1043 1518 1081 adhibente,
1537 1043 1681 1075 homines
1700 1045 1852 1085 praebent
1871 1056 1964 1078 aures
1983 1046 2173 1088 hebetiores,

1220 1085 1317 1116 immo
1341 1086 1583 1125 obsurdescunt,
1607 1092 1638 1118 et
1661 1098 1738 1127 quae
1757 1094 1928 1120 monentur
1946 1099 2009 1120 non
2029 1089 2174 1121 audiunt.

1220 1128 1330 1167 Quare
1364 1128 1497 1159 Saulem
1531 1130 1671 1169 oportuit
1704 1130 1808 1171 aliquo
1842 1136 1975 1162 externo
2013 1132 2103 1172 signo
2144 1138 2175 1164 et

1220 1171 1402 1202 testimonio
1426 1172 1494 1202 fieri
1518 1173 1683 1203 certiorem
1707 1173 1745 1203 de
1767 1173 1806 1205 iis
1824 1184 1905 1213 quae
1923 1174 1986 1205 iam
2006 1174 2173 1206 audiverat

1220 1224 1261 1245 ex
1283 1213 1444 1245 Samuele.
1488 1213 1603 1254 Itaque
1627 1225 1722 1255 quum
1746 1226 1800 1246 ora
1823 1216 1911 1256 pallii
1935 1217 2033 1248 scissa
2056 1222 2112 1256 est,
2143 1224 2174 1250 et

1220 1257 1376 1297 propheta
1400 1257 1528 1297 signum
1552 1256 1630 1289 illud
1655 1268 1722 1288 esse
1745 1258 1824 1289 dixit
1843 1259 1958 1290 scissae
1977 1259 2065 1290 illius
2083 1265 2172 1291 auto-

1220 1300 1324 1330 ritatis
1348 1300 1453 1340 regiae
1477 1310 1572 1339 quam
1595 1311 1612 1331 a
1636 1300 1775 1332 Domino
1797 1308 1972 1341 acceperat,
1999 1307 2105 1333 ratum
2128 1303 2174 1334 ita

1220 1342 1341 1373 factum
1365 1346 1412 1373 est
1425 1341 1486 1373 Dei
1506 1342 1676 1379 decretum,
1700 1344 1790 1374 cuius
1809 1344 1967 1384 interpres
1985 1349 2017 1375 et
2036 1345 2173 1378 nuncius

1221 1384 1353 1416 Samuel
1377 1385 1496 1416 fuerat:
1520 1389 1551 1416 et
1575 1386 1641 1425 ipse
1661 1385 1740 1416 Saul
1764 1386 1984 1418 vehementius
2006 1388 2172 1427 perculsus

1220 1432 1251 1458 et
1274 1428 1416 1464 affectus,
1448 1433 1482 1458 ut
1514 1438 1545 1458 se
1569 1427 1607 1458 ad
1632 1428 1692 1458 Dei
1715 1429 1995 1460 comminationem
2019 1430 2172 1462 attentius

1220 1470 1464 1510 expendendam
1488 1469 1687 1511 disponeret:
1711 1471 1769 1501 etsi
1793 1477 1962 1511 propterea
1982 1482 2046 1503 non
2065 1477 2113 1504 est
2133 1473 2171 1504 ad

1220 1513 1383 1544 meliorem
1415 1517 1556 1543 mentem
1588 1524 1743 1544 reversus.
1796 1513 1956 1554 Deinceps
1986 1515 2072 1545 enim
2103 1515 2172 1546 eius

1220 1555 1462 1587 obdurationem
1486 1560 1517 1586 et
1529 1566 1674 1586 murmur
1693 1555 1844 1587 adversus
1857 1556 1972 1595 Deum,
1993 1561 2025 1588 et
2043 1557 2173 1589 tandem

1221 1598 1475 1638 desperationem
1499 1597 1687 1629 videbimus.
1732 1598 1951 1630 Nihilominus
1978 1604 2085 1631 tamen
2108 1600 2171 1631 Dei

1219 1641 1317 1672 verbo
1339 1652 1397 1672 sua
1420 1651 1546 1681 semper
1568 1645 1691 1672 constat
1714 1641 1876 1679 autoritas,
1900 1641 1959 1672 etsi
1979 1643 2120 1682 reprobis
2140 1646 2172 1674 et

1219 1683 1395 1715 incredulis
1418 1684 1497 1715 nibil
1519 1684 1579 1715 nisi
1598 1683 1892 1715 condemnationem
1913 1684 2025 1716 adfert.
2061 1684 2171 1724 Quare

1218 1726 1293 1758 licet
1316 1725 1395 1758 Saul
1418 1726 1585 1757 induratus
1608 1726 1659 1764 sit,
1682 1726 1784 1757 factus
1807 1730 1914 1757 tamen
1936 1731 1983 1758 est
2000 1727 2170 1759 inexcusa-

1218 1769 1300 1807 bilis,
1330 1769 1454 1809 Deique
1482 1769 1579 1800 verbo
1611 1768 1689 1799 nihil
1720 1768 1895 1800 detractum
1925 1775 1982 1801 est.
2028 1770 2078 1800 Ex
2109 1781 2170 1810 quo

1219 1816 1360 1852 apparet,
1384 1812 1445 1842 Dei
1471 1812 1602 1843 verbum
1626 1821 1788 1850 nunquam
1812 1811 1971 1843 inutiliter
1994 1812 2026 1842 in
2050 1817 2168 1844 terram

1218 1855 1345 1886 cadere:
1375 1854 1430 1886 sed
1461 1864 1550 1885 suam
1581 1854 1627 1885 illi
1658 1864 1782 1893 semper
1813 1854 1876 1884 vim
1905 1859 1936 1884 et
1964 1855 2170 1887 autoritatem

1218 1903 1336 1928 sartam
1362 1902 1478 1928 tectam
1508 1907 1587 1936 esse,
1614 1897 1683 1928 sive
1711 1896 1790 1927 illud
1818 1896 1964 1928 homines
1987 1896 2168 1935 admittant,

1218 1941 1287 1971 sive
1310 1940 1530 1971 contradicant
1554 1944 1584 1970 et
1615 1939 1818 1970 reluctentur.
1862 1938 2011 1979 Denique
2037 1944 2169 1971 externo

1218 1984 1280 2014 isto
1314 1983 1406 2023 signo
1430 1983 1516 2014 Deus
1541 1981 1673 2014 Saulem
1704 1981 1815 2013 docere
1844 1981 1954 2019 voluit,
1984 1986 2070 2013 ratas
2101 1993 2170 2014 esse

1217 2025 1393 2066 prophetae
1407 2024 1565 2057 Samuelis
1578 2024 1836 2056 comminationes
1849 2023 1887 2054 de
1900 2025 2171 2063 exauctoratione,

1218 2079 1296 2108 quas
1326 2073 1433 2099 tamen
1458 2067 1537 2099 Saul
1571 2067 1660 2098 velut
1694 2077 1769 2097 aure
1802 2066 1963 2097 hebetiore
1995 2073 2168 2107 acceperat.

1217 2113 1324 2151 Atque
1355 2110 1406 2142 hic
1436 2110 1496 2141 fuit
1526 2110 1689 2150 signorum
1720 2110 1832 2149 quovis
1861 2109 1986 2140 saeculo
2013 2120 2100 2148 usus,
2134 2115 2171 2141 ut

1217 2154 1371 2184 nimirum
1402 2163 1500 2193 quum
1532 2153 1734 2183 autoritatem
1769 2159 1797 2181 et
1828 2151 1983 2191 dignitate
2014 2152 2169 2192 pollentes

1217 2196 1364 2227 homines
1395 2196 1433 2227 ad
1458 2195 1519 2226 Dei
1549 2195 1682 2226 verbum
1713 2198 1744 2225 et
1767 2194 1870 2225 minas
1894 2194 2167 2233 obsurdescerent,

1217 2239 1279 2270 alia
1302 2238 1436 2279 quadam
1462 2238 1584 2269 ratione
1603 2237 1799 2274 docerentur,
1820 2243 1850 2266 et
1862 2237 1961 2277 signis
1979 2237 2169 2276 quibusdam

1216 2282 1295 2322 ipsis
1318 2291 1427 2313 eorum
1451 2281 1550 2312 oculis
1578 2284 1831 2320 proponerentur
1855 2284 1885 2309 et
1916 2279 2048 2311 auribus
2072 2280 2168 2311 subii-

1217 2330 1376 2363 cerentur,
1400 2333 1478 2364 quae
1500 2327 1572 2354 ante
1598 2322 1815 2362 neglexerant.

1302 2366 1395 2406 Quod
1420 2376 1494 2397 vero
1523 2365 1671 2396 instituta
1694 2364 1777 2394 inter
1801 2363 1929 2395 Saulem
1954 2369 1985 2394 et
2008 2364 2168 2396 Davidem

1216 2410 1453 2449 comparatione
1485 2407 1561 2439 Saul
1585 2406 1834 2439 condemnatur:
1865 2407 1907 2437 ita
1938 2406 2089 2438 docemur
2119 2408 2165 2447 ip—

1215 2463 1287 2484 sum
1312 2452 1432 2483 nullam
1456 2449 1647 2489 obloquendi
1669 2449 1738 2479 Deo
1767 2459 1894 2480 causam
1918 2448 2051 2480 habere:
2081 2449 2165 2490 quod

1214 2497 1315 2526 iustas
1339 2494 1428 2524 illum
1454 2492 1606 2533 puniendi
1629 2501 1740 2522 causas
1763 2491 1852 2522 Deus
1875 2491 2007 2523 habeat:
2039 2498 2069 2523 et
2101 2503 2166 2523 non

1215 2538 1313 2578 possit
1337 2538 1403 2576 ipse
1426 2535 1585 2574 conqueri,
1617 2544 1679 2564 non
1709 2544 1777 2565 esse
1800 2534 1898 2565 alium
1922 2535 1974 2574 qui
1999 2534 2039 2565 sit
2062 2534 2168 2575 digni-

1213 2585 1279 2612 tate
1302 2580 1362 2620 ipsi
1385 2576 1621 2619 praeferendus,
1645 2576 1733 2616 quasi
1756 2576 1912 2617 dignitate
1930 2587 2040 2608 omnes
2063 2577 2166 2608 antei-

1213 2627 1270 2655 ret.
1316 2620 1447 2654 Samuel
1477 2620 1563 2651 enim
1593 2618 1730 2651 ostendit
1754 2620 1860 2651 Deum
1883 2619 2032 2651 facillime
2051 2619 2168 2651 inven-

1947 2670 1963 2695 9
