<?xml version="1.0" encoding="UTF-8"?>
<!DOCTYPE html PUBLIC "-//W3C//DTD XHTML 1.0 Transitional//EN"
    "http://www.w3.org/TR/xhtml1/DTD/xhtml1-transitional.dtd">
<html xmlns="http://www.w3.org/1999/xhtml" xml:lang="en" lang="en">
 <head>
  <title>
</title>
<meta http-equiv="Content-Type" content="text/html;charset=utf-8" />
  <meta name='ocr-system' content='tesseract 3.04.00' />
  <meta name='ocr-capabilities' content='ocr_page ocr_carea ocr_par ocr_line ocrx_word'/>
</head>
<body>
  <div class='ocr_page' id='page_1' title='image "./ioanniscalviniop30calv_0360.png"; bbox 0 0 2551 3044; ppageno 0'>
   <div class='ocr_carea' id='block_1_1' title="bbox 314 209 1460 250">
    <p class='ocr_par' dir='ltr' id='par_1_1' title="bbox 314 209 1460 250">
     <span class='ocr_line' id='line_1_1' title="bbox 314 209 1460 250; baseline -0.009 0"><span class='ocrx_word' id='word_1_1' title='bbox 314 219 378 250; x_wconf 72' lang='lat'>699</span> <span class='ocrx_word' id='word_1_2' title='bbox 1145 210 1348 242; x_wconf 70' lang='lat' dir='ltr'><strong>HOMILIA</strong></span> <span class='ocrx_word' id='word_1_3' title='bbox 1372 209 1460 240; x_wconf 69' lang='lat' dir='ltr'>CIV.</span> 
     </span>
    </p>
   </div>
   <div class='ocr_carea' id='block_1_2' title="bbox 315 298 2318 346">
    <p class='ocr_par' dir='ltr' id='par_1_2' title="bbox 315 298 2318 346">
     <span class='ocr_line' id='line_1_2' title="bbox 315 298 2318 346; baseline -0.006 -3"><span class='ocrx_word' id='word_1_4' title='bbox 315 313 455 346; x_wconf 87' lang='lat' dir='ltr'>hostium</span> <span class='ocrx_word' id='word_1_5' title='bbox 469 309 603 341; x_wconf 87' lang='lat' dir='ltr'>consilia</span> <span class='ocrx_word' id='word_1_6' title='bbox 621 309 777 345; x_wconf 68' lang='lat' dir='ltr'>frangere,</span> <span class='ocrx_word' id='word_1_7' title='bbox 802 306 853 336; x_wconf 89' lang='lat' dir='ltr'>vel</span> <span class='ocrx_word' id='word_1_8' title='bbox 877 306 974 336; x_wconf 87' lang='lat' dir='ltr'>etiam</span> <span class='ocrx_word' id='word_1_9' title='bbox 995 311 1135 334; x_wconf 87' lang='lat' dir='ltr'>nieutem</span> <span class='ocrx_word' id='word_1_10' title='bbox 1161 304 1285 344; x_wconf 85' lang='lat' dir='ltr'>eripere</span> <span class='ocrx_word' id='word_1_11' title='bbox 1309 311 1311 328; x_wconf 79' lang='grc' dir='ltr'>Ι</span> <span class='ocrx_word' id='word_1_12' title='bbox 1338 304 1386 334; x_wconf 78' lang='lat' dir='ltr'>vel</span> <span class='ocrx_word' id='word_1_13' title='bbox 1412 302 1459 333; x_wconf 85' lang='lat' dir='ltr'>illi</span> <span class='ocrx_word' id='word_1_14' title='bbox 1483 306 1656 339; x_wconf 79' lang='lat' dir='ltr'>struentes,</span> <span class='ocrx_word' id='word_1_15' title='bbox 1688 307 1722 331; x_wconf 88' lang='lat' dir='ltr'>ut</span> <span class='ocrx_word' id='word_1_16' title='bbox 1753 311 1785 330; x_wconf 92' lang='lat' dir='ltr'>in</span> <span class='ocrx_word' id='word_1_17' title='bbox 1815 300 2011 330; x_wconf 79' lang='lat' dir='ltr'>miserorum.</span> <span class='ocrx_word' id='word_1_18' title='bbox 2038 298 2119 329; x_wconf 86' lang='lat' dir='ltr'>bona</span> <span class='ocrx_word' id='word_1_19' title='bbox 2148 299 2318 331; x_wconf 60' lang='lat' dir='ltr'>involent„</span> 
     </span>
    </p>
   </div>
   <div class='ocr_carea' id='block_1_3' title="bbox 318 346 1284 439">
    <p class='ocr_par' dir='ltr' id='par_1_3' title="bbox 318 346 1284 439">
     <span class='ocr_line' id='line_1_3' title="bbox 318 346 1283 395; baseline -0.009 -9"><span class='ocrx_word' id='word_1_20' title='bbox 318 366 351 389; x_wconf 87' lang='lat' dir='ltr'>ut</span> <span class='ocrx_word' id='word_1_21' title='bbox 377 356 503 395; x_wconf 83' lang='lat' dir='ltr'>ipsimet</span> <span class='ocrx_word' id='word_1_22' title='bbox 524 352 644 383; x_wconf 84' lang='lat' dir='ltr'>incauti</span> <span class='ocrx_word' id='word_1_23' title='bbox 660 346 763 380; x_wconf 74' lang='lat' dir='ltr'>media</span> <span class='ocrx_word' id='word_1_24' title='bbox 780 349 868 379; x_wconf 88' lang='lat' dir='ltr'>nobis</span> <span class='ocrx_word' id='word_1_25' title='bbox 884 348 1091 388; x_wconf 77' lang='lat' dir='ltr'>suppeditent</span> <span class='ocrx_word' id='word_1_26' title='bbox 1111 346 1283 378; x_wconf 81' lang='lat' dir='ltr'>adversum</span> 
     </span>
     <span class='ocr_line' id='line_1_4' title="bbox 318 389 1284 439; baseline -0.007 -12"><span class='ocrx_word' id='word_1_27' title='bbox 318 402 402 439; x_wconf 73' lang='lat' dir='ltr'>ipsos</span> <span class='ocrx_word' id='word_1_28' title='bbox 427 396 525 430; x_wconf 88' lang='lat' dir='ltr'>utilia,</span> <span class='ocrx_word' id='word_1_29' title='bbox 550 402 582 425; x_wconf 87' lang='lat' dir='ltr'>et</span> <span class='ocrx_word' id='word_1_30' title='bbox 606 401 734 424; x_wconf 81' lang='lat' dir='ltr'>nostrae</span> <span class='ocrx_word' id='word_1_31' title='bbox 754 391 849 422; x_wconf 90' lang='lat' dir='ltr'>saluti</span> <span class='ocrx_word' id='word_1_32' title='bbox 873 391 1108 422; x_wconf 80' lang='lat' dir='ltr'>eonveiiieuiia.</span> <span class='ocrx_word' id='word_1_33' title='bbox 1141 389 1284 428; x_wconf 86' lang='lat' dir='ltr'>Quamo-</span> 
     </span>
    </p>
   </div>
   <div class='ocr_carea' id='block_1_4' title="bbox 319 433 1311 473">
    <p class='ocr_par' dir='ltr' id='par_1_4' title="bbox 319 433 1311 473">
     <span class='ocr_line' id='line_1_5' title="bbox 319 433 1311 473; baseline -0.012 0"><span class='ocrx_word' id='word_1_34' title='bbox 319 443 407 473; x_wconf 75' lang='lat' dir='ltr'>brem</span> <span class='ocrx_word' id='word_1_35' title='bbox 432 440 463 470; x_wconf 91' lang='lat' dir='ltr'>iii</span> <span class='ocrx_word' id='word_1_36' title='bbox 488 437 637 468; x_wconf 89' lang='lat' dir='ltr'>omnibus</span> <span class='ocrx_word' id='word_1_37' title='bbox 661 434 904 466; x_wconf 73' lang='lat' dir='ltr'>difficultatibus</span> <span class='ocrx_word' id='word_1_38' title='bbox 927 433 966 464; x_wconf 86' lang='lat' dir='ltr'>ad</span> <span class='ocrx_word' id='word_1_39' title='bbox 988 433 1094 463; x_wconf 85' lang='lat' dir='ltr'>Deum</span> <span class='ocrx_word' id='word_1_40' title='bbox 1120 433 1284 472; x_wconf 81' lang='lat' dir='ltr'>confugia·</span> <span class='ocrx_word' id='word_1_41' title='bbox 1310 444 1311 454; x_wconf 67' lang='lat' dir='ltr'>i</span> 
     </span>
    </p>
   </div>
   <div class='ocr_carea' id='block_1_5' title="bbox 318 476 1311 1032">
    <p class='ocr_par' dir='ltr' id='par_1_5' title="bbox 318 476 1311 1032">
     <span class='ocr_line' id='line_1_6' title="bbox 318 476 1285 520; baseline -0.01 -5"><span class='ocrx_word' id='word_1_42' title='bbox 318 495 400 520; x_wconf 80' lang='lat' dir='ltr'>mus,</span> <span class='ocrx_word' id='word_1_43' title='bbox 431 489 461 512; x_wconf 88' lang='lat' dir='ltr'>et</span> <span class='ocrx_word' id='word_1_44' title='bbox 494 482 532 511; x_wconf 87' lang='lat' dir='ltr'>ab</span> <span class='ocrx_word' id='word_1_45' title='bbox 555 481 623 520; x_wconf 89' lang='lat' dir='ltr'>ipso</span> <span class='ocrx_word' id='word_1_46' title='bbox 647 477 802 518; x_wconf 85' lang='lat' dir='ltr'>qiiidquid</span> <span class='ocrx_word' id='word_1_47' title='bbox 831 477 893 507; x_wconf 87' lang='lat' dir='ltr'>erit</span> <span class='ocrx_word' id='word_1_48' title='bbox 917 476 1133 507; x_wconf 83' lang='lat' dir='ltr'>necessarium</span> <span class='ocrx_word' id='word_1_49' title='bbox 1157 484 1285 515; x_wconf 79' lang='lat' dir='ltr'>exspec-</span> 
     </span>
     <span class='ocr_line' id='line_1_7' title="bbox 319 517 1285 563; baseline -0.01 -6"><span class='ocrx_word' id='word_1_50' title='bbox 319 535 439 558; x_wconf 83' lang='lat' dir='ltr'>temus:</span> <span class='ocrx_word' id='word_1_51' title='bbox 465 534 558 563; x_wconf 80' lang='lat' dir='ltr'>quem</span> <span class='ocrx_word' id='word_1_52' title='bbox 578 529 703 553; x_wconf 77' lang='lat' dir='ltr'>eertum</span> <span class='ocrx_word' id='word_1_53' title='bbox 728 529 785 556; x_wconf 70' lang='lat' dir='ltr'>cst,</span> <span class='ocrx_word' id='word_1_54' title='bbox 806 527 1029 559; x_wconf 73' lang='lat' dir='ltr'><strong>praeterquam</strong></span> <span class='ocrx_word' id='word_1_55' title='bbox 1054 517 1138 557; x_wconf 84' lang='lat' dir='ltr'>quod</span> <span class='ocrx_word' id='word_1_56' title='bbox 1161 519 1285 557; x_wconf 82' lang='lat' dir='ltr'>quoties</span> 
     </span>
     <span class='ocr_line' id='line_1_8' title="bbox 318 560 1284 609; baseline -0.01 -9"><span class='ocrx_word' id='word_1_57' title='bbox 318 570 379 609; x_wconf 87' lang='lat' dir='ltr'>ipsi</span> <span class='ocrx_word' id='word_1_58' title='bbox 412 566 566 607; x_wconf 82' lang='lat' dir='ltr'>placuerit</span> <span class='ocrx_word' id='word_1_59' title='bbox 597 566 666 595; x_wconf 86' lang='lat' dir='ltr'>siue</span> <span class='ocrx_word' id='word_1_60' title='bbox 696 564 763 594; x_wconf 89' lang='lat' dir='ltr'>ullo</span> <span class='ocrx_word' id='word_1_61' title='bbox 794 573 902 594; x_wconf 88' lang='lat' dir='ltr'>reruin</span> <span class='ocrx_word' id='word_1_62' title='bbox 934 568 1117 593; x_wconf 78' lang='lat' dir='ltr'>creatarum</span> <span class='ocrx_word' id='word_1_63' title='bbox 1141 560 1284 592; x_wconf 86' lang='lat' dir='ltr'>subsidio</span> 
     </span>
     <span class='ocr_line' id='line_1_9' title="bbox 320 604 1283 648; baseline -0.01 -5"><span class='ocrx_word' id='word_1_64' title='bbox 320 624 378 644; x_wconf 71' lang='lat' dir='ltr'>nos</span> <span class='ocrx_word' id='word_1_65' title='bbox 402 612 512 641; x_wconf 88' lang='lat' dir='ltr'>iuvare</span> <span class='ocrx_word' id='word_1_66' title='bbox 537 614 650 648; x_wconf 82' lang='lat' dir='ltr'>potest.</span> <span class='ocrx_word' id='word_1_67' title='bbox 682 613 789 637; x_wconf 84' lang='lat' dir='ltr'>tamen</span> <span class='ocrx_word' id='word_1_68' title='bbox 813 606 840 636; x_wconf 88' lang='lat' dir='ltr'>si</span> <span class='ocrx_word' id='word_1_69' title='bbox 870 604 909 636; x_wconf 85' lang='lat' dir='ltr'>ad</span> <span class='ocrx_word' id='word_1_70' title='bbox 935 613 1078 636; x_wconf 84' lang='lat' dir='ltr'>nostram</span> <span class='ocrx_word' id='word_1_71' title='bbox 1110 604 1283 634; x_wconf 79' lang='lat' dir='ltr'>utilitatem</span> 
     </span>
     <span class='ocr_line' id='line_1_10' title="bbox 319 646 1285 687; baseline -0.01 -1"><span class='ocrx_word' id='word_1_72' title='bbox 319 656 383 686; x_wconf 90' lang='lat' dir='ltr'>illis</span> <span class='ocrx_word' id='word_1_73' title='bbox 409 654 486 684; x_wconf 85' lang='lat' dir='ltr'>velit</span> <span class='ocrx_word' id='word_1_74' title='bbox 511 652 566 687; x_wconf 89' lang='lat' dir='ltr'>uti,</span> <span class='ocrx_word' id='word_1_75' title='bbox 600 651 757 681; x_wconf 86' lang='lat' dir='ltr'>rationem</span> <span class='ocrx_word' id='word_1_76' title='bbox 790 660 846 679; x_wconf 88' lang='lat' dir='ltr'>nos</span> <span class='ocrx_word' id='word_1_77' title='bbox 870 646 1047 679; x_wconf 82' lang='lat' dir='ltr'>adiuvandi</span> <span class='ocrx_word' id='word_1_78' title='bbox 1079 655 1285 687; x_wconf 85' lang='lat' dir='ltr'>reperturum</span> 
     </span>
     <span class='ocr_line' id='line_1_11' title="bbox 320 690 1104 739; baseline -0.013 -10"><span class='ocrx_word' id='word_1_79' title='bbox 320 705 449 739; x_wconf 88' lang='lat' dir='ltr'>praeter</span> <span class='ocrx_word' id='word_1_80' title='bbox 471 695 618 726; x_wconf 88' lang='lat' dir='ltr'>oninium</span> <span class='ocrx_word' id='word_1_81' title='bbox 643 693 810 723; x_wconf 81' lang='lat' dir='ltr'>hominum</span> <span class='ocrx_word' id='word_1_82' title='bbox 836 690 1104 730; x_wconf 77' lang='lat' dir='ltr'>expectationem.</span> 
     </span>
     <span class='ocr_line' id='line_1_12' title="bbox 405 732 1311 774; baseline -0.009 -5"><span class='ocrx_word' id='word_1_83' title='bbox 405 740 624 770; x_wconf 72' lang='lat' dir='ltr'><strong>Transeamus</strong></span> <span class='ocrx_word' id='word_1_84' title='bbox 647 735 684 766; x_wconf 87' lang='lat' dir='ltr'>ad</span> <span class='ocrx_word' id='word_1_85' title='bbox 706 734 883 774; x_wconf 81' lang='lat' dir='ltr'>sequentia,</span> <span class='ocrx_word' id='word_1_86' title='bbox 907 732 1069 772; x_wconf 79' lang='lat' dir='ltr'>inquibus</span> <span class='ocrx_word' id='word_1_87' title='bbox 1093 733 1131 763; x_wconf 87' lang='lat' dir='ltr'>ab</span> <span class='ocrx_word' id='word_1_88' title='bbox 1157 732 1284 762; x_wconf 85' lang='lat' dir='ltr'>istode-</span> <span class='ocrx_word' id='word_1_89' title='bbox 1310 750 1311 757; x_wconf 50' lang='grc' dir='ltr'>ι</span> 
     </span>
     <span class='ocr_line' id='line_1_13' title="bbox 322 776 1286 814; baseline -0.009 0"><span class='ocrx_word' id='word_1_90' title='bbox 322 783 452 814; x_wconf 85' lang='lat' dir='ltr'>ductuin</span> <span class='ocrx_word' id='word_1_91' title='bbox 471 780 627 812; x_wconf 75' lang='lat' dir='ltr'>Davidem</span> <span class='ocrx_word' id='word_1_92' title='bbox 653 778 691 809; x_wconf 89' lang='lat' dir='ltr'>ad</span> <span class='ocrx_word' id='word_1_93' title='bbox 706 777 983 808; x_wconf 86' lang='lat' dir='ltr'>Hamaleeitarum</span> <span class='ocrx_word' id='word_1_94' title='bbox 1003 784 1108 807; x_wconf 83' lang='lat' dir='ltr'>eastra</span> <span class='ocrx_word' id='word_1_95' title='bbox 1132 776 1286 806; x_wconf 59' lang='lat' dir='ltr'>int-vnisse</span> 
     </span>
     <span class='ocr_line' id='line_1_14' title="bbox 321 819 1285 864; baseline -0.01 -7"><span class='ocrx_word' id='word_1_96' title='bbox 321 827 419 857; x_wconf 71' lang='lat' dir='ltr'>hostes</span> <span class='ocrx_word' id='word_1_97' title='bbox 443 825 494 864; x_wconf 79' lang='lat' dir='ltr'>qui</span> <span class='ocrx_word' id='word_1_98' title='bbox 519 821 746 853; x_wconf 69' lang='lat' dir='ltr'>discurribebunt</span> <span class='ocrx_word' id='word_1_99' title='bbox 764 830 858 859; x_wconf 70' lang='lat' dir='ltr'>super</span> <span class='ocrx_word' id='word_1_100' title='bbox 875 820 986 859; x_wconf 71' lang='lat' dir='ltr'>faciem</span> <span class='ocrx_word' id='word_1_101' title='bbox 1004 819 1165 850; x_wconf 75' lang='lat' dir='ltr'>universae</span> <span class='ocrx_word' id='word_1_102' title='bbox 1177 821 1285 855; x_wconf 59' lang='lat' dir='ltr'>arrae,</span> 
     </span>
     <span class='ocr_line' id='line_1_15' title="bbox 322 860 1284 903; baseline -0.01 -3"><span class='ocrx_word' id='word_1_103' title='bbox 322 869 504 901; x_wconf 70' lang='lat' dir='ltr'>comedentes</span> <span class='ocrx_word' id='word_1_104' title='bbox 528 869 553 897; x_wconf 81' lang='lat' dir='ltr'>et</span> <span class='ocrx_word' id='word_1_105' title='bbox 577 864 716 903; x_wconf 77' lang='lat' dir='ltr'>bibentes,</span> <span class='ocrx_word' id='word_1_106' title='bbox 741 867 766 894; x_wconf 73' lang='grc' dir='ltr'>ει</span> <span class='ocrx_word' id='word_1_107' title='bbox 785 864 876 902; x_wconf 67' lang='lat' dir='ltr'>quasi</span> <span class='ocrx_word' id='word_1_108' title='bbox 897 863 1009 902; x_wconf 67' lang='lat' dir='ltr'>festum</span> <span class='ocrx_word' id='word_1_109' title='bbox 1030 862 1111 893; x_wconf 78' lang='lat' dir='ltr'>diem</span> <span class='ocrx_word' id='word_1_110' title='bbox 1134 860 1284 892; x_wconf 71' lang='lat' dir='ltr'>celebran-</span> 
     </span>
     <span class='ocr_line' id='line_1_16' title="bbox 322 904 1287 950; baseline -0.011 -7"><span class='ocrx_word' id='word_1_111' title='bbox 322 916 364 943; x_wconf 76' lang='lat' dir='ltr'>tes</span> <span class='ocrx_word' id='word_1_112' title='bbox 385 921 443 950; x_wconf 80' lang='lat' dir='ltr'>pro</span> <span class='ocrx_word' id='word_1_113' title='bbox 466 912 572 940; x_wconf 81' lang='lat' dir='ltr'>cuncta</span> <span class='ocrx_word' id='word_1_114' title='bbox 587 907 709 947; x_wconf 66' lang='lat' dir='ltr'>praeda</span> <span class='ocrx_word' id='word_1_115' title='bbox 728 910 754 937; x_wconf 72' lang='lat' dir='ltr'>nt</span> <span class='ocrx_word' id='word_1_116' title='bbox 772 906 883 945; x_wconf 68' lang='lat' dir='ltr'>spoliis</span> <span class='ocrx_word' id='word_1_117' title='bbox 900 916 978 945; x_wconf 77' lang='lat' dir='ltr'>quae</span> <span class='ocrx_word' id='word_1_118' title='bbox 995 908 1134 943; x_wconf 77' lang='lat' dir='ltr'>ceperant</span> <span class='ocrx_word' id='word_1_119' title='bbox 1157 904 1193 934; x_wconf 72' lang='lat' dir='ltr'>cle</span> <span class='ocrx_word' id='word_1_120' title='bbox 1205 907 1287 933; x_wconf 76' lang='lat' dir='ltr'>terra</span> 
     </span>
     <span class='ocr_line' id='line_1_17' title="bbox 323 948 1287 987; baseline -0.01 -2"><span class='ocrx_word' id='word_1_121' title='bbox 323 955 480 986; x_wconf 86' lang='lat' dir='ltr'>audimus.</span> <span class='ocrx_word' id='word_1_122' title='bbox 527 951 615 982; x_wconf 89' lang='lat' dir='ltr'>Hine</span> <span class='ocrx_word' id='word_1_123' title='bbox 640 948 878 981; x_wconf 77' lang='lat' dir='ltr'>observandum</span> <span class='ocrx_word' id='word_1_124' title='bbox 903 958 956 980; x_wconf 84' lang='lat' dir='ltr'>eos</span> <span class='ocrx_word' id='word_1_125' title='bbox 987 949 1039 987; x_wconf 89' lang='lat' dir='ltr'>qui</span> <span class='ocrx_word' id='word_1_126' title='bbox 1070 954 1196 986; x_wconf 85' lang='lat' dir='ltr'>praeter</span> <span class='ocrx_word' id='word_1_127' title='bbox 1221 957 1287 975; x_wconf 86' lang='lat' dir='ltr'>mo-</span> 
     </span>
     <span class='ocr_line' id='line_1_18' title="bbox 324 988 1288 1032; baseline -0.009 -5"><span class='ocrx_word' id='word_1_128' title='bbox 324 998 401 1028; x_wconf 87' lang='lat' dir='ltr'>duni</span> <span class='ocrx_word' id='word_1_129' title='bbox 434 996 600 1026; x_wconf 83' lang='lat' dir='ltr'>laetantur</span> <span class='ocrx_word' id='word_1_130' title='bbox 631 1003 727 1032; x_wconf 84' lang='lat' dir='ltr'>saepe</span> <span class='ocrx_word' id='word_1_131' title='bbox 749 993 901 1023; x_wconf 78' lang='lat' dir='ltr'>&#39;incautos</span> <span class='ocrx_word' id='word_1_132' title='bbox 931 998 962 1021; x_wconf 86' lang='lat' dir='ltr'>et</span> <span class='ocrx_word' id='word_1_133' title='bbox 999 991 1204 1029; x_wconf 69' lang='lat' dir='ltr'>inopinantes</span> <span class='ocrx_word' id='word_1_134' title='bbox 1236 988 1288 1018; x_wconf 87' lang='lat' dir='ltr'>de·</span> 
     </span>
    </p>
   </div>
   <div class='ocr_carea' id='block_1_6' title="bbox 325 1031 1316 1081">
    <p class='ocr_par' dir='ltr' id='par_1_6' title="bbox 325 1031 1316 1081">
     <span class='ocr_line' id='line_1_19' title="bbox 325 1031 1316 1081; baseline -0.011 -10"><span class='ocrx_word' id='word_1_135' title='bbox 325 1038 491 1081; x_wconf 80' lang='lat' dir='ltr'>prehendi,</span> <span class='ocrx_word' id='word_1_136' title='bbox 524 1035 795 1077; x_wconf 77' lang='lat' dir='ltr'>quemadmodum</span> <span class='ocrx_word' id='word_1_137' title='bbox 820 1041 851 1065; x_wconf 88' lang='lat' dir='ltr'>et</span> <span class='ocrx_word' id='word_1_138' title='bbox 876 1034 1036 1065; x_wconf 77' lang='lat' dir='ltr'>Dominus</span> <span class='ocrx_word' id='word_1_139' title='bbox 1066 1034 1207 1063; x_wconf 85' lang='lat' dir='ltr'>minatur</span> <span class='ocrx_word' id='word_1_140' title='bbox 1231 1031 1288 1061; x_wconf 91' lang='lat' dir='ltr'>ini-</span> <span class='ocrx_word' id='word_1_141' title='bbox 1313 1044 1316 1077; x_wconf 48' lang='grc' dir='ltr'>ι</span> 
     </span>
    </p>
   </div>
   <div class='ocr_carea' id='block_1_7' title="bbox 325 1076 1290 1159">
    <p class='ocr_par' dir='ltr' id='par_1_7' title="bbox 325 1076 1290 1159">
     <span class='ocr_line' id='line_1_20' title="bbox 325 1076 1288 1123; baseline -0.01 -10"><span class='ocrx_word' id='word_1_142' title='bbox 325 1083 440 1123; x_wconf 75' lang='lat' dir='ltr'>prnbOs</span> <span class='ocrx_word' id='word_1_143' title='bbox 467 1081 542 1111; x_wconf 87' lang='lat' dir='ltr'>vino</span> <span class='ocrx_word' id='word_1_144' title='bbox 565 1079 716 1119; x_wconf 80' lang='lat' dir='ltr'>crapulae</span> <span class='ocrx_word' id='word_1_145' title='bbox 741 1077 956 1117; x_wconf 77' lang='lat' dir='ltr'>indulgentes,</span> <span class='ocrx_word' id='word_1_146' title='bbox 987 1083 1019 1107; x_wconf 89' lang='lat' dir='ltr'>et</span> <span class='ocrx_word' id='word_1_147' title='bbox 1049 1077 1078 1106; x_wconf 89' lang='lat' dir='ltr'>in</span> <span class='ocrx_word' id='word_1_148' title='bbox 1106 1076 1196 1106; x_wconf 86' lang='lat' dir='ltr'>malis</span> <span class='ocrx_word' id='word_1_149' title='bbox 1220 1084 1288 1104; x_wconf 85' lang='lat' dir='ltr'>sese</span> 
     </span>
     <span class='ocr_line' id='line_1_21' title="bbox 325 1119 1290 1159; baseline -0.01 -3"><span class='ocrx_word' id='word_1_150' title='bbox 325 1126 525 1157; x_wconf 78' lang='lat' dir='ltr'>oblectantes</span> <span class='ocrx_word' id='word_1_151' title='bbox 555 1123 623 1153; x_wconf 84' lang='lat' dir='ltr'>sore</span> <span class='ocrx_word' id='word_1_152' title='bbox 653 1121 772 1152; x_wconf 76' lang='lat' dir='ltr'>similes</span> <span class='ocrx_word' id='word_1_153' title='bbox 807 1120 932 1151; x_wconf 81' lang='lat' dir='ltr'>mulieri</span> <span class='ocrx_word' id='word_1_154' title='bbox 965 1119 1172 1159; x_wconf 83' lang='lat' dir='ltr'>pai-turieiiti;</span> <span class='ocrx_word' id='word_1_155' title='bbox 1208 1126 1290 1156; x_wconf 82' lang='lat' dir='ltr'>quae</span> 
     </span>
    </p>
   </div>
   <div class='ocr_carea' id='block_1_8' title="bbox 327 1290 1292 1503">
    <p class='ocr_par' dir='ltr' id='par_1_8' title="bbox 327 1290 1292 1503">
     <span class='ocr_line' id='line_1_22' title="bbox 327 1290 1291 1332; baseline -0.01 -4"><span class='ocrx_word' id='word_1_156' title='bbox 327 1296 483 1329; x_wconf 84' lang='lat' dir='ltr'>adhiberi.</span> <span class='ocrx_word' id='word_1_157' title='bbox 530 1294 589 1326; x_wconf 77' lang='lat' dir='ltr'>Isti</span> <span class='ocrx_word' id='word_1_158' title='bbox 613 1304 691 1325; x_wconf 89' lang='lat' dir='ltr'>vero</span> <span class='ocrx_word' id='word_1_159' title='bbox 714 1292 752 1323; x_wconf 87' lang='lat' dir='ltr'>de</span> <span class='ocrx_word' id='word_1_160' title='bbox 776 1292 894 1332; x_wconf 87' lang='lat' dir='ltr'>quibus</span> <span class='ocrx_word' id='word_1_161' title='bbox 919 1292 970 1322; x_wconf 85' lang='lat' dir='ltr'>hie</span> <span class='ocrx_word' id='word_1_162' title='bbox 992 1291 1098 1330; x_wconf 81' lang='lat' dir='ltr'>agitur</span> <span class='ocrx_word' id='word_1_163' title='bbox 1122 1290 1291 1330; x_wconf 82' lang='lat' dir='ltr'>dupliciter</span> 
     </span>
     <span class='ocr_line' id='line_1_23' title="bbox 327 1332 1292 1381; baseline -0.008 -12"><span class='ocrx_word' id='word_1_164' title='bbox 327 1345 518 1381; x_wconf 67' lang='lat' dir='ltr'>peccarunt,</span> <span class='ocrx_word' id='word_1_165' title='bbox 552 1338 701 1377; x_wconf 85' lang='lat' dir='ltr'>primum,</span> <span class='ocrx_word' id='word_1_166' title='bbox 737 1334 820 1375; x_wconf 87' lang='lat' dir='ltr'>quod</span> <span class='ocrx_word' id='word_1_167' title='bbox 855 1335 892 1365; x_wconf 89' lang='lat' dir='ltr'>de</span> <span class='ocrx_word' id='word_1_168' title='bbox 926 1335 1040 1364; x_wconf 87' lang='lat' dir='ltr'>alienis</span> <span class='ocrx_word' id='word_1_169' title='bbox 1075 1333 1156 1363; x_wconf 86' lang='lat' dir='ltr'>male</span> <span class='ocrx_word' id='word_1_170' title='bbox 1192 1332 1292 1372; x_wconf 89' lang='lat' dir='ltr'>partis</span> 
     </span>
     <span class='ocr_line' id='line_1_24' title="bbox 329 1375 1292 1418; baseline -0.01 -4"><span class='ocrx_word' id='word_1_171' title='bbox 329 1383 567 1417; x_wconf 83' lang='lat' dir='ltr'>helluabaiitur,</span> <span class='ocrx_word' id='word_1_172' title='bbox 597 1386 629 1410; x_wconf 89' lang='lat' dir='ltr'>et</span> <span class='ocrx_word' id='word_1_173' title='bbox 659 1390 715 1418; x_wconf 86' lang='lat' dir='ltr'>per</span> <span class='ocrx_word' id='word_1_174' title='bbox 745 1389 799 1409; x_wconf 87' lang='lat' dir='ltr'>eos</span> <span class='ocrx_word' id='word_1_175' title='bbox 825 1388 886 1408; x_wconf 91' lang='lat' dir='ltr'>non</span> <span class='ocrx_word' id='word_1_176' title='bbox 919 1378 1007 1408; x_wconf 81' lang='lat' dir='ltr'>stetit</span> <span class='ocrx_word' id='word_1_177' title='bbox 1033 1377 1109 1415; x_wconf 86' lang='lat' dir='ltr'>quin</span> <span class='ocrx_word' id='word_1_178' title='bbox 1134 1375 1292 1415; x_wconf 82' lang='lat' dir='ltr'>sanguine</span> 
     </span>
     <span class='ocr_line' id='line_1_25' title="bbox 328 1420 1292 1462; baseline -0.01 -5"><span class='ocrx_word' id='word_1_179' title='bbox 328 1427 472 1457; x_wconf 88' lang='lat' dir='ltr'>humano</span> <span class='ocrx_word' id='word_1_180' title='bbox 503 1434 573 1454; x_wconf 84' lang='lat' dir='ltr'>sese</span> <span class='ocrx_word' id='word_1_181' title='bbox 604 1421 793 1462; x_wconf 89' lang='lat' dir='ltr'>polluerint:</span> <span class='ocrx_word' id='word_1_182' title='bbox 827 1432 900 1451; x_wconf 91' lang='lat' dir='ltr'>nain</span> <span class='ocrx_word' id='word_1_183' title='bbox 925 1420 984 1451; x_wconf 87' lang='lat' dir='ltr'>etsi</span> <span class='ocrx_word' id='word_1_184' title='bbox 1009 1420 1170 1449; x_wconf 86' lang='lat' dir='ltr'>neminem</span> <span class='ocrx_word' id='word_1_185' title='bbox 1195 1420 1292 1448; x_wconf 84' lang='lat' dir='ltr'>inter-</span> 
     </span>
     <span class='ocr_line' id='line_1_26' title="bbox 328 1461 1292 1503; baseline -0.009 -4"><span class='ocrx_word' id='word_1_186' title='bbox 328 1470 473 1500; x_wconf 75' lang='lat' dir='ltr'>fecerant</span> <span class='ocrx_word' id='word_1_187' title='bbox 496 1478 534 1497; x_wconf 83' lang='lat' dir='ltr'>ex</span> <span class='ocrx_word' id='word_1_188' title='bbox 556 1465 669 1496; x_wconf 78' lang='lat' dir='ltr'>ineolis</span> <span class='ocrx_word' id='word_1_189' title='bbox 687 1463 824 1503; x_wconf 77' lang='lat' dir='ltr'>Sieeleg,</span> <span class='ocrx_word' id='word_1_190' title='bbox 850 1474 911 1494; x_wconf 89' lang='lat' dir='ltr'>nou</span> <span class='ocrx_word' id='word_1_191' title='bbox 933 1463 1033 1493; x_wconf 75' lang='lat' dir='ltr'>defuit</span> <span class='ocrx_word' id='word_1_192' title='bbox 1053 1469 1161 1492; x_wconf 88' lang='lat' dir='ltr'>tamen</span> <span class='ocrx_word' id='word_1_193' title='bbox 1183 1461 1292 1491; x_wconf 82' lang='lat' dir='ltr'>volun·</span> 
     </span>
    </p>
   </div>
   <div class='ocr_carea' id='block_1_9' title="bbox 332 1635 1295 1762">
    <p class='ocr_par' dir='ltr' id='par_1_9' title="bbox 332 1635 1295 1762">
     <span class='ocr_line' id='line_1_27' title="bbox 332 1635 1294 1676; baseline -0.008 -6"><span class='ocrx_word' id='word_1_194' title='bbox 332 1647 409 1671; x_wconf 89' lang='lat' dir='ltr'>runt</span> <span class='ocrx_word' id='word_1_195' title='bbox 434 1637 634 1676; x_wconf 84' lang='lat' dir='ltr'>erudelitate,</span> <span class='ocrx_word' id='word_1_196' title='bbox 659 1636 696 1666; x_wconf 90' lang='lat' dir='ltr'>ad</span> <span class='ocrx_word' id='word_1_197' title='bbox 723 1646 818 1674; x_wconf 82' lang='lat' dir='ltr'>quam</span> <span class='ocrx_word' id='word_1_198' title='bbox 842 1635 975 1665; x_wconf 80' lang='lat' dir='ltr'>accessit</span> <span class='ocrx_word' id='word_1_199' title='bbox 999 1635 1192 1664; x_wconf 87' lang='lat' dir='ltr'>iiiiiiiensiiin</span> <span class='ocrx_word' id='word_1_200' title='bbox 1217 1643 1294 1672; x_wconf 79' lang='lat' dir='ltr'>gau-</span> 
     </span>
     <span class='ocr_line' id='line_1_28' title="bbox 333 1676 1295 1719; baseline -0.007 -7"><span class='ocrx_word' id='word_1_201' title='bbox 333 1683 431 1712; x_wconf 90' lang='lat' dir='ltr'>dium.</span> <span class='ocrx_word' id='word_1_202' title='bbox 456 1681 539 1712; x_wconf 87' lang='lat' dir='ltr'>Nain</span> <span class='ocrx_word' id='word_1_203' title='bbox 560 1690 659 1719; x_wconf 81' lang='lat' dir='ltr'>quum</span> <span class='ocrx_word' id='word_1_204' title='bbox 684 1676 860 1709; x_wconf 80' lang='lat' dir='ltr'>comedisse</span> <span class='ocrx_word' id='word_1_205' title='bbox 883 1685 913 1708; x_wconf 89' lang='lat' dir='ltr'>et</span> <span class='ocrx_word' id='word_1_206' title='bbox 939 1677 1054 1707; x_wconf 76' lang='lat' dir='ltr'>bibisse</span> <span class='ocrx_word' id='word_1_207' title='bbox 1078 1676 1241 1712; x_wconf 82' lang='lat' dir='ltr'>dicuntur,</span> <span class='ocrx_word' id='word_1_208' title='bbox 1265 1682 1295 1705; x_wconf 89' lang='lat' dir='ltr'>et</span> 
     </span>
     <span class='ocr_line' id='line_1_29' title="bbox 333 1719 1295 1762; baseline -0.007 -7"><span class='ocrx_word' id='word_1_209' title='bbox 333 1725 371 1755; x_wconf 86' lang='lat' dir='ltr'>de</span> <span class='ocrx_word' id='word_1_210' title='bbox 397 1730 462 1754; x_wconf 87' lang='lat' dir='ltr'>tota</span> <span class='ocrx_word' id='word_1_211' title='bbox 487 1723 604 1762; x_wconf 85' lang='lat' dir='ltr'>praeda</span> <span class='ocrx_word' id='word_1_212' title='bbox 629 1721 830 1760; x_wconf 82' lang='lat' dir='ltr'>tripudiasse.</span> <span class='ocrx_word' id='word_1_213' title='bbox 855 1728 978 1751; x_wconf 84' lang='lat' dir='ltr'>eertum</span> <span class='ocrx_word' id='word_1_214' title='bbox 999 1729 1043 1750; x_wconf 87' lang='lat' dir='ltr'>est</span> <span class='ocrx_word' id='word_1_215' title='bbox 1064 1719 1120 1749; x_wconf 81' lang='lat' dir='ltr'>l)ei</span> <span class='ocrx_word' id='word_1_216' title='bbox 1145 1719 1295 1758; x_wconf 73' lang='lat' dir='ltr'>spiritum</span> 
     </span>
    </p>
   </div>
   <div class='ocr_carea' id='block_1_10' title="bbox 333 1763 1324 1805">
    <p class='ocr_par' dir='ltr' id='par_1_10' title="bbox 333 1763 1324 1805">
     <span class='ocr_line' id='line_1_30' title="bbox 333 1763 1324 1805; baseline -0.008 -7"><span class='ocrx_word' id='word_1_217' title='bbox 333 1777 494 1798; x_wconf 85' lang='lat' dir='ltr'>suminam</span> <span class='ocrx_word' id='word_1_218' title='bbox 514 1767 655 1805; x_wconf 84' lang='lat' dir='ltr'>ipsorum</span> <span class='ocrx_word' id='word_1_219' title='bbox 676 1763 856 1804; x_wconf 87' lang='lat' dir='ltr'>ingluviem</span> <span class='ocrx_word' id='word_1_220' title='bbox 877 1770 908 1794; x_wconf 90' lang='lat' dir='ltr'>et</span> <span class='ocrx_word' id='word_1_221' title='bbox 928 1763 1208 1802; x_wconf 87' lang='lat' dir='ltr'>intemperantiam</span> <span class='ocrx_word' id='word_1_222' title='bbox 1224 1772 1296 1791; x_wconf 89' lang='lat' dir='ltr'>euni</span> <span class='ocrx_word' id='word_1_223' title='bbox 1323 1774 1324 1781; x_wconf 53' lang='grc' dir='ltr'>ι</span> 
     </span>
    </p>
   </div>
   <div class='ocr_carea' id='block_1_11' title="bbox 331 1804 1296 1847">
    <p class='ocr_par' dir='ltr' id='par_1_11' title="bbox 331 1804 1296 1847">
     <span class='ocr_line' id='line_1_31' title="bbox 331 1804 1296 1847; baseline -0.007 -7"><span class='ocrx_word' id='word_1_224' title='bbox 331 1809 464 1841; x_wconf 80' lang='lat' dir='ltr'>effraeni</span> <span class='ocrx_word' id='word_1_225' title='bbox 489 1808 605 1847; x_wconf 76' lang='lat' dir='ltr'>gaudio</span> <span class='ocrx_word' id='word_1_226' title='bbox 631 1814 741 1837; x_wconf 88' lang='lat' dir='ltr'>notare</span> <span class='ocrx_word' id='word_1_227' title='bbox 768 1807 915 1845; x_wconf 79' lang='lat' dir='ltr'>voluisse,</span> <span class='ocrx_word' id='word_1_228' title='bbox 940 1805 1073 1844; x_wconf 78' lang='lat' dir='ltr'>ideoque</span> <span class='ocrx_word' id='word_1_229' title='bbox 1099 1804 1205 1835; x_wconf 85' lang='lat' dir='ltr'>Deum</span> <span class='ocrx_word' id='word_1_230' title='bbox 1232 1811 1296 1834; x_wconf 89' lang='lat' dir='ltr'>tani</span> 
     </span>
    </p>
   </div>
   <div class='ocr_carea' id='block_1_12' title="bbox 332 1846 1325 1889">
    <p class='ocr_par' dir='ltr' id='par_1_12' title="bbox 332 1846 1325 1889">
     <span class='ocr_line' id='line_1_32' title="bbox 332 1846 1325 1889; baseline -0.008 -6"><span class='ocrx_word' id='word_1_231' title='bbox 332 1853 437 1884; x_wconf 88' lang='lat' dir='ltr'>subita</span> <span class='ocrx_word' id='word_1_232' title='bbox 461 1851 522 1882; x_wconf 84' lang='lat' dir='ltr'>hae</span> <span class='ocrx_word' id='word_1_233' title='bbox 546 1857 735 1889; x_wconf 81' lang='lat' dir='ltr'>tempestate</span> <span class='ocrx_word' id='word_1_234' title='bbox 761 1849 940 1880; x_wconf 83' lang='lat' dir='ltr'>lielluaiites</span> <span class='ocrx_word' id='word_1_235' title='bbox 966 1849 1170 1888; x_wconf 70' lang='lat' dir='ltr'>oppressisse.</span> <span class='ocrx_word' id='word_1_236' title='bbox 1211 1846 1297 1877; x_wconf 84' lang='lat' dir='ltr'>Hine</span> <span class='ocrx_word' id='word_1_237' title='bbox 1324 1858 1325 1863; x_wconf 57' lang='lat'>¹</span> 
     </span>
    </p>
   </div>
   <div class='ocr_carea' id='block_1_13' title="bbox 333 1891 1299 1928">
    <p class='ocr_par' dir='ltr' id='par_1_13' title="bbox 333 1891 1299 1928">
     <span class='ocr_line' id='line_1_33' title="bbox 333 1891 1299 1928; baseline -0.008 -2"><span class='ocrx_word' id='word_1_238' title='bbox 333 1895 487 1926; x_wconf 83' lang='lat' dir='ltr'>doceiiiur</span> <span class='ocrx_word' id='word_1_239' title='bbox 511 1894 626 1924; x_wconf 75' lang='lat' dir='ltr'>alienis</span> <span class='ocrx_word' id='word_1_240' title='bbox 650 1892 776 1922; x_wconf 87' lang='lat' dir='ltr'>damnis</span> <span class='ocrx_word' id='word_1_241' title='bbox 800 1900 832 1922; x_wconf 86' lang='lat' dir='ltr'>et</span> <span class='ocrx_word' id='word_1_242' title='bbox 855 1891 1069 1923; x_wconf 87' lang='lat' dir='ltr'>iiieoniniodis</span> <span class='ocrx_word' id='word_1_243' title='bbox 1090 1902 1151 1920; x_wconf 86' lang='lat' dir='ltr'>non</span> <span class='ocrx_word' id='word_1_244' title='bbox 1178 1891 1299 1928; x_wconf 82' lang='lat' dir='ltr'>laetari,</span> 
     </span>
    </p>
   </div>
   <div class='ocr_carea' id='block_1_14' title="bbox 334 1976 1304 2362">
    <p class='ocr_par' dir='ltr' id='par_1_14' title="bbox 334 1976 1304 2362">
     <span class='ocr_line' id='line_1_34' title="bbox 334 1976 1298 2017; baseline -0.008 -5"><span class='ocrx_word' id='word_1_245' title='bbox 334 1982 367 2012; x_wconf 90' lang='lat' dir='ltr'>in</span> <span class='ocrx_word' id='word_1_246' title='bbox 394 1981 493 2011; x_wconf 80' lang='lat' dir='ltr'>risum</span> <span class='ocrx_word' id='word_1_247' title='bbox 519 1978 652 2009; x_wconf 84' lang='lat' dir='ltr'>effundi.</span> <span class='ocrx_word' id='word_1_248' title='bbox 678 1977 839 2017; x_wconf 82' lang='lat' dir='ltr'>Equidem</span> <span class='ocrx_word' id='word_1_249' title='bbox 864 1978 964 2007; x_wconf 87' lang='lat' dir='ltr'>fateor</span> <span class='ocrx_word' id='word_1_250' title='bbox 977 1976 1083 2007; x_wconf 82' lang='lat' dir='ltr'>Deum</span> <span class='ocrx_word' id='word_1_251' title='bbox 1105 1976 1186 2006; x_wconf 79' lang='lat' dir='ltr'>risus</span> <span class='ocrx_word' id='word_1_252' title='bbox 1210 1984 1298 2006; x_wconf 78' lang='lat' dir='ltr'>oeca-</span> 
     </span>
     <span class='ocr_line' id='line_1_35' title="bbox 335 2020 1299 2059; baseline -0.008 -4"><span class='ocrx_word' id='word_1_253' title='bbox 335 2025 458 2055; x_wconf 86' lang='lat' dir='ltr'>sionem</span> <span class='ocrx_word' id='word_1_254' title='bbox 495 2022 586 2053; x_wconf 82' lang='lat' dir='ltr'>nobis</span> <span class='ocrx_word' id='word_1_255' title='bbox 620 2032 659 2052; x_wconf 82' lang='lat' dir='ltr'>ex</span> <span class='ocrx_word' id='word_1_256' title='bbox 695 2020 834 2051; x_wconf 83' lang='lat' dir='ltr'>hostium</span> <span class='ocrx_word' id='word_1_257' title='bbox 877 2020 1029 2059; x_wconf 84' lang='lat' dir='ltr'>laeryiiiis</span> <span class='ocrx_word' id='word_1_258' title='bbox 1071 2028 1299 2057; x_wconf 83' lang='lat' dir='ltr'>nonnunquam</span> 
     </span>
     <span class='ocr_line' id='line_1_36' title="bbox 337 2061 1300 2107; baseline -0.007 -10"><span class='ocrx_word' id='word_1_259' title='bbox 337 2067 489 2107; x_wconf 86' lang='lat' dir='ltr'>praebere</span> <span class='ocrx_word' id='word_1_260' title='bbox 515 2064 605 2095; x_wconf 88' lang='lat' dir='ltr'>niodo</span> <span class='ocrx_word' id='word_1_261' title='bbox 625 2075 688 2094; x_wconf 86' lang='lat' dir='ltr'>non</span> <span class='ocrx_word' id='word_1_262' title='bbox 713 2064 753 2094; x_wconf 83' lang='lat' dir='ltr'>sit</span> <span class='ocrx_word' id='word_1_263' title='bbox 773 2064 868 2094; x_wconf 90' lang='lat' dir='ltr'>niniis</span> <span class='ocrx_word' id='word_1_264' title='bbox 884 2064 1015 2102; x_wconf 77' lang='lat' dir='ltr'>effusus,</span> <span class='ocrx_word' id='word_1_265' title='bbox 1041 2062 1095 2092; x_wconf 84' lang='lat' dir='ltr'>sed</span> <span class='ocrx_word' id='word_1_266' title='bbox 1117 2061 1300 2092; x_wconf 83' lang='lat' dir='ltr'>moderatus</span> 
     </span>
     <span class='ocr_line' id='line_1_37' title="bbox 337 2104 1301 2147; baseline -0.007 -7"><span class='ocrx_word' id='word_1_267' title='bbox 337 2116 367 2140; x_wconf 88' lang='lat' dir='ltr'>et</span> <span class='ocrx_word' id='word_1_268' title='bbox 400 2114 600 2147; x_wconf 84' lang='lat' dir='ltr'>temperatus</span> <span class='ocrx_word' id='word_1_269' title='bbox 632 2107 690 2138; x_wconf 83' lang='lat' dir='ltr'>sit.</span> <span class='ocrx_word' id='word_1_270' title='bbox 720 2112 752 2137; x_wconf 80' lang='lat' dir='ltr'>et</span> <span class='ocrx_word' id='word_1_271' title='bbox 783 2116 819 2136; x_wconf 85' lang='lat' dir='ltr'>ea</span> <span class='ocrx_word' id='word_1_272' title='bbox 850 2106 975 2136; x_wconf 87' lang='lat' dir='ltr'>ratione</span> <span class='ocrx_word' id='word_1_273' title='bbox 1004 2113 1135 2136; x_wconf 85' lang='lat' dir='ltr'>sanetus</span> <span class='ocrx_word' id='word_1_274' title='bbox 1167 2104 1301 2142; x_wconf 84' lang='lat' dir='ltr'>Deoqiie</span> 
     </span>
     <span class='ocr_line' id='line_1_38' title="bbox 337 2147 1302 2191; baseline -0.006 -9"><span class='ocrx_word' id='word_1_275' title='bbox 337 2152 548 2191; x_wconf 84' lang='lat' dir='ltr'>approbatus:</span> <span class='ocrx_word' id='word_1_276' title='bbox 580 2156 612 2180; x_wconf 83' lang='lat' dir='ltr'>et</span> <span class='ocrx_word' id='word_1_277' title='bbox 635 2149 679 2179; x_wconf 88' lang='lat' dir='ltr'>ita</span> <span class='ocrx_word' id='word_1_278' title='bbox 704 2156 737 2179; x_wconf 90' lang='lat' dir='ltr'>iit</span> <span class='ocrx_word' id='word_1_279' title='bbox 763 2149 952 2179; x_wconf 84' lang='lat' dir='ltr'>miserorum</span> <span class='ocrx_word' id='word_1_280' title='bbox 982 2148 1150 2178; x_wconf 82' lang='lat' dir='ltr'>hominum</span> <span class='ocrx_word' id='word_1_281' title='bbox 1176 2147 1302 2176; x_wconf 86' lang='lat' dir='ltr'>damnis</span> 
     </span>
     <span class='ocr_line' id='line_1_39' title="bbox 338 2190 1301 2233; baseline -0.007 -8"><span class='ocrx_word' id='word_1_282' title='bbox 338 2206 400 2225; x_wconf 86' lang='lat' dir='ltr'>nen</span> <span class='ocrx_word' id='word_1_283' title='bbox 427 2204 496 2224; x_wconf 85' lang='lat' dir='ltr'>esse</span> <span class='ocrx_word' id='word_1_284' title='bbox 520 2192 726 2233; x_wconf 82' lang='lat' dir='ltr'>gaudendum</span> <span class='ocrx_word' id='word_1_285' title='bbox 750 2193 896 2222; x_wconf 71' lang='lat' dir='ltr'>sciamus.</span> <span class='ocrx_word' id='word_1_286' title='bbox 922 2191 1015 2230; x_wconf 74' lang='lat' dir='ltr'>Quod</span> <span class='ocrx_word' id='word_1_287' title='bbox 1038 2198 1143 2220; x_wconf 86' lang='lat' dir='ltr'>tainen</span> <span class='ocrx_word' id='word_1_288' title='bbox 1169 2190 1301 2220; x_wconf 89' lang='lat' dir='ltr'>niniium</span> 
     </span>
     <span class='ocr_line' id='line_1_40' title="bbox 338 2232 1301 2276; baseline -0.006 -9"><span class='ocrx_word' id='word_1_289' title='bbox 338 2247 433 2276; x_wconf 77' lang='lat' dir='ltr'>saepe</span> <span class='ocrx_word' id='word_1_290' title='bbox 458 2238 524 2267; x_wconf 80' lang='lat' dir='ltr'>liei-i</span> <span class='ocrx_word' id='word_1_291' title='bbox 549 2235 737 2275; x_wconf 84' lang='lat' dir='ltr'>quotidiana</span> <span class='ocrx_word' id='word_1_292' title='bbox 760 2235 961 2274; x_wconf 74' lang='lat' dir='ltr'>experientia</span> <span class='ocrx_word' id='word_1_293' title='bbox 980 2234 1080 2265; x_wconf 83' lang='lat' dir='ltr'>doeet.</span> <span class='ocrx_word' id='word_1_294' title='bbox 1106 2232 1160 2264; x_wconf 71' lang='lat' dir='ltr'>Sic</span> <span class='ocrx_word' id='word_1_295' title='bbox 1181 2242 1301 2263; x_wconf 85' lang='lat' dir='ltr'>merea-</span> 
     </span>
     <span class='ocr_line' id='line_1_41' title="bbox 339 2275 1302 2318; baseline -0.007 -7"><span class='ocrx_word' id='word_1_296' title='bbox 339 2288 423 2311; x_wconf 69' lang='lat' dir='ltr'>tores</span> <span class='ocrx_word' id='word_1_297' title='bbox 448 2279 505 2309; x_wconf 82' lang='lat' dir='ltr'>sibi</span> <span class='ocrx_word' id='word_1_298' title='bbox 533 2278 609 2318; x_wconf 85' lang='lat' dir='ltr'>ipsis</span> <span class='ocrx_word' id='word_1_299' title='bbox 642 2277 771 2308; x_wconf 74' lang='lat' dir='ltr'>delitias</span> <span class='ocrx_word' id='word_1_300' title='bbox 803 2281 914 2313; x_wconf 69' lang='lat' dir='ltr'>tacere,</span> <span class='ocrx_word' id='word_1_301' title='bbox 948 2276 1157 2308; x_wconf 87' lang='lat' dir='ltr'>vehementer</span> <span class='ocrx_word' id='word_1_302' title='bbox 1181 2275 1302 2311; x_wconf 88' lang='lat' dir='ltr'>laetari,</span> 
     </span>
     <span class='ocr_line' id='line_1_42' title="bbox 341 2317 1304 2362; baseline -0.007 -8"><span class='ocrx_word' id='word_1_303' title='bbox 341 2324 474 2362; x_wconf 83' lang='lat' dir='ltr'>Deoque</span> <span class='ocrx_word' id='word_1_304' title='bbox 492 2322 588 2352; x_wconf 87' lang='lat' dir='ltr'>etiam</span> <span class='ocrx_word' id='word_1_305' title='bbox 610 2321 729 2360; x_wconf 70' lang='lat' dir='ltr'>gratias</span> <span class='ocrx_word' id='word_1_306' title='bbox 749 2330 844 2360; x_wconf 69' lang='lat' dir='ltr'>agere</span> <span class='ocrx_word' id='word_1_307' title='bbox 864 2320 1022 2358; x_wconf 81' lang='lat' dir='ltr'>videmus,</span> <span class='ocrx_word' id='word_1_308' title='bbox 1045 2330 1140 2358; x_wconf 82' lang='lat' dir='ltr'>quum</span> <span class='ocrx_word' id='word_1_309' title='bbox 1164 2317 1304 2356; x_wconf 86' lang='lat' dir='ltr'>undique</span> 
     </span>
    </p>
   </div>
   <div class='ocr_carea' id='block_1_15' title="bbox 340 2404 1302 2443">
    <p class='ocr_par' dir='ltr' id='par_1_15' title="bbox 340 2404 1302 2443">
     <span class='ocr_line' id='line_1_43' title="bbox 340 2404 1302 2443; baseline -0.005 -5"><span class='ocrx_word' id='word_1_310' title='bbox 340 2420 373 2439; x_wconf 85' lang='lat' dir='ltr'>se</span> <span class='ocrx_word' id='word_1_311' title='bbox 404 2408 522 2438; x_wconf 66' lang='lat' dir='ltr'>multos</span> <span class='ocrx_word' id='word_1_312' title='bbox 555 2407 686 2437; x_wconf 86' lang='lat' dir='ltr'>miseros</span> <span class='ocrx_word' id='word_1_313' title='bbox 716 2406 861 2436; x_wconf 86' lang='lat' dir='ltr'>homines</span> <span class='ocrx_word' id='word_1_314' title='bbox 892 2406 931 2435; x_wconf 91' lang='lat' dir='ltr'>ad</span> <span class='ocrx_word' id='word_1_315' title='bbox 966 2415 1125 2436; x_wconf 85' lang='lat' dir='ltr'>sumniam</span> <span class='ocrx_word' id='word_1_316' title='bbox 1162 2404 1302 2443; x_wconf 87' lang='lat' dir='ltr'>inopiam</span> 
     </span>
    </p>
   </div>
   <div class='ocr_carea' id='block_1_16' title="bbox 342 2491 1331 2703">
    <p class='ocr_par' dir='ltr' id='par_1_16' title="bbox 342 2491 1331 2703">
     <span class='ocr_line' id='line_1_44' title="bbox 343 2491 1330 2531; baseline -0.006 -7"><span class='ocrx_word' id='word_1_317' title='bbox 343 2494 464 2529; x_wconf 74' lang='lat' dir='ltr'>viduas,</span> <span class='ocrx_word' id='word_1_318' title='bbox 490 2492 606 2522; x_wconf 89' lang='lat' dir='ltr'>inultos</span> <span class='ocrx_word' id='word_1_319' title='bbox 619 2493 779 2530; x_wconf 80' lang='lat' dir='ltr'>orphanos</span> <span class='ocrx_word' id='word_1_320' title='bbox 800 2492 837 2522; x_wconf 84' lang='lat' dir='ltr'>ad</span> <span class='ocrx_word' id='word_1_321' title='bbox 864 2502 1006 2522; x_wconf 86' lang='lat' dir='ltr'>suuiiiias</span> <span class='ocrx_word' id='word_1_322' title='bbox 1027 2491 1202 2526; x_wconf 63' lang='lat' dir='ltr'>angustias.</span> <span class='ocrx_word' id='word_1_323' title='bbox 1227 2495 1303 2528; x_wconf 86' lang='lat' dir='ltr'>puta</span> <span class='ocrx_word' id='word_1_324' title='bbox 1328 2501 1330 2531; x_wconf 60' lang='grc'>1</span> 
     </span>
     <span class='ocr_line' id='line_1_45' title="bbox 342 2530 1330 2571; baseline -0.005 -5"><span class='ocrx_word' id='word_1_325' title='bbox 342 2537 470 2571; x_wconf 82' lang='lat' dir='ltr'>saniem,</span> <span class='ocrx_word' id='word_1_326' title='bbox 503 2535 599 2570; x_wconf 79' lang='lat' dir='ltr'>sitim,</span> <span class='ocrx_word' id='word_1_327' title='bbox 631 2543 661 2565; x_wconf 84' lang='lat' dir='ltr'>et</span> <span class='ocrx_word' id='word_1_328' title='bbox 691 2534 754 2565; x_wconf 88' lang='lat' dir='ltr'>alia</span> <span class='ocrx_word' id='word_1_329' title='bbox 779 2534 955 2565; x_wconf 84' lang='lat' dir='ltr'>istiusmodi</span> <span class='ocrx_word' id='word_1_330' title='bbox 988 2533 1189 2564; x_wconf 81' lang='lat' dir='ltr'>iiieoininoda</span> <span class='ocrx_word' id='word_1_331' title='bbox 1214 2530 1303 2562; x_wconf 86' lang='lat' dir='ltr'>rede—</span> <span class='ocrx_word' id='word_1_332' title='bbox 1328 2542 1330 2571; x_wconf 56' lang='grc' dir='ltr'>ι</span> 
     </span>
     <span class='ocr_line' id='line_1_46' title="bbox 342 2574 1304 2619; baseline -0.006 -9"><span class='ocrx_word' id='word_1_333' title='bbox 342 2580 435 2619; x_wconf 80' lang='lat' dir='ltr'>gisse.</span> <span class='ocrx_word' id='word_1_334' title='bbox 482 2578 537 2610; x_wconf 74' lang='lat' dir='ltr'>Sic</span> <span class='ocrx_word' id='word_1_335' title='bbox 567 2578 662 2608; x_wconf 86' lang='lat' dir='ltr'>etiain</span> <span class='ocrx_word' id='word_1_336' title='bbox 695 2577 772 2608; x_wconf 87' lang='lat' dir='ltr'>alios</span> <span class='ocrx_word' id='word_1_337' title='bbox 804 2578 920 2608; x_wconf 78' lang='lat' dir='ltr'>inultos</span> <span class='ocrx_word' id='word_1_338' title='bbox 955 2577 1135 2607; x_wconf 83' lang='lat' dir='ltr'>istiusmodi</span> <span class='ocrx_word' id='word_1_339' title='bbox 1168 2574 1304 2614; x_wconf 85' lang='lat' dir='ltr'>praedae</span> 
     </span>
     <span class='ocr_line' id='line_1_47' title="bbox 343 2617 1330 2673; baseline -0.006 -21"><span class='ocrx_word' id='word_1_340' title='bbox 343 2633 468 2661; x_wconf 73' lang='lat' dir='ltr'>semper</span> <span class='ocrx_word' id='word_1_341' title='bbox 493 2621 664 2654; x_wconf 71' lang='lat' dir='ltr'>inhiantes,</span> <span class='ocrx_word' id='word_1_342' title='bbox 694 2627 726 2650; x_wconf 90' lang='lat' dir='ltr'>et</span> <span class='ocrx_word' id='word_1_343' title='bbox 755 2619 942 2659; x_wconf 85' lang='lat' dir='ltr'>praesertim</span> <span class='ocrx_word' id='word_1_344' title='bbox 967 2619 1087 2650; x_wconf 75' lang='lat' dir='ltr'>aulicos</span> <span class='ocrx_word' id='word_1_345' title='bbox 1118 2617 1304 2658; x_wconf 83' lang='lat' dir='ltr'>pulilieatio-</span> <span class='ocrx_word' id='word_1_346' title='bbox 1328 2640 1330 2673; x_wconf 33' lang='lat'>1</span> 
     </span>
     <span class='ocr_line' id='line_1_48' title="bbox 343 2660 1331 2703; baseline -0.005 -8"><span class='ocrx_word' id='word_1_347' title='bbox 343 2676 415 2695; x_wconf 85' lang='lat' dir='ltr'>iiein</span> <span class='ocrx_word' id='word_1_348' title='bbox 446 2664 604 2694; x_wconf 75' lang='lat' dir='ltr'>bonorum</span> <span class='ocrx_word' id='word_1_349' title='bbox 634 2673 760 2703; x_wconf 76' lang='lat' dir='ltr'>seitipei·</span> <span class='ocrx_word' id='word_1_350' title='bbox 789 2670 985 2702; x_wconf 76' lang='lat' dir='ltr'>expetentes,</span> <span class='ocrx_word' id='word_1_351' title='bbox 1017 2670 1048 2692; x_wconf 85' lang='lat' dir='ltr'>et</span> <span class='ocrx_word' id='word_1_352' title='bbox 1072 2669 1204 2693; x_wconf 77' lang='lat' dir='ltr'>mortem</span> <span class='ocrx_word' id='word_1_353' title='bbox 1230 2660 1304 2691; x_wconf 81' lang='lat' dir='ltr'>huie</span> <span class='ocrx_word' id='word_1_354' title='bbox 1328 2674 1331 2683; x_wconf 83' lang='lat'><strong><em>¹</em></strong></span> 
     </span>
    </p>
   </div>
   <div class='ocr_carea' id='block_1_17' title="bbox 1310 341 2306 511">
    <p class='ocr_par' dir='ltr' id='par_1_17' title="bbox 1310 341 2306 466">
     <span class='ocr_line' id='line_1_49' title="bbox 1310 341 2306 380; baseline -0.003 -4"><span class='ocrx_word' id='word_1_355' title='bbox 1310 365 1311 372; x_wconf 40' lang='grc' dir='ltr'>ι</span> <span class='ocrx_word' id='word_1_356' title='bbox 1339 347 1489 377; x_wconf 82' lang='lat' dir='ltr'>Facessat</span> <span class='ocrx_word' id='word_1_357' title='bbox 1515 354 1533 374; x_wconf 87' lang='lat' dir='ltr'>a</span> <span class='ocrx_word' id='word_1_358' title='bbox 1557 342 1648 374; x_wconf 87' lang='lat' dir='ltr'>nobis</span> <span class='ocrx_word' id='word_1_359' title='bbox 1671 342 1854 374; x_wconf 76' lang='lat' dir='ltr'>istiusmodi</span> <span class='ocrx_word' id='word_1_360' title='bbox 1874 341 2006 376; x_wconf 84' lang='lat' dir='ltr'>laetitia,</span> <span class='ocrx_word' id='word_1_361' title='bbox 2027 350 2109 380; x_wconf 85' lang='lat' dir='ltr'>quae</span> <span class='ocrx_word' id='word_1_362' title='bbox 2130 342 2255 372; x_wconf 87' lang='lat' dir='ltr'>miseris</span> <span class='ocrx_word' id='word_1_363' title='bbox 2273 351 2306 373; x_wconf 89' lang='lat' dir='ltr'>et.</span> 
     </span>
     <span class='ocr_line' id='line_1_50' title="bbox 1338 383 2305 425; baseline -0.005 -6"><span class='ocrx_word' id='word_1_364' title='bbox 1338 387 1563 419; x_wconf 79' lang='lat' dir='ltr'>innocentibus</span> <span class='ocrx_word' id='word_1_365' title='bbox 1588 385 1728 425; x_wconf 80' lang='lat' dir='ltr'>gemitus</span> <span class='ocrx_word' id='word_1_366' title='bbox 1747 393 1779 416; x_wconf 87' lang='lat' dir='ltr'>et</span> <span class='ocrx_word' id='word_1_367' title='bbox 1798 385 1959 424; x_wconf 73' lang='lat' dir='ltr'>lacrymas</span> <span class='ocrx_word' id='word_1_368' title='bbox 1972 383 2088 419; x_wconf 78' lang='lat' dir='ltr'>elieiat,</span> <span class='ocrx_word' id='word_1_369' title='bbox 2113 394 2132 414; x_wconf 90' lang='lat' dir='ltr'>a</span> <span class='ocrx_word' id='word_1_370' title='bbox 2146 384 2214 414; x_wconf 88' lang='lat' dir='ltr'>Deo</span> <span class='ocrx_word' id='word_1_371' title='bbox 2235 393 2305 414; x_wconf 91' lang='lat' dir='ltr'>tan-</span> 
     </span>
     <span class='ocr_line' id='line_1_51' title="bbox 1338 427 2304 466; baseline -0.005 -5"><span class='ocrx_word' id='word_1_372' title='bbox 1338 432 1409 462; x_wconf 88' lang='lat' dir='ltr'>dein</span> <span class='ocrx_word' id='word_1_373' title='bbox 1434 427 1668 461; x_wconf 82' lang='lat' dir='ltr'>exaudiendos:</span> <span class='ocrx_word' id='word_1_374' title='bbox 1689 436 1811 459; x_wconf 86' lang='lat' dir='ltr'>eertum</span> <span class='ocrx_word' id='word_1_375' title='bbox 1837 427 1924 457; x_wconf 90' lang='lat' dir='ltr'>enim</span> <span class='ocrx_word' id='word_1_376' title='bbox 1950 433 1998 457; x_wconf 86' lang='lat' dir='ltr'>est</span> <span class='ocrx_word' id='word_1_377' title='bbox 2021 427 2194 457; x_wconf 78' lang='lat' dir='ltr'>clamorem</span> <span class='ocrx_word' id='word_1_378' title='bbox 2219 427 2304 466; x_wconf 75' lang='lat' dir='ltr'>ipso-</span> 
     </span>
    </p>

    <p class='ocr_par' dir='ltr' id='par_1_18' title="bbox 1310 469 2304 511">
     <span class='ocr_line' id='line_1_52' title="bbox 1310 469 2304 511; baseline -0.007 -6"><span class='ocrx_word' id='word_1_379' title='bbox 1310 475 1311 502; x_wconf 71' lang='lat' dir='ltr'>l</span> <span class='ocrx_word' id='word_1_380' title='bbox 1338 484 1409 505; x_wconf 89' lang='lat' dir='ltr'>rum</span> <span class='ocrx_word' id='word_1_381' title='bbox 1433 473 1538 504; x_wconf 85' lang='lat' dir='ltr'>coelos</span> <span class='ocrx_word' id='word_1_382' title='bbox 1562 472 1647 511; x_wconf 84' lang='lat' dir='ltr'>ipsos</span> <span class='ocrx_word' id='word_1_383' title='bbox 1670 477 1931 511; x_wconf 84' lang='lat' dir='ltr'>penetraturum:</span> <span class='ocrx_word' id='word_1_384' title='bbox 1960 469 2129 509; x_wconf 85' lang='lat' dir='ltr'>Deumque</span> <span class='ocrx_word' id='word_1_385' title='bbox 2149 480 2210 499; x_wconf 89' lang='lat' dir='ltr'>non</span> <span class='ocrx_word' id='word_1_386' title='bbox 2232 480 2304 509; x_wconf 73' lang='lat' dir='ltr'>pas-</span> 
     </span>
    </p>
   </div>
   <div class='ocr_carea' id='block_1_18' title="bbox 1310 511 2320 554">
    <p class='ocr_par' dir='ltr' id='par_1_19' title="bbox 1310 511 2320 554">
     <span class='ocr_line' id='line_1_53' title="bbox 1310 511 2320 554; baseline -0.006 -7"><span class='ocrx_word' id='word_1_387' title='bbox 1310 527 1312 552; x_wconf 67' lang='lat'>1</span> <span class='ocrx_word' id='word_1_388' title='bbox 1338 527 1449 547; x_wconf 88' lang='lat' dir='ltr'>surum</span> <span class='ocrx_word' id='word_1_389' title='bbox 1481 522 1515 546; x_wconf 85' lang='lat' dir='ltr'>ut</span> <span class='ocrx_word' id='word_1_390' title='bbox 1547 513 1700 554; x_wconf 83' lang='lat' dir='ltr'>quamdiu</span> <span class='ocrx_word' id='word_1_391' title='bbox 1731 514 1825 554; x_wconf 81' lang='lat' dir='ltr'>genio</span> <span class='ocrx_word' id='word_1_392' title='bbox 1858 511 2084 552; x_wconf 83' lang='lat' dir='ltr'>indulgemus,</span> <span class='ocrx_word' id='word_1_393' title='bbox 2114 518 2147 542; x_wconf 90' lang='lat' dir='ltr'>et</span> <span class='ocrx_word' id='word_1_394' title='bbox 2178 511 2320 545; x_wconf 76' lang='lat' dir='ltr'>delitias.</span> 
     </span>
    </p>
   </div>
   <div class='ocr_carea' id='block_1_19' title="bbox 1338 555 2311 640">
    <p class='ocr_par' dir='ltr' id='par_1_20' title="bbox 1338 555 2311 640">
     <span class='ocr_line' id='line_1_54' title="bbox 1338 555 2305 596; baseline -0.002 -7"><span class='ocrx_word' id='word_1_395' title='bbox 1338 560 1430 590; x_wconf 87' lang='lat' dir='ltr'>nobis</span> <span class='ocrx_word' id='word_1_396' title='bbox 1454 558 1592 589; x_wconf 76' lang='lat' dir='ltr'>facimus</span> <span class='ocrx_word' id='word_1_397' title='bbox 1616 563 1770 596; x_wconf 84' lang='lat' dir='ltr'>perpetuo</span> <span class='ocrx_word' id='word_1_398' title='bbox 1795 556 1972 595; x_wconf 80' lang='lat' dir='ltr'>langueant</span> <span class='ocrx_word' id='word_1_399' title='bbox 1992 555 2025 585; x_wconf 91' lang='lat' dir='ltr'>in</span> <span class='ocrx_word' id='word_1_400' title='bbox 2045 555 2123 585; x_wconf 88' lang='lat' dir='ltr'>istas</span> <span class='ocrx_word' id='word_1_401' title='bbox 2137 555 2305 595; x_wconf 81' lang='lat' dir='ltr'>augustias</span> 
     </span>
     <span class='ocr_line' id='line_1_55' title="bbox 1340 596 2311 640; baseline -0.002 -8"><span class='ocrx_word' id='word_1_402' title='bbox 1340 602 1470 640; x_wconf 79' lang='lat' dir='ltr'>redacti,</span> <span class='ocrx_word' id='word_1_403' title='bbox 1496 601 1573 640; x_wconf 91' lang='lat' dir='ltr'>quin</span> <span class='ocrx_word' id='word_1_404' title='bbox 1593 610 1626 630; x_wconf 86' lang='lat' dir='ltr'>se</span> <span class='ocrx_word' id='word_1_405' title='bbox 1647 599 1774 630; x_wconf 88' lang='lat' dir='ltr'>tandem</span> <span class='ocrx_word' id='word_1_406' title='bbox 1798 600 1920 629; x_wconf 82' lang='lat' dir='ltr'>iustum</span> <span class='ocrx_word' id='word_1_407' title='bbox 1938 596 2075 628; x_wconf 82' lang='lat' dir='ltr'>iudicem</span> <span class='ocrx_word' id='word_1_408' title='bbox 2091 605 2122 628; x_wconf 88' lang='lat' dir='ltr'>et</span> <span class='ocrx_word' id='word_1_409' title='bbox 2143 597 2311 630; x_wconf 26' lang='lat' dir='ltr'>vindicem*</span> 
     </span>
    </p>
   </div>
   <div class='ocr_carea' id='block_1_20' title="bbox 1310 641 2306 689">
    <p class='ocr_par' dir='ltr' id='par_1_21' title="bbox 1310 641 2306 689">
     <span class='ocr_line' id='line_1_56' title="bbox 1310 641 2306 689; baseline 0 -17"><span class='ocrx_word' id='word_1_410' title='bbox 1310 661 1311 689; x_wconf 31' lang='grc' dir='ltr'>Ξ</span> <span class='ocrx_word' id='word_1_411' title='bbox 1339 646 1539 685; x_wconf 78' lang='lat' dir='ltr'>profiteatur.</span> <span class='ocrx_word' id='word_1_412' title='bbox 1584 641 1702 672; x_wconf 86' lang='lat' dir='ltr'>Danda</span> <span class='ocrx_word' id='word_1_413' title='bbox 1732 642 1830 682; x_wconf 84' lang='lat' dir='ltr'>igitur</span> <span class='ocrx_word' id='word_1_414' title='bbox 1861 651 1958 680; x_wconf 86' lang='lat' dir='ltr'>opera</span> <span class='ocrx_word' id='word_1_415' title='bbox 1982 648 2019 670; x_wconf 94' lang='lat' dir='ltr'>ut</span> <span class='ocrx_word' id='word_1_416' title='bbox 2050 641 2171 671; x_wconf 85' lang='lat' dir='ltr'>laetitia</span> <span class='ocrx_word' id='word_1_417' title='bbox 2195 648 2306 672; x_wconf 89' lang='lat' dir='ltr'>nostra</span> 
     </span>
    </p>
   </div>
   <div class='ocr_carea' id='block_1_21' title="bbox 1339 683 2308 850">
    <p class='ocr_par' dir='ltr' id='par_1_22' title="bbox 1339 683 2308 850">
     <span class='ocr_line' id='line_1_57' title="bbox 1340 683 2305 725; baseline -0.003 -7"><span class='ocrx_word' id='word_1_418' title='bbox 1340 688 1426 719; x_wconf 78' lang='lat' dir='ltr'>lit-ita</span> <span class='ocrx_word' id='word_1_419' title='bbox 1451 687 1503 725; x_wconf 86' lang='lat' dir='ltr'>sit,</span> <span class='ocrx_word' id='word_1_420' title='bbox 1526 685 1556 716; x_wconf 90' lang='lat' dir='ltr'>id</span> <span class='ocrx_word' id='word_1_421' title='bbox 1581 691 1631 716; x_wconf 84' lang='lat' dir='ltr'>est</span> <span class='ocrx_word' id='word_1_422' title='bbox 1653 695 1671 715; x_wconf 88' lang='lat' dir='ltr'>a</span> <span class='ocrx_word' id='word_1_423' title='bbox 1695 684 1776 715; x_wconf 86' lang='lat' dir='ltr'>bona</span> <span class='ocrx_word' id='word_1_424' title='bbox 1799 693 1829 716; x_wconf 84' lang='lat' dir='ltr'>et</span> <span class='ocrx_word' id='word_1_425' title='bbox 1855 685 1937 714; x_wconf 90' lang='lat' dir='ltr'>iusta</span> <span class='ocrx_word' id='word_1_426' title='bbox 1954 693 2049 714; x_wconf 83' lang='lat' dir='ltr'>caiisa</span> <span class='ocrx_word' id='word_1_427' title='bbox 2074 683 2305 723; x_wconf 74' lang='lat' dir='ltr'>proficiscatur,</span> 
     </span>
     <span class='ocr_line' id='line_1_58' title="bbox 1339 726 2302 760; baseline -0.002 0"><span class='ocrx_word' id='word_1_428' title='bbox 1339 738 1368 760; x_wconf 69' lang='lat' dir='ltr'>vt</span> <span class='ocrx_word' id='word_1_429' title='bbox 1394 736 1467 760; x_wconf 82' lang='lat' dir='ltr'>vere</span> <span class='ocrx_word' id='word_1_430' title='bbox 1491 736 1521 759; x_wconf 90' lang='lat' dir='ltr'>et</span> <span class='ocrx_word' id='word_1_431' title='bbox 1545 728 1614 759; x_wconf 89' lang='lat' dir='ltr'>sine</span> <span class='ocrx_word' id='word_1_432' title='bbox 1643 727 1714 758; x_wconf 85' lang='lat' dir='ltr'>fuco</span> <span class='ocrx_word' id='word_1_433' title='bbox 1742 735 1774 758; x_wconf 88' lang='lat' dir='ltr'>et</span> <span class='ocrx_word' id='word_1_434' title='bbox 1797 727 2000 758; x_wconf 82' lang='lat' dir='ltr'>simulatione</span> <span class='ocrx_word' id='word_1_435' title='bbox 2024 726 2086 757; x_wconf 89' lang='lat' dir='ltr'>Dei</span> <span class='ocrx_word' id='word_1_436' title='bbox 2112 736 2228 757; x_wconf 89' lang='lat' dir='ltr'>nomen</span> <span class='ocrx_word' id='word_1_437' title='bbox 2254 728 2302 758; x_wconf 89' lang='lat' dir='ltr'>be-</span> 
     </span>
     <span class='ocr_line' id='line_1_59' title="bbox 1339 768 2305 810; baseline -0.004 -6"><span class='ocrx_word' id='word_1_438' title='bbox 1339 772 1537 807; x_wconf 76' lang='lat' dir='ltr'>nedicamus,</span> <span class='ocrx_word' id='word_1_439' title='bbox 1567 771 1689 810; x_wconf 86' lang='lat' dir='ltr'>quoties</span> <span class='ocrx_word' id='word_1_440' title='bbox 1713 769 1751 800; x_wconf 89' lang='lat' dir='ltr'>de</span> <span class='ocrx_word' id='word_1_441' title='bbox 1777 769 1941 800; x_wconf 86' lang='lat' dir='ltr'>beneficiis</span> <span class='ocrx_word' id='word_1_442' title='bbox 1965 769 2068 808; x_wconf 90' lang='lat' dir='ltr'>ipsius</span> <span class='ocrx_word' id='word_1_443' title='bbox 2100 768 2305 803; x_wconf 88' lang='lat' dir='ltr'>laetabimur.</span> 
     </span>
     <span class='ocr_line' id='line_1_60' title="bbox 1340 810 2308 850; baseline -0.002 -4"><span class='ocrx_word' id='word_1_444' title='bbox 1340 816 1458 846; x_wconf 76' lang='lat' dir='ltr'>Addite</span> <span class='ocrx_word' id='word_1_445' title='bbox 1482 815 1521 845; x_wconf 88' lang='lat' dir='ltr'>ad</span> <span class='ocrx_word' id='word_1_446' title='bbox 1545 815 1660 844; x_wconf 88' lang='lat' dir='ltr'>iustam</span> <span class='ocrx_word' id='word_1_447' title='bbox 1685 823 1813 844; x_wconf 85' lang='lat' dir='ltr'>eausam</span> <span class='ocrx_word' id='word_1_448' title='bbox 1839 814 1935 843; x_wconf 88' lang='lat' dir='ltr'>etiam</span> <span class='ocrx_word' id='word_1_449' title='bbox 1968 810 2232 850; x_wconf 86' lang='lat' dir='ltr'>moderationem,</span> <span class='ocrx_word' id='word_1_450' title='bbox 2266 823 2308 844; x_wconf 86' lang='lat' dir='ltr'>ne</span> 
     </span>
    </p>
   </div>
   <div class='ocr_carea' id='block_1_22' title="bbox 1312 854 2324 896">
    <p class='ocr_par' dir='ltr' id='par_1_23' title="bbox 1312 854 2324 896">
     <span class='ocr_line' id='line_1_61' title="bbox 1312 854 2324 896; baseline -0.003 -7"><span class='ocrx_word' id='word_1_451' title='bbox 1312 886 1313 892; x_wconf 70' lang='grc'>,</span> <span class='ocrx_word' id='word_1_452' title='bbox 1340 866 1375 889; x_wconf 86' lang='lat' dir='ltr'>ut</span> <span class='ocrx_word' id='word_1_453' title='bbox 1399 857 1514 889; x_wconf 86' lang='lat' dir='ltr'>ebriosi</span> <span class='ocrx_word' id='word_1_454' title='bbox 1539 857 1643 888; x_wconf 87' lang='lat' dir='ltr'>solent</span> <span class='ocrx_word' id='word_1_455' title='bbox 1665 856 1751 887; x_wconf 81' lang='lat' dir='ltr'>inter</span> <span class='ocrx_word' id='word_1_456' title='bbox 1776 855 1889 896; x_wconf 88' lang='lat' dir='ltr'>pocula</span> <span class='ocrx_word' id='word_1_457' title='bbox 1913 854 2153 893; x_wconf 72' lang='lat' dir='ltr'>insolescamus,</span> <span class='ocrx_word' id='word_1_458' title='bbox 2183 855 2239 886; x_wconf 85' lang='lat' dir='ltr'>sed</span> <span class='ocrx_word' id='word_1_459' title='bbox 2263 856 2324 890; x_wconf 80' lang='lat' dir='ltr'>ita¹</span> 
     </span>
    </p>
   </div>
   <div class='ocr_carea' id='block_1_23' title="bbox 1339 898 2310 939">
    <p class='ocr_par' dir='ltr' id='par_1_24' title="bbox 1339 898 2310 939">
     <span class='ocr_line' id='line_1_62' title="bbox 1339 898 2310 939; baseline -0.002 -7"><span class='ocrx_word' id='word_1_460' title='bbox 1339 902 1444 932; x_wconf 84' lang='lat' dir='ltr'>sobrie</span> <span class='ocrx_word' id='word_1_461' title='bbox 1452 909 1483 931; x_wconf 86' lang='lat' dir='ltr'>et</span> <span class='ocrx_word' id='word_1_462' title='bbox 1493 905 1710 939; x_wconf 86' lang='lat' dir='ltr'>temperanter</span> <span class='ocrx_word' id='word_1_463' title='bbox 1720 899 1878 937; x_wconf 85' lang='lat' dir='ltr'>vivamus,</span> <span class='ocrx_word' id='word_1_464' title='bbox 1888 898 2031 928; x_wconf 88' lang='lat' dir='ltr'>utDeum</span> <span class='ocrx_word' id='word_1_465' title='bbox 2041 908 2168 937; x_wconf 83' lang='lat' dir='ltr'>semper</span> <span class='ocrx_word' id='word_1_466' title='bbox 2178 898 2310 930; x_wconf 84' lang='lat' dir='ltr'>laudare</span> 
     </span>
    </p>
   </div>
   <div class='ocr_carea' id='block_1_24' title="bbox 1341 940 2323 1024">
    <p class='ocr_par' dir='ltr' id='par_1_25' title="bbox 1341 940 2323 1024">
     <span class='ocr_line' id='line_1_63' title="bbox 1341 940 2323 984; baseline -0.003 -9"><span class='ocrx_word' id='word_1_467' title='bbox 1341 944 1512 984; x_wconf 86' lang='lat' dir='ltr'>possimus,</span> <span class='ocrx_word' id='word_1_468' title='bbox 1539 949 1571 974; x_wconf 89' lang='lat' dir='ltr'>et</span> <span class='ocrx_word' id='word_1_469' title='bbox 1594 942 1626 972; x_wconf 91' lang='lat' dir='ltr'>iii</span> <span class='ocrx_word' id='word_1_470' title='bbox 1652 942 1751 981; x_wconf 84' lang='lat' dir='ltr'>ipsius</span> <span class='ocrx_word' id='word_1_471' title='bbox 1775 951 1917 972; x_wconf 89' lang='lat' dir='ltr'>amorem</span> <span class='ocrx_word' id='word_1_472' title='bbox 1943 940 2047 980; x_wconf 76' lang='lat' dir='ltr'>magis</span> <span class='ocrx_word' id='word_1_473' title='bbox 2071 950 2108 972; x_wconf 85' lang='lat' dir='ltr'>ae</span> <span class='ocrx_word' id='word_1_474' title='bbox 2131 941 2235 980; x_wconf 86' lang='lat' dir='ltr'>magis</span> <span class='ocrx_word' id='word_1_475' title='bbox 2258 941 2323 972; x_wconf 28' lang='lat' dir='ltr'>in-f.</span> 
     </span>
     <span class='ocr_line' id='line_1_64' title="bbox 1341 983 2320 1024; baseline -0.005 -7"><span class='ocrx_word' id='word_1_476' title='bbox 1341 987 1444 1023; x_wconf 86' lang='lat' dir='ltr'>eitari,</span> <span class='ocrx_word' id='word_1_477' title='bbox 1468 987 1685 1024; x_wconf 87' lang='lat' dir='ltr'>maioremque</span> <span class='ocrx_word' id='word_1_478' title='bbox 1709 984 1907 1024; x_wconf 80' lang='lat' dir='ltr'>diligentiam</span> <span class='ocrx_word' id='word_1_479' title='bbox 1928 983 1961 1013; x_wconf 87' lang='lat' dir='ltr'>in</span> <span class='ocrx_word' id='word_1_480' title='bbox 1980 983 2086 1014; x_wconf 74' lang='lat' dir='ltr'>officio</span> <span class='ocrx_word' id='word_1_481' title='bbox 2100 994 2177 1023; x_wconf 87' lang='lat' dir='ltr'>erga</span> <span class='ocrx_word' id='word_1_482' title='bbox 2198 984 2320 1024; x_wconf 82' lang='lat' dir='ltr'>proxi·.</span> 
     </span>
    </p>
   </div>
   <div class='ocr_carea' id='block_1_25' title="bbox 1342 1026 2309 1111">
    <p class='ocr_par' dir='ltr' id='par_1_26' title="bbox 1342 1026 2309 1111">
     <span class='ocr_line' id='line_1_65' title="bbox 1342 1026 2308 1065; baseline -0.002 -5"><span class='ocrx_word' id='word_1_483' title='bbox 1342 1041 1412 1060; x_wconf 87' lang='lat' dir='ltr'>mos</span> <span class='ocrx_word' id='word_1_484' title='bbox 1437 1028 1593 1065; x_wconf 86' lang='lat' dir='ltr'>faciendo,</span> <span class='ocrx_word' id='word_1_485' title='bbox 1624 1034 1655 1058; x_wconf 85' lang='lat' dir='ltr'>et</span> <span class='ocrx_word' id='word_1_486' title='bbox 1683 1027 1715 1057; x_wconf 90' lang='lat' dir='ltr'>in</span> <span class='ocrx_word' id='word_1_487' title='bbox 1740 1028 1905 1058; x_wconf 84' lang='lat' dir='ltr'>vocatione</span> <span class='ocrx_word' id='word_1_488' title='bbox 1934 1026 2126 1057; x_wconf 84' lang='lat' dir='ltr'>fidelitatem</span> <span class='ocrx_word' id='word_1_489' title='bbox 2156 1027 2308 1058; x_wconf 86' lang='lat' dir='ltr'>adhibea-</span> 
     </span>
     <span class='ocr_line' id='line_1_66' title="bbox 1343 1069 2309 1111; baseline -0.004 -7"><span class='ocrx_word' id='word_1_490' title='bbox 1343 1084 1424 1103; x_wconf 87' lang='lat' dir='ltr'>mus.</span> <span class='ocrx_word' id='word_1_491' title='bbox 1449 1072 1527 1102; x_wconf 75' lang='lat' dir='ltr'>&#39;l&#39;ale</span> <span class='ocrx_word' id='word_1_492' title='bbox 1551 1071 1650 1111; x_wconf 81' lang='lat' dir='ltr'>igitur</span> <span class='ocrx_word' id='word_1_493' title='bbox 1669 1080 1737 1101; x_wconf 90' lang='lat' dir='ltr'>esse</span> <span class='ocrx_word' id='word_1_494' title='bbox 1751 1070 2015 1101; x_wconf 75' lang='lat' dir='ltr'>Christianorum</span> <span class='ocrx_word' id='word_1_495' title='bbox 2035 1069 2191 1108; x_wconf 85' lang='lat' dir='ltr'>gaudium</span> <span class='ocrx_word' id='word_1_496' title='bbox 2206 1069 2309 1108; x_wconf 85' lang='lat' dir='ltr'>debet,</span> 
     </span>
    </p>
   </div>
   <div class='ocr_carea' id='block_1_26' title="bbox 326 1112 2311 1286">
    <p class='ocr_par' dir='ltr' id='par_1_27' title="bbox 326 1112 2311 1286">
     <span class='ocr_line' id='line_1_67' title="bbox 1315 1112 2311 1157; baseline 0 -12"><span class='ocrx_word' id='word_1_497' title='bbox 1315 1122 1317 1157; x_wconf 50' lang='grc' dir='ltr'><em>ξ</em></span> <span class='ocrx_word' id='word_1_498' title='bbox 1344 1127 1406 1155; x_wconf 85' lang='lat' dir='ltr'>quo</span> <span class='ocrx_word' id='word_1_499' title='bbox 1429 1115 1533 1155; x_wconf 82' lang='lat' dir='ltr'>magis</span> <span class='ocrx_word' id='word_1_500' title='bbox 1556 1124 1593 1144; x_wconf 88' lang='lat' dir='ltr'>ae</span> <span class='ocrx_word' id='word_1_501' title='bbox 1612 1115 1715 1153; x_wconf 84' lang='lat' dir='ltr'>inagis</span> <span class='ocrx_word' id='word_1_502' title='bbox 1731 1124 1808 1153; x_wconf 88' lang='lat' dir='ltr'>erga</span> <span class='ocrx_word' id='word_1_503' title='bbox 1832 1113 2015 1152; x_wconf 78' lang='lat' dir='ltr'>proximum</span> <span class='ocrx_word' id='word_1_504' title='bbox 2035 1119 2067 1143; x_wconf 89' lang='lat' dir='ltr'>et</span> <span class='ocrx_word' id='word_1_505' title='bbox 2084 1112 2147 1143; x_wconf 87' lang='lat' dir='ltr'>Dei</span> <span class='ocrx_word' id='word_1_506' title='bbox 2167 1123 2311 1145; x_wconf 82' lang='lat' dir='ltr'>amorem</span> 
     </span>
     <span class='ocr_line' id='line_1_68' title="bbox 326 1158 1317 1209; baseline -0.011 -9"><span class='ocrx_word' id='word_1_507' title='bbox 326 1170 440 1209; x_wconf 87' lang='lat' dir='ltr'>ignara</span> <span class='ocrx_word' id='word_1_508' title='bbox 464 1167 526 1197; x_wconf 90' lang='lat' dir='ltr'>diei</span> <span class='ocrx_word' id='word_1_509' title='bbox 558 1171 670 1205; x_wconf 86' lang='lat' dir='ltr'>partus</span> <span class='ocrx_word' id='word_1_510' title='bbox 702 1171 831 1204; x_wconf 87' lang='lat' dir='ltr'>repente</span> <span class='ocrx_word' id='word_1_511' title='bbox 861 1163 1025 1194; x_wconf 85' lang='lat' dir='ltr'>doloribus</span> <span class='ocrx_word' id='word_1_512' title='bbox 1057 1169 1167 1201; x_wconf 89' lang='lat' dir='ltr'>partus</span> <span class='ocrx_word' id='word_1_513' title='bbox 1191 1161 1290 1190; x_wconf 87' lang='lat' dir='ltr'>inter-</span> <span class='ocrx_word' id='word_1_514' title='bbox 1315 1158 1317 1190; x_wconf 64' lang='lat'>&#39;1</span> 
     </span>
     <span class='ocr_line' id='line_1_69' title="bbox 326 1202 1317 1251; baseline -0.011 -8"><span class='ocrx_word' id='word_1_515' title='bbox 326 1212 452 1251; x_wconf 87' lang='lat' dir='ltr'>cipitur.</span> <span class='ocrx_word' id='word_1_516' title='bbox 480 1209 565 1241; x_wconf 81' lang='lat' dir='ltr'>Saue</span> <span class='ocrx_word' id='word_1_517' title='bbox 588 1209 659 1240; x_wconf 84' lang='lat' dir='ltr'>lieet</span> <span class='ocrx_word' id='word_1_518' title='bbox 673 1206 766 1238; x_wconf 87' lang='lat' dir='ltr'>edere</span> <span class='ocrx_word' id='word_1_519' title='bbox 780 1214 811 1237; x_wconf 89' lang='lat' dir='ltr'>et</span> <span class='ocrx_word' id='word_1_520' title='bbox 832 1205 950 1244; x_wconf 85' lang='lat' dir='ltr'>bibere,</span> <span class='ocrx_word' id='word_1_521' title='bbox 974 1205 1048 1236; x_wconf 85' lang='lat' dir='ltr'>lieet</span> <span class='ocrx_word' id='word_1_522' title='bbox 1067 1205 1163 1234; x_wconf 87' lang='lat' dir='ltr'>etiam</span> <span class='ocrx_word' id='word_1_523' title='bbox 1181 1202 1291 1233; x_wconf 88' lang='lat' dir='ltr'>laetari</span> <span class='ocrx_word' id='word_1_524' title='bbox 1316 1214 1317 1225; x_wconf 70' lang='lat'>1</span> 
     </span>
     <span class='ocr_line' id='line_1_70' title="bbox 326 1247 1318 1286; baseline -0.011 -1"><span class='ocrx_word' id='word_1_525' title='bbox 326 1261 356 1286; x_wconf 87' lang='lat' dir='ltr'>et</span> <span class='ocrx_word' id='word_1_526' title='bbox 381 1253 574 1285; x_wconf 77' lang='lat' dir='ltr'>exhilarari:</span> <span class='ocrx_word' id='word_1_527' title='bbox 605 1250 660 1282; x_wconf 86' lang='lat' dir='ltr'>sed</span> <span class='ocrx_word' id='word_1_528' title='bbox 685 1251 717 1281; x_wconf 91' lang='lat' dir='ltr'>in</span> <span class='ocrx_word' id='word_1_529' title='bbox 746 1249 818 1280; x_wconf 86' lang='lat' dir='ltr'>istis</span> <span class='ocrx_word' id='word_1_530' title='bbox 841 1249 990 1279; x_wconf 85' lang='lat' dir='ltr'>omuibus</span> <span class='ocrx_word' id='word_1_531' title='bbox 1013 1247 1142 1278; x_wconf 83' lang='lat' dir='ltr'>moduni</span> <span class='ocrx_word' id='word_1_532' title='bbox 1167 1251 1291 1285; x_wconf 85' lang='lat' dir='ltr'>oportet</span> <span class='ocrx_word' id='word_1_533' title='bbox 1317 1255 1318 1272; x_wconf 72' lang='grc' dir='ltr'>ι</span> 
     </span>
    </p>
   </div>
   <div class='ocr_carea' id='block_1_27' title="bbox 1343 1154 2312 1238">
    <p class='ocr_par' dir='ltr' id='par_1_28' title="bbox 1343 1154 2312 1238">
     <span class='ocr_line' id='line_1_71' title="bbox 1343 1154 2312 1191; baseline -0.003 -2"><span class='ocrx_word' id='word_1_534' title='bbox 1343 1159 1535 1189; x_wconf 73' lang='lat' dir='ltr'>excitentur.</span> <span class='ocrx_word' id='word_1_535' title='bbox 1570 1157 1693 1187; x_wconf 79' lang='lat' dir='ltr'>Contra.</span> <span class='ocrx_word' id='word_1_536' title='bbox 1724 1166 1800 1187; x_wconf 86' lang='lat' dir='ltr'>vero</span> <span class='ocrx_word' id='word_1_537' title='bbox 1830 1154 2040 1186; x_wconf 83' lang='lat' dir='ltr'>metuendum</span> <span class='ocrx_word' id='word_1_538' title='bbox 2065 1163 2122 1191; x_wconf 86' lang='lat' dir='ltr'>est,</span> <span class='ocrx_word' id='word_1_539' title='bbox 2156 1166 2195 1186; x_wconf 88' lang='lat' dir='ltr'>ne</span> <span class='ocrx_word' id='word_1_540' title='bbox 2220 1156 2245 1186; x_wconf 87' lang='lat' dir='ltr'>si</span> <span class='ocrx_word' id='word_1_541' title='bbox 2269 1156 2312 1186; x_wconf 82' lang='lat' dir='ltr'>sit</span> 
     </span>
     <span class='ocr_line' id='line_1_72' title="bbox 1345 1198 2310 1238; baseline -0.003 -6"><span class='ocrx_word' id='word_1_542' title='bbox 1345 1201 1556 1232; x_wconf 67' lang='lat' dir='ltr'>inimo-lerata</span> <span class='ocrx_word' id='word_1_543' title='bbox 1579 1199 1711 1236; x_wconf 89' lang='lat' dir='ltr'>laetitia,</span> <span class='ocrx_word' id='word_1_544' title='bbox 1735 1209 1813 1238; x_wconf 87' lang='lat' dir='ltr'>quas</span> <span class='ocrx_word' id='word_1_545' title='bbox 1839 1209 1956 1238; x_wconf 86' lang='lat' dir='ltr'>poenas</span> <span class='ocrx_word' id='word_1_546' title='bbox 1974 1198 2064 1229; x_wconf 87' lang='lat' dir='ltr'>Deus</span> <span class='ocrx_word' id='word_1_547' title='bbox 2090 1198 2230 1229; x_wconf 87' lang='lat' dir='ltr'>minatur</span> <span class='ocrx_word' id='word_1_548' title='bbox 2252 1198 2310 1229; x_wconf 89' lang='lat' dir='ltr'>im-</span> 
     </span>
    </p>
   </div>
   <div class='ocr_carea' id='block_1_28' title="bbox 1346 1241 2324 1281">
    <p class='ocr_par' dir='ltr' id='par_1_29' title="bbox 1346 1241 2324 1281">
     <span class='ocr_line' id='line_1_73' title="bbox 1346 1241 2324 1281; baseline -0.006 -6"><span class='ocrx_word' id='word_1_549' title='bbox 1346 1244 1519 1275; x_wconf 82' lang='lat' dir='ltr'>moderatis</span> <span class='ocrx_word' id='word_1_550' title='bbox 1544 1248 1575 1273; x_wconf 88' lang='lat' dir='ltr'>et</span> <span class='ocrx_word' id='word_1_551' title='bbox 1598 1242 1895 1281; x_wconf 84' lang='lat' dir='ltr'>intemperantibus,</span> <span class='ocrx_word' id='word_1_552' title='bbox 1920 1249 1950 1271; x_wconf 88' lang='lat' dir='ltr'>et</span> <span class='ocrx_word' id='word_1_553' title='bbox 1975 1241 2196 1280; x_wconf 78' lang='lat' dir='ltr'>proximorum</span> <span class='ocrx_word' id='word_1_554' title='bbox 2221 1241 2324 1272; x_wconf 57' lang='lat' dir='ltr'>dam«.</span> 
     </span>
    </p>
   </div>
   <div class='ocr_carea' id='block_1_29' title="bbox 1346 1283 2314 1453">
    <p class='ocr_par' dir='ltr' id='par_1_30' title="bbox 1346 1283 2314 1453">
     <span class='ocr_line' id='line_1_74' title="bbox 1346 1283 2312 1324; baseline -0.004 -6"><span class='ocrx_word' id='word_1_555' title='bbox 1346 1289 1395 1319; x_wconf 86' lang='lat' dir='ltr'>nis</span> <span class='ocrx_word' id='word_1_556' title='bbox 1419 1298 1451 1317; x_wconf 85' lang='lat' dir='ltr'>se</span> <span class='ocrx_word' id='word_1_557' title='bbox 1475 1285 1684 1317; x_wconf 80' lang='lat' dir='ltr'>efferentibus</span> <span class='ocrx_word' id='word_1_558' title='bbox 1707 1285 1741 1315; x_wconf 90' lang='lat' dir='ltr'>in</span> <span class='ocrx_word' id='word_1_559' title='bbox 1760 1284 1864 1324; x_wconf 76' lang='lat' dir='ltr'>capita</span> <span class='ocrx_word' id='word_1_560' title='bbox 1878 1291 1989 1315; x_wconf 86' lang='lat' dir='ltr'>nostra</span> <span class='ocrx_word' id='word_1_561' title='bbox 2007 1283 2206 1316; x_wconf 82' lang='lat' dir='ltr'>derivemus.</span> <span class='ocrx_word' id='word_1_562' title='bbox 2224 1283 2312 1322; x_wconf 81' lang='lat' dir='ltr'>Quid</span> 
     </span>
     <span class='ocr_line' id='line_1_75' title="bbox 1346 1327 2313 1367; baseline -0.004 -6"><span class='ocrx_word' id='word_1_563' title='bbox 1346 1332 1391 1361; x_wconf 87' lang='lat' dir='ltr'>ita</span> <span class='ocrx_word' id='word_1_564' title='bbox 1415 1328 1514 1360; x_wconf 79' lang='lat' dir='ltr'>vero?</span> <span class='ocrx_word' id='word_1_565' title='bbox 1549 1328 1673 1367; x_wconf 90' lang='lat' dir='ltr'>Nempe</span> <span class='ocrx_word' id='word_1_566' title='bbox 1705 1327 1793 1358; x_wconf 86' lang='lat' dir='ltr'>Deus</span> <span class='ocrx_word' id='word_1_567' title='bbox 1826 1327 1897 1358; x_wconf 90' lang='lat' dir='ltr'>vult</span> <span class='ocrx_word' id='word_1_568' title='bbox 1921 1337 1976 1358; x_wconf 88' lang='lat' dir='ltr'>nos</span> <span class='ocrx_word' id='word_1_569' title='bbox 2007 1336 2105 1366; x_wconf 89' lang='lat' dir='ltr'>quam</span> <span class='ocrx_word' id='word_1_570' title='bbox 2127 1327 2169 1357; x_wconf 84' lang='lat' dir='ltr'>sit</span> <span class='ocrx_word' id='word_1_571' title='bbox 2191 1327 2313 1358; x_wconf 76' lang='lat' dir='ltr'>caduca</span> 
     </span>
     <span class='ocr_line' id='line_1_76' title="bbox 1346 1369 2313 1413; baseline -0.004 -9"><span class='ocrx_word' id='word_1_572' title='bbox 1346 1380 1377 1405; x_wconf 88' lang='lat' dir='ltr'>et</span> <span class='ocrx_word' id='word_1_573' title='bbox 1390 1373 1514 1413; x_wconf 83' lang='lat' dir='ltr'>fragilis</span> <span class='ocrx_word' id='word_1_574' title='bbox 1528 1372 1602 1408; x_wconf 88' lang='lat' dir='ltr'>vita,</span> <span class='ocrx_word' id='word_1_575' title='bbox 1625 1370 1775 1410; x_wconf 82' lang='lat' dir='ltr'>quodque</span> <span class='ocrx_word' id='word_1_576' title='bbox 1789 1370 1928 1400; x_wconf 85' lang='lat' dir='ltr'>miseriis</span> <span class='ocrx_word' id='word_1_577' title='bbox 1947 1369 2085 1400; x_wconf 79' lang='lat' dir='ltr'>obnoxia</span> <span class='ocrx_word' id='word_1_578' title='bbox 2098 1369 2313 1407; x_wconf 80' lang='lat' dir='ltr'>considerare,</span> 
     </span>
     <span class='ocr_line' id='line_1_77' title="bbox 1346 1412 2314 1453; baseline -0.006 -5"><span class='ocrx_word' id='word_1_579' title='bbox 1346 1423 1382 1448; x_wconf 93' lang='lat' dir='ltr'>ut</span> <span class='ocrx_word' id='word_1_580' title='bbox 1423 1415 1480 1447; x_wconf 87' lang='lat' dir='ltr'>sub</span> <span class='ocrx_word' id='word_1_581' title='bbox 1521 1415 1647 1446; x_wconf 82' lang='lat' dir='ltr'>alai-uin</span> <span class='ocrx_word' id='word_1_582' title='bbox 1688 1414 1788 1453; x_wconf 89' lang='lat' dir='ltr'>ipsius</span> <span class='ocrx_word' id='word_1_583' title='bbox 1829 1412 1943 1443; x_wconf 85' lang='lat' dir='ltr'>umbra</span> <span class='ocrx_word' id='word_1_584' title='bbox 1980 1423 2035 1443; x_wconf 87' lang='lat' dir='ltr'>nos</span> <span class='ocrx_word' id='word_1_585' title='bbox 2077 1412 2314 1448; x_wconf 78' lang='lat' dir='ltr'>contineamus,</span> 
     </span>
    </p>
   </div>
   <div class='ocr_carea' id='block_1_30' title="bbox 330 1426 2324 1749">
    <p class='ocr_par' dir='ltr' id='par_1_31' title="bbox 330 1426 2324 1749">
     <span class='ocr_line' id='line_1_78' title="bbox 1319 1426 2324 1502; baseline -0.005 -12"><span class='ocrx_word' id='word_1_586' title='bbox 1319 1426 1321 1502; x_wconf 64' lang='lat' dir='ltr'>i</span> <span class='ocrx_word' id='word_1_587' title='bbox 1348 1470 1451 1499; x_wconf 89' lang='lat' dir='ltr'>neque</span> <span class='ocrx_word' id='word_1_588' title='bbox 1476 1457 1603 1488; x_wconf 86' lang='lat' dir='ltr'>delitias</span> <span class='ocrx_word' id='word_1_589' title='bbox 1627 1457 1717 1487; x_wconf 87' lang='lat' dir='ltr'>nobis</span> <span class='ocrx_word' id='word_1_590' title='bbox 1741 1456 1905 1492; x_wconf 82' lang='lat' dir='ltr'>faciainus,</span> <span class='ocrx_word' id='word_1_591' title='bbox 1936 1462 1968 1486; x_wconf 84' lang='lat' dir='ltr'>et</span> <span class='ocrx_word' id='word_1_592' title='bbox 1997 1465 2160 1486; x_wconf 84' lang='lat' dir='ltr'>suminam</span> <span class='ocrx_word' id='word_1_593' title='bbox 2184 1465 2220 1486; x_wconf 86' lang='lat' dir='ltr'>ae</span> <span class='ocrx_word' id='word_1_594' title='bbox 2244 1465 2324 1495; x_wconf 57' lang='lat' dir='ltr'>per-,-</span> 
     </span>
     <span class='ocr_line' id='line_1_79' title="bbox 330 1498 2231 1560; baseline -0.009 -18"><span class='ocrx_word' id='word_1_595' title='bbox 330 1517 390 1549; x_wconf 90' lang='lat' dir='ltr'>tas,</span> <span class='ocrx_word' id='word_1_596' title='bbox 414 1510 474 1541; x_wconf 86' lang='lat' dir='ltr'>etsi</span> <span class='ocrx_word' id='word_1_597' title='bbox 495 1514 686 1549; x_wconf 83' lang='lat' dir='ltr'>potestatem</span> <span class='ocrx_word' id='word_1_598' title='bbox 701 1507 790 1537; x_wconf 81' lang='lat' dir='ltr'>Deus</span> <span class='ocrx_word' id='word_1_599' title='bbox 809 1505 937 1537; x_wconf 84' lang='lat' dir='ltr'>ademit.</span> <span class='ocrx_word' id='word_1_600' title='bbox 962 1505 1045 1536; x_wconf 85' lang='lat' dir='ltr'>Nam</span> <span class='ocrx_word' id='word_1_601' title='bbox 1065 1504 1158 1535; x_wconf 85' lang='lat' dir='ltr'>domo</span> <span class='ocrx_word' id='word_1_602' title='bbox 1173 1503 1294 1543; x_wconf 77' lang='lat' dir='ltr'>egressi</span> <span class='ocrx_word' id='word_1_603' title='bbox 1319 1520 1321 1560; x_wconf 48' lang='grc' dir='ltr'>ι</span> <span class='ocrx_word' id='word_1_604' title='bbox 2227 1498 2231 1502; x_wconf 90' lang='grc'><strong>“</strong></span> 
     </span>
     <span class='ocr_line' id='line_1_80' title="bbox 331 1548 1322 1588; baseline -0.009 -3"><span class='ocrx_word' id='word_1_605' title='bbox 331 1560 425 1585; x_wconf 82' lang='lat' dir='ltr'>erant</span> <span class='ocrx_word' id='word_1_606' title='bbox 449 1552 509 1583; x_wconf 84' lang='lat' dir='ltr'>hoe</span> <span class='ocrx_word' id='word_1_607' title='bbox 531 1551 675 1583; x_wconf 83' lang='lat' dir='ltr'>consilio.</span> <span class='ocrx_word' id='word_1_608' title='bbox 705 1550 922 1588; x_wconf 74' lang='lat' dir='ltr'>Quamobrem</span> <span class='ocrx_word' id='word_1_609' title='bbox 950 1548 1076 1588; x_wconf 80' lang='lat' dir='ltr'>praedis</span> <span class='ocrx_word' id='word_1_610' title='bbox 1099 1548 1165 1578; x_wconf 84' lang='lat' dir='ltr'>suis</span> <span class='ocrx_word' id='word_1_611' title='bbox 1189 1554 1219 1577; x_wconf 88' lang='lat' dir='ltr'>et</span> <span class='ocrx_word' id='word_1_612' title='bbox 1245 1557 1294 1576; x_wconf 86' lang='lat' dir='ltr'>ra-</span> <span class='ocrx_word' id='word_1_613' title='bbox 1320 1562 1322 1581; x_wconf 59' lang='grc' dir='ltr'>ι</span> 
     </span>
     <span class='ocr_line' id='line_1_81' title="bbox 331 1590 1457 1666; baseline -0.008 -39"><span class='ocrx_word' id='word_1_614' title='bbox 331 1597 416 1637; x_wconf 84' lang='lat' dir='ltr'>pinis</span> <span class='ocrx_word' id='word_1_615' title='bbox 441 1602 616 1630; x_wconf 75' lang='lat' dir='ltr'>vescentes,</span> <span class='ocrx_word' id='word_1_616' title='bbox 647 1600 677 1624; x_wconf 89' lang='lat' dir='ltr'>et</span> <span class='ocrx_word' id='word_1_617' title='bbox 708 1593 812 1623; x_wconf 87' lang='lat' dir='ltr'>alieno</span> <span class='ocrx_word' id='word_1_618' title='bbox 841 1603 910 1623; x_wconf 79' lang='lat' dir='ltr'>sese</span> <span class='ocrx_word' id='word_1_619' title='bbox 941 1591 1161 1621; x_wconf 81' lang='lat' dir='ltr'>exhilarantes</span> <span class='ocrx_word' id='word_1_620' title='bbox 1186 1600 1293 1629; x_wconf 77' lang='lat' dir='ltr'>pecca·</span> <span class='ocrx_word' id='word_1_621' title='bbox 1320 1604 1323 1666; x_wconf 35' lang='grc' dir='ltr'>ι</span> <span class='ocrx_word' id='word_1_622' title='bbox 1349 1590 1457 1620; x_wconf 80' lang='lat' dir='ltr'>simus.</span> 
     </span>
     <span class='ocr_line' id='line_1_82' title="bbox 1322 1681 1323 1696; baseline 0 0"><span class='ocrx_word' id='word_1_623' title='bbox 1322 1681 1323 1696; x_wconf 87' lang='lat' dir='ltr'>l</span> 
     </span>
     <span class='ocr_line' id='line_1_83' title="bbox 1322 1734 1323 1749; baseline 0 0"><span class='ocrx_word' id='word_1_624' title='bbox 1322 1734 1323 1749; x_wconf 87' lang='lat' dir='ltr'>l</span> 
     </span>
    </p>
   </div>
   <div class='ocr_carea' id='block_1_31' title="bbox 1348 1498 2313 1543">
    <p class='ocr_par' dir='ltr' id='par_1_32' title="bbox 1348 1498 2313 1543">
     <span class='ocr_line' id='line_1_84' title="bbox 1348 1498 2313 1543; baseline -0.004 -11"><span class='ocrx_word' id='word_1_625' title='bbox 1348 1510 1477 1543; x_wconf 78' lang='lat' dir='ltr'>petuam</span> <span class='ocrx_word' id='word_1_626' title='bbox 1492 1500 1761 1540; x_wconf 85' lang='lat' dir='ltr'>tranquillitatem</span> <span class='ocrx_word' id='word_1_627' title='bbox 1776 1498 1867 1529; x_wconf 88' lang='lat' dir='ltr'>nobis</span> <span class='ocrx_word' id='word_1_628' title='bbox 1881 1499 2118 1538; x_wconf 87' lang='lat' dir='ltr'>promittamus,</span> <span class='ocrx_word' id='word_1_629' title='bbox 2142 1508 2234 1537; x_wconf 86' lang='lat' dir='ltr'>quasi</span> <span class='ocrx_word' id='word_1_630' title='bbox 2249 1507 2313 1529; x_wconf 85' lang='lat' dir='ltr'>non</span> 
     </span>
    </p>
   </div>
   <div class='ocr_carea' id='block_1_32' title="bbox 1348 1541 2326 1585">
    <p class='ocr_par' dir='ltr' id='par_1_33' title="bbox 1348 1541 2326 1585">
     <span class='ocr_line' id='line_1_85' title="bbox 1348 1541 2326 1585; baseline -0.005 -9"><span class='ocrx_word' id='word_1_631' title='bbox 1348 1545 1487 1585; x_wconf 86' lang='lat' dir='ltr'>amplius</span> <span class='ocrx_word' id='word_1_632' title='bbox 1510 1545 1612 1584; x_wconf 85' lang='lat' dir='ltr'>ipsius</span> <span class='ocrx_word' id='word_1_633' title='bbox 1635 1553 1695 1582; x_wconf 86' lang='lat' dir='ltr'>ope</span> <span class='ocrx_word' id='word_1_634' title='bbox 1718 1541 1929 1582; x_wconf 83' lang='lat' dir='ltr'>indigeamus,</span> <span class='ocrx_word' id='word_1_635' title='bbox 1963 1542 2012 1572; x_wconf 83' lang='lat' dir='ltr'>vel</span> <span class='ocrx_word' id='word_1_636' title='bbox 2036 1541 2106 1580; x_wconf 88' lang='lat' dir='ltr'>ipso</span> <span class='ocrx_word' id='word_1_637' title='bbox 2129 1541 2326 1580; x_wconf 75' lang='lat' dir='ltr'>superiore-s.</span> 
     </span>
    </p>
   </div>
   <div class='ocr_carea' id='block_1_33' title="bbox 1349 1626 2322 1757">
    <p class='ocr_par' dir='ltr' id='par_1_34' title="bbox 1349 1626 2322 1757">
     <span class='ocr_line' id='line_1_86' title="bbox 1435 1626 2314 1670; baseline -0.003 -10"><span class='ocrx_word' id='word_1_638' title='bbox 1435 1630 1522 1661; x_wconf 86' lang='lat' dir='ltr'>Hine</span> <span class='ocrx_word' id='word_1_639' title='bbox 1554 1637 1720 1670; x_wconf 85' lang='lat' dir='ltr'>praeterea</span> <span class='ocrx_word' id='word_1_640' title='bbox 1754 1626 1933 1658; x_wconf 81' lang='lat' dir='ltr'>notandum</span> <span class='ocrx_word' id='word_1_641' title='bbox 1967 1633 2026 1667; x_wconf 85' lang='lat' dir='ltr'>est,</span> <span class='ocrx_word' id='word_1_642' title='bbox 2065 1628 2173 1658; x_wconf 88' lang='lat' dir='ltr'>Deum</span> <span class='ocrx_word' id='word_1_643' title='bbox 2208 1626 2314 1658; x_wconf 90' lang='lat' dir='ltr'>inimi-</span> 
     </span>
     <span class='ocr_line' id='line_1_87' title="bbox 1349 1670 2322 1712; baseline -0.006 -7"><span class='ocrx_word' id='word_1_644' title='bbox 1349 1686 1402 1706; x_wconf 88' lang='lat' dir='ltr'>cos</span> <span class='ocrx_word' id='word_1_645' title='bbox 1433 1681 1561 1704; x_wconf 86' lang='lat' dir='ltr'>nostros</span> <span class='ocrx_word' id='word_1_646' title='bbox 1591 1672 1794 1712; x_wconf 76' lang='lat' dir='ltr'>perditui-uni</span> <span class='ocrx_word' id='word_1_647' title='bbox 1832 1670 1909 1710; x_wconf 85' lang='lat' dir='ltr'>ipsis</span> <span class='ocrx_word' id='word_1_648' title='bbox 1942 1680 2072 1700; x_wconf 89' lang='lat' dir='ltr'>sensum</span> <span class='ocrx_word' id='word_1_649' title='bbox 2109 1676 2139 1700; x_wconf 89' lang='lat' dir='ltr'>et</span> <span class='ocrx_word' id='word_1_650' title='bbox 2173 1676 2322 1700; x_wconf 58' lang='lat' dir='ltr'>mentem.</span> 
     </span>
     <span class='ocr_line' id='line_1_88' title="bbox 1351 1711 2316 1757; baseline -0.004 -9"><span class='ocrx_word' id='word_1_651' title='bbox 1351 1728 1482 1757; x_wconf 86' lang='lat' dir='ltr'>eripere.</span> <span class='ocrx_word' id='word_1_652' title='bbox 1508 1716 1658 1755; x_wconf 84' lang='lat' dir='ltr'>Exempli</span> <span class='ocrx_word' id='word_1_653' title='bbox 1681 1714 1795 1755; x_wconf 83' lang='lat' dir='ltr'>gratia,</span> <span class='ocrx_word' id='word_1_654' title='bbox 1821 1723 1935 1743; x_wconf 88' lang='lat' dir='ltr'>verum</span> <span class='ocrx_word' id='word_1_655' title='bbox 1959 1720 2007 1743; x_wconf 89' lang='lat' dir='ltr'>est</span> <span class='ocrx_word' id='word_1_656' title='bbox 2031 1713 2162 1752; x_wconf 87' lang='lat' dir='ltr'>quidem</span> <span class='ocrx_word' id='word_1_657' title='bbox 2187 1711 2316 1744; x_wconf 82' lang='lat' dir='ltr'>Amale-</span> 
     </span>
    </p>
   </div>
   <div class='ocr_carea' id='block_1_34' title="bbox 1351 1754 2326 1799">
    <p class='ocr_par' dir='ltr' id='par_1_35' title="bbox 1351 1754 2326 1799">
     <span class='ocr_line' id='line_1_89' title="bbox 1351 1754 2326 1799; baseline -0.005 -7"><span class='ocrx_word' id='word_1_658' title='bbox 1351 1762 1429 1792; x_wconf 84' lang='lat' dir='ltr'>eitas</span> <span class='ocrx_word' id='word_1_659' title='bbox 1449 1758 1621 1799; x_wconf 84' lang='lat' dir='ltr'>prudentia</span> <span class='ocrx_word' id='word_1_660' title='bbox 1634 1757 1772 1797; x_wconf 88' lang='lat' dir='ltr'>quadani</span> <span class='ocrx_word' id='word_1_661' title='bbox 1785 1756 1960 1788; x_wconf 77' lang='lat' dir='ltr'>coniecisse</span> <span class='ocrx_word' id='word_1_662' title='bbox 1974 1755 2136 1786; x_wconf 85' lang='lat' dir='ltr'>Davidem</span> <span class='ocrx_word' id='word_1_663' title='bbox 2149 1755 2182 1786; x_wconf 92' lang='lat' dir='ltr'>in</span> <span class='ocrx_word' id='word_1_664' title='bbox 2197 1754 2326 1790; x_wconf 77' lang='lat' dir='ltr'>bellum,-</span> 
     </span>
    </p>
   </div>
   <div class='ocr_carea' id='block_1_35' title="bbox 1351 1798 2325 1886">
    <p class='ocr_par' dir='ltr' id='par_1_36' title="bbox 1351 1798 2325 1886">
     <span class='ocr_line' id='line_1_90' title="bbox 1351 1798 2325 1840; baseline -0.005 -5"><span class='ocrx_word' id='word_1_665' title='bbox 1351 1815 1424 1835; x_wconf 91' lang='lat' dir='ltr'>eum</span> <span class='ocrx_word' id='word_1_666' title='bbox 1448 1802 1635 1833; x_wconf 83' lang='lat' dir='ltr'>Philistaeis</span> <span class='ocrx_word' id='word_1_667' title='bbox 1665 1800 1854 1840; x_wconf 79' lang='lat' dir='ltr'>profectum,</span> <span class='ocrx_word' id='word_1_668' title='bbox 1886 1809 1949 1829; x_wconf 90' lang='lat' dir='ltr'>non</span> <span class='ocrx_word' id='word_1_669' title='bbox 1980 1798 2143 1830; x_wconf 76' lang='lat' dir='ltr'>facturum</span> <span class='ocrx_word' id='word_1_670' title='bbox 2174 1799 2207 1828; x_wconf 89' lang='lat' dir='ltr'>in</span> <span class='ocrx_word' id='word_1_671' title='bbox 2231 1802 2325 1838; x_wconf 56' lang='lat' dir='ltr'>ipsos&gt;</span> 
     </span>
     <span class='ocr_line' id='line_1_91' title="bbox 1353 1840 2325 1886; baseline -0.004 -9"><span class='ocrx_word' id='word_1_672' title='bbox 1353 1848 1517 1886; x_wconf 87' lang='lat' dir='ltr'>impetum,</span> <span class='ocrx_word' id='word_1_673' title='bbox 1547 1853 1578 1876; x_wconf 90' lang='lat' dir='ltr'>et</span> <span class='ocrx_word' id='word_1_674' title='bbox 1601 1844 1800 1875; x_wconf 85' lang='lat' dir='ltr'>oeeasioneni</span> <span class='ocrx_word' id='word_1_675' title='bbox 1831 1842 2004 1881; x_wconf 83' lang='lat' dir='ltr'>arripuisse</span> <span class='ocrx_word' id='word_1_676' title='bbox 2035 1852 2076 1872; x_wconf 76' lang='lat' dir='ltr'>ex</span> <span class='ocrx_word' id='word_1_677' title='bbox 2100 1840 2237 1872; x_wconf 85' lang='lat' dir='ltr'>Davidis</span> <span class='ocrx_word' id='word_1_678' title='bbox 2261 1841 2325 1873; x_wconf 74' lang='lat' dir='ltr'>ab-r·</span> 
     </span>
    </p>
   </div>
   <div class='ocr_carea' id='block_1_36' title="bbox 334 1884 2327 1977">
    <p class='ocr_par' dir='ltr' id='par_1_37' title="bbox 334 1884 2327 1977">
     <span class='ocr_line' id='line_1_92' title="bbox 1325 1884 2327 1927; baseline -0.006 -7"><span class='ocrx_word' id='word_1_679' title='bbox 1325 1920 1326 1925; x_wconf 64' lang='grc'>,</span> <span class='ocrx_word' id='word_1_680' title='bbox 1353 1890 1457 1920; x_wconf 80' lang='lat' dir='ltr'>sentia</span> <span class='ocrx_word' id='word_1_681' title='bbox 1481 1889 1512 1919; x_wconf 91' lang='lat' dir='ltr'>in</span> <span class='ocrx_word' id='word_1_682' title='bbox 1533 1888 1632 1927; x_wconf 86' lang='lat' dir='ltr'>ipsius</span> <span class='ocrx_word' id='word_1_683' title='bbox 1655 1887 1737 1917; x_wconf 88' lang='lat' dir='ltr'>bona</span> <span class='ocrx_word' id='word_1_684' title='bbox 1756 1885 1932 1919; x_wconf 76' lang='lat' dir='ltr'>involandi.</span> <span class='ocrx_word' id='word_1_685' title='bbox 1955 1893 2123 1924; x_wconf 83' lang='lat' dir='ltr'>sperantes</span> <span class='ocrx_word' id='word_1_686' title='bbox 2139 1895 2173 1915; x_wconf 85' lang='lat' dir='ltr'>se</span> <span class='ocrx_word' id='word_1_687' title='bbox 2185 1884 2327 1918; x_wconf 63' lang='lat' dir='ltr'>absente.</span> 
     </span>
     <span class='ocr_line' id='line_1_93' title="bbox 334 1928 1326 1977; baseline -0.007 -9"><span class='ocrx_word' id='word_1_688' title='bbox 334 1948 438 1977; x_wconf 83' lang='lat' dir='ltr'>neque</span> <span class='ocrx_word' id='word_1_689' title='bbox 463 1944 593 1977; x_wconf 81' lang='lat' dir='ltr'>propter</span> <span class='ocrx_word' id='word_1_690' title='bbox 624 1935 814 1966; x_wconf 84' lang='lat' dir='ltr'>alflietorum</span> <span class='ocrx_word' id='word_1_691' title='bbox 842 1941 871 1965; x_wconf 86' lang='lat' dir='ltr'>et</span> <span class='ocrx_word' id='word_1_692' title='bbox 896 1934 1116 1965; x_wconf 81' lang='lat' dir='ltr'>iiinoeeiitiiiin</span> <span class='ocrx_word' id='word_1_693' title='bbox 1141 1933 1299 1973; x_wconf 80' lang='lat' dir='ltr'>gemitum</span> <span class='ocrx_word' id='word_1_694' title='bbox 1325 1928 1326 1960; x_wconf 63' lang='grc' dir='ltr'>Ξ</span> 
     </span>
    </p>
   </div>
   <div class='ocr_carea' id='block_1_37' title="bbox 1326 1927 2326 2056">
    <p class='ocr_par' dir='ltr' id='par_1_38' title="bbox 1326 1927 2326 2056">
     <span class='ocr_line' id='line_1_94' title="bbox 1354 1927 2326 1970; baseline -0.006 -7"><span class='ocrx_word' id='word_1_695' title='bbox 1354 1932 1479 1963; x_wconf 83' lang='lat' dir='ltr'>Davide</span> <span class='ocrx_word' id='word_1_696' title='bbox 1511 1939 1540 1961; x_wconf 85' lang='lat' dir='ltr'>et</span> <span class='ocrx_word' id='word_1_697' title='bbox 1572 1931 1673 1970; x_wconf 85' lang='lat' dir='ltr'>ipsius</span> <span class='ocrx_word' id='word_1_698' title='bbox 1703 1927 1857 1959; x_wconf 85' lang='lat' dir='ltr'>militibus</span> <span class='ocrx_word' id='word_1_699' title='bbox 1887 1927 1998 1958; x_wconf 85' lang='lat' dir='ltr'>urbem</span> <span class='ocrx_word' id='word_1_700' title='bbox 2030 1937 2255 1967; x_wconf 83' lang='lat' dir='ltr'>aggressuros,</span> <span class='ocrx_word' id='word_1_701' title='bbox 2286 1932 2326 1962; x_wconf 71' lang='lat' dir='ltr'>etl</span> 
     </span>
     <span class='ocr_line' id='line_1_95' title="bbox 1355 1970 2325 2015; baseline -0.005 -10"><span class='ocrx_word' id='word_1_702' title='bbox 1355 1976 1463 2015; x_wconf 81' lang='lat' dir='ltr'>plenas</span> <span class='ocrx_word' id='word_1_703' title='bbox 1486 1974 1599 2014; x_wconf 83' lang='lat' dir='ltr'>opibus</span> <span class='ocrx_word' id='word_1_704' title='bbox 1619 1972 1731 2003; x_wconf 78' lang='lat' dir='ltr'>domos</span> <span class='ocrx_word' id='word_1_705' title='bbox 1750 1971 1972 2011; x_wconf 83' lang='lat' dir='ltr'>praedaturos,</span> <span class='ocrx_word' id='word_1_706' title='bbox 1996 1976 2026 2000; x_wconf 85' lang='lat' dir='ltr'>et</span> <span class='ocrx_word' id='word_1_707' title='bbox 2046 1970 2150 2001; x_wconf 81' lang='lat' dir='ltr'>multa</span> <span class='ocrx_word' id='word_1_708' title='bbox 2171 1975 2325 2001; x_wconf 50' lang='lat' dir='ltr'>arment-a.¹</span> 
     </span>
     <span class='ocr_line' id='line_1_96' title="bbox 1326 2012 2325 2056; baseline -0.004 -8"><span class='ocrx_word' id='word_1_709' title='bbox 1326 2037 1327 2056; x_wconf 38' lang='grc' dir='ltr'>ι</span> <span class='ocrx_word' id='word_1_710' title='bbox 1355 2018 1536 2056; x_wconf 84' lang='lat' dir='ltr'>multosque</span> <span class='ocrx_word' id='word_1_711' title='bbox 1566 2026 1681 2056; x_wconf 81' lang='lat' dir='ltr'>greges</span> <span class='ocrx_word' id='word_1_712' title='bbox 1711 2014 1899 2045; x_wconf 81' lang='lat' dir='ltr'>abacturos:</span> <span class='ocrx_word' id='word_1_713' title='bbox 1931 2012 2069 2052; x_wconf 85' lang='lat' dir='ltr'>denique</span> <span class='ocrx_word' id='word_1_714' title='bbox 2099 2013 2169 2044; x_wconf 85' lang='lat' dir='ltr'>sine</span> <span class='ocrx_word' id='word_1_715' title='bbox 2200 2021 2325 2052; x_wconf 63' lang='lat' dir='ltr'>magnai</span> 
     </span>
    </p>
   </div>
   <div class='ocr_carea' id='block_1_38' title="bbox 1325 1988 2326 2141">
    <p class='ocr_par' dir='ltr' id='par_1_39' title="bbox 1325 1988 2326 2141">
     <span class='ocr_line' id='line_1_97' title="bbox 1325 1988 1327 2036; baseline 0 0"><span class='ocrx_word' id='word_1_716' title='bbox 1325 1988 1327 2036; x_wconf 64' lang='grc' dir='ltr'>ἶ</span> 
     </span>
     <span class='ocr_line' id='line_1_98' title="bbox 1326 2054 2326 2101; baseline -0.004 -10"><span class='ocrx_word' id='word_1_717' title='bbox 1326 2074 1328 2101; x_wconf 56' lang='lat' dir='ltr'>i</span> <span class='ocrx_word' id='word_1_718' title='bbox 1355 2061 1384 2091; x_wconf 85' lang='lat' dir='ltr'>vi</span> <span class='ocrx_word' id='word_1_719' title='bbox 1410 2059 1561 2100; x_wconf 82' lang='lat' dir='ltr'>praedam</span> <span class='ocrx_word' id='word_1_720' title='bbox 1584 2060 1744 2099; x_wconf 81' lang='lat' dir='ltr'>insignem</span> <span class='ocrx_word' id='word_1_721' title='bbox 1778 2058 1927 2092; x_wconf 76' lang='lat' dir='ltr'>facturos,</span> <span class='ocrx_word' id='word_1_722' title='bbox 1960 2056 2110 2095; x_wconf 74' lang='lat' dir='ltr'>profectis</span> <span class='ocrx_word' id='word_1_723' title='bbox 2141 2055 2172 2085; x_wconf 93' lang='lat' dir='ltr'>in</span> <span class='ocrx_word' id='word_1_724' title='bbox 2199 2054 2326 2089; x_wconf 84' lang='lat' dir='ltr'>bellum,</span> 
     </span>
     <span class='ocr_line' id='line_1_99' title="bbox 1326 2115 1328 2141; baseline 0 0"><span class='ocrx_word' id='word_1_725' title='bbox 1326 2115 1328 2141; x_wconf 84' lang='lat' dir='ltr'>l</span> 
     </span>
    </p>
   </div>
   <div class='ocr_carea' id='block_1_39' title="bbox 1327 2097 2325 2223">
    <p class='ocr_par' dir='ltr' id='par_1_40' title="bbox 1327 2097 2325 2223">
     <span class='ocr_line' id='line_1_100' title="bbox 1354 2097 2317 2139; baseline -0.007 -5"><span class='ocrx_word' id='word_1_726' title='bbox 1354 2114 1426 2135; x_wconf 85' lang='lat' dir='ltr'>euni</span> <span class='ocrx_word' id='word_1_727' title='bbox 1449 2102 1574 2133; x_wconf 85' lang='lat' dir='ltr'>Davide</span> <span class='ocrx_word' id='word_1_728' title='bbox 1594 2101 1776 2132; x_wconf 81' lang='lat' dir='ltr'>fortissimis</span> <span class='ocrx_word' id='word_1_729' title='bbox 1795 2100 1982 2139; x_wconf 85' lang='lat' dir='ltr'>quibusque.</span> <span class='ocrx_word' id='word_1_730' title='bbox 2008 2098 2100 2129; x_wconf 83' lang='lat' dir='ltr'>Talia</span> <span class='ocrx_word' id='word_1_731' title='bbox 2124 2097 2222 2128; x_wconf 80' lang='lat' dir='ltr'>fuisse</span> <span class='ocrx_word' id='word_1_732' title='bbox 2241 2098 2317 2128; x_wconf 78' lang='lat' dir='ltr'>isto-</span> 
     </span>
     <span class='ocr_line' id='line_1_101' title="bbox 1327 2140 2325 2181; baseline -0.005 -6"><span class='ocrx_word' id='word_1_733' title='bbox 1327 2165 1328 2175; x_wconf 53' lang='grc' dir='ltr'>ι</span> <span class='ocrx_word' id='word_1_734' title='bbox 1356 2158 1425 2176; x_wconf 90' lang='lat' dir='ltr'>runi</span> <span class='ocrx_word' id='word_1_735' title='bbox 1450 2145 1583 2177; x_wconf 80' lang='lat' dir='ltr'>consilia</span> <span class='ocrx_word' id='word_1_736' title='bbox 1613 2143 1787 2175; x_wconf 86' lang='lat' dir='ltr'>verisimile</span> <span class='ocrx_word' id='word_1_737' title='bbox 1818 2150 1882 2173; x_wconf 87' lang='lat' dir='ltr'>est:</span> <span class='ocrx_word' id='word_1_738' title='bbox 1915 2141 2048 2180; x_wconf 88' lang='lat' dir='ltr'>ideoque</span> <span class='ocrx_word' id='word_1_739' title='bbox 2079 2147 2172 2181; x_wconf 88' lang='lat' dir='ltr'>parta</span> <span class='ocrx_word' id='word_1_740' title='bbox 2192 2140 2325 2180; x_wconf 55' lang='lat' dir='ltr'>praeda„</span> 
     </span>
     <span class='ocr_line' id='line_1_102' title="bbox 1328 2184 2318 2223; baseline -0.004 -4"><span class='ocrx_word' id='word_1_741' title='bbox 1328 2206 1329 2221; x_wconf 65' lang='grc' dir='ltr'>ι</span> <span class='ocrx_word' id='word_1_742' title='bbox 1355 2196 1386 2219; x_wconf 89' lang='lat' dir='ltr'>et</span> <span class='ocrx_word' id='word_1_743' title='bbox 1409 2194 1441 2218; x_wconf 89' lang='lat' dir='ltr'>ut</span> <span class='ocrx_word' id='word_1_744' title='bbox 1466 2188 1718 2222; x_wconf 87' lang='lat' dir='ltr'>arbitrabantur,</span> <span class='ocrx_word' id='word_1_745' title='bbox 1742 2186 1820 2216; x_wconf 85' lang='lat' dir='ltr'>duee</span> <span class='ocrx_word' id='word_1_746' title='bbox 1845 2186 1973 2216; x_wconf 85' lang='lat' dir='ltr'>fortuna</span> <span class='ocrx_word' id='word_1_747' title='bbox 1992 2191 2024 2214; x_wconf 88' lang='lat' dir='ltr'>et</span> <span class='ocrx_word' id='word_1_748' title='bbox 2047 2184 2124 2223; x_wconf 72' lang='lat' dir='ltr'>ipsis</span> <span class='ocrx_word' id='word_1_749' title='bbox 2144 2190 2318 2219; x_wconf 75' lang='lat' dir='ltr'>annuente,</span> 
     </span>
    </p>
   </div>
   <div class='ocr_carea' id='block_1_40' title="bbox 339 2226 2324 2404">
    <p class='ocr_par' dir='ltr' id='par_1_41' title="bbox 339 2226 2324 2404">
     <span class='ocr_line' id='line_1_103' title="bbox 1327 2226 2324 2266; baseline -0.005 -6"><span class='ocrx_word' id='word_1_750' title='bbox 1327 2234 1329 2260; x_wconf 63' lang='grc' dir='ltr'>ἐ</span> <span class='ocrx_word' id='word_1_751' title='bbox 1355 2232 1582 2262; x_wconf 78' lang='lat' dir='ltr'>existimarunt</span> <span class='ocrx_word' id='word_1_752' title='bbox 1606 2241 1638 2261; x_wconf 85' lang='lat' dir='ltr'>se</span> <span class='ocrx_word' id='word_1_753' title='bbox 1662 2230 1724 2260; x_wconf 84' lang='lat' dir='ltr'>iam</span> <span class='ocrx_word' id='word_1_754' title='bbox 1750 2237 1843 2259; x_wconf 77' lang='lat' dir='ltr'>extra</span> <span class='ocrx_word' id='word_1_755' title='bbox 1866 2237 1993 2258; x_wconf 88' lang='lat' dir='ltr'>omnem</span> <span class='ocrx_word' id='word_1_756' title='bbox 2013 2226 2101 2257; x_wconf 82' lang='lat' dir='ltr'>aleae</span> <span class='ocrx_word' id='word_1_757' title='bbox 2124 2229 2242 2257; x_wconf 82' lang='lat' dir='ltr'>iactum</span> <span class='ocrx_word' id='word_1_758' title='bbox 2264 2236 2324 2266; x_wconf 53' lang='lat' dir='ltr'>pov.</span> 
     </span>
     <span class='ocr_line' id='line_1_104' title="bbox 1328 2268 2323 2315; baseline -0.004 -11"><span class='ocrx_word' id='word_1_759' title='bbox 1328 2290 1329 2315; x_wconf 52' lang='grc' dir='ltr'>ι</span> <span class='ocrx_word' id='word_1_760' title='bbox 1355 2275 1441 2309; x_wconf 81' lang='lat' dir='ltr'>sitos,</span> <span class='ocrx_word' id='word_1_761' title='bbox 1472 2285 1563 2313; x_wconf 81' lang='lat' dir='ltr'>posse</span> <span class='ocrx_word' id='word_1_762' title='bbox 1595 2273 1720 2303; x_wconf 85' lang='lat' dir='ltr'>animos</span> <span class='ocrx_word' id='word_1_763' title='bbox 1750 2271 1904 2306; x_wconf 80' lang='lat' dir='ltr'>relaxare,</span> <span class='ocrx_word' id='word_1_764' title='bbox 1935 2275 1968 2300; x_wconf 86' lang='lat' dir='ltr'>et</span> <span class='ocrx_word' id='word_1_765' title='bbox 1998 2269 2129 2300; x_wconf 82' lang='lat' dir='ltr'>liberius</span> <span class='ocrx_word' id='word_1_766' title='bbox 2159 2268 2254 2300; x_wconf 86' lang='lat' dir='ltr'>edere</span> <span class='ocrx_word' id='word_1_767' title='bbox 2282 2279 2323 2303; x_wconf 77' lang='lat' dir='ltr'>ae,</span> 
     </span>
     <span class='ocr_line' id='line_1_105' title="bbox 1328 2311 2319 2358; baseline -0.005 -11"><span class='ocrx_word' id='word_1_768' title='bbox 1328 2332 1330 2358; x_wconf 55' lang='grc' dir='ltr'>ι</span> <span class='ocrx_word' id='word_1_769' title='bbox 1357 2317 1472 2348; x_wconf 84' lang='lat' dir='ltr'>bibere.</span> <span class='ocrx_word' id='word_1_770' title='bbox 1522 2317 1562 2347; x_wconf 78' lang='lat' dir='ltr'>Et</span> <span class='ocrx_word' id='word_1_771' title='bbox 1586 2316 1662 2346; x_wconf 87' lang='lat' dir='ltr'>haee</span> <span class='ocrx_word' id='word_1_772' title='bbox 1685 2313 1820 2345; x_wconf 81' lang='lat' dir='ltr'>consilia</span> <span class='ocrx_word' id='word_1_773' title='bbox 1843 2313 1942 2344; x_wconf 85' lang='lat' dir='ltr'>dietat</span> <span class='ocrx_word' id='word_1_774' title='bbox 1967 2312 2108 2343; x_wconf 86' lang='lat' dir='ltr'>humana</span> <span class='ocrx_word' id='word_1_775' title='bbox 2136 2312 2232 2342; x_wconf 82' lang='lat' dir='ltr'>ratio:</span> <span class='ocrx_word' id='word_1_776' title='bbox 2263 2311 2319 2345; x_wconf 88' lang='lat' dir='ltr'>sed</span> 
     </span>
     <span class='ocr_line' id='line_1_106' title="bbox 339 2361 1330 2404; baseline -0.007 -7"><span class='ocrx_word' id='word_1_777' title='bbox 339 2366 476 2397; x_wconf 81' lang='lat' dir='ltr'>corrasis</span> <span class='ocrx_word' id='word_1_778' title='bbox 498 2364 611 2404; x_wconf 81' lang='lat' dir='ltr'>opibus</span> <span class='ocrx_word' id='word_1_779' title='bbox 635 2363 727 2394; x_wconf 88' lang='lat' dir='ltr'>ditati</span> <span class='ocrx_word' id='word_1_780' title='bbox 752 2372 844 2393; x_wconf 86' lang='lat' dir='ltr'>sunt:</span> <span class='ocrx_word' id='word_1_781' title='bbox 869 2363 924 2393; x_wconf 87' lang='lat' dir='ltr'>sed</span> <span class='ocrx_word' id='word_1_782' title='bbox 950 2374 1012 2393; x_wconf 84' lang='lat' dir='ltr'>non</span> <span class='ocrx_word' id='word_1_783' title='bbox 1038 2361 1304 2393; x_wconf 84' lang='lat' dir='ltr'>animadvertunt</span> <span class='ocrx_word' id='word_1_784' title='bbox 1328 2368 1330 2383; x_wconf 33' lang='grc' dir='ltr'>ἰ</span> 
     </span>
    </p>
   </div>
   <div class='ocr_carea' id='block_1_41' title="bbox 1358 2354 2324 2397">
    <p class='ocr_par' dir='ltr' id='par_1_42' title="bbox 1358 2354 2324 2397">
     <span class='ocr_line' id='line_1_107' title="bbox 1358 2354 2324 2397; baseline -0.006 -7"><span class='ocrx_word' id='word_1_785' title='bbox 1358 2366 1464 2390; x_wconf 84' lang='lat' dir='ltr'>tamen</span> <span class='ocrx_word' id='word_1_786' title='bbox 1489 2360 1631 2397; x_wconf 83' lang='lat' dir='ltr'>ipsorum</span> <span class='ocrx_word' id='word_1_787' title='bbox 1651 2357 1750 2388; x_wconf 84' lang='lat' dir='ltr'>oeulis</span> <span class='ocrx_word' id='word_1_788' title='bbox 1771 2357 1880 2387; x_wconf 90' lang='lat' dir='ltr'>velum</span> <span class='ocrx_word' id='word_1_789' title='bbox 1899 2354 2051 2386; x_wconf 83' lang='lat' dir='ltr'>obiecisso</span> <span class='ocrx_word' id='word_1_790' title='bbox 2067 2355 2173 2385; x_wconf 74' lang='lat' dir='ltr'>noum</span> <span class='ocrx_word' id='word_1_791' title='bbox 2195 2362 2324 2389; x_wconf 35' lang='lat' dir='ltr'>cei-tumr</span> 
     </span>
    </p>
   </div>
   <div class='ocr_carea' id='block_1_42' title="bbox 341 2397 2318 2489">
    <p class='ocr_par' dir='ltr' id='par_1_43' title="bbox 341 2397 2318 2489">
     <span class='ocr_line' id='line_1_108' title="bbox 1328 2397 2318 2448; baseline -0.005 -15"><span class='ocrx_word' id='word_1_792' title='bbox 1328 2413 1331 2448; x_wconf 42' lang='grc' dir='ltr'>ξ</span> <span class='ocrx_word' id='word_1_793' title='bbox 1356 2410 1413 2440; x_wconf 86' lang='lat' dir='ltr'>est,</span> <span class='ocrx_word' id='word_1_794' title='bbox 1438 2409 1472 2432; x_wconf 91' lang='lat' dir='ltr'>ut</span> <span class='ocrx_word' id='word_1_795' title='bbox 1495 2401 1533 2432; x_wconf 86' lang='lat' dir='ltr'>de</span> <span class='ocrx_word' id='word_1_796' title='bbox 1555 2411 1631 2432; x_wconf 87' lang='lat' dir='ltr'>easu</span> <span class='ocrx_word' id='word_1_797' title='bbox 1656 2401 1715 2431; x_wconf 86' lang='lat' dir='ltr'>isto</span> <span class='ocrx_word' id='word_1_798' title='bbox 1740 2411 1801 2430; x_wconf 89' lang='lat' dir='ltr'>uoii</span> <span class='ocrx_word' id='word_1_799' title='bbox 1815 2399 2031 2438; x_wconf 72' lang='lat' dir='ltr'>cogitaverint</span> <span class='ocrx_word' id='word_1_800' title='bbox 2051 2406 2117 2428; x_wconf 89' lang='lat' dir='ltr'>tam</span> <span class='ocrx_word' id='word_1_801' title='bbox 2137 2397 2318 2436; x_wconf 79' lang='lat' dir='ltr'>repentino,</span> 
     </span>
     <span class='ocr_line' id='line_1_109' title="bbox 341 2446 1330 2489; baseline -0.007 -7"><span class='ocrx_word' id='word_1_802' title='bbox 341 2452 512 2489; x_wconf 75' lang='lat' dir='ltr'>redegisse,</span> <span class='ocrx_word' id='word_1_803' title='bbox 539 2458 566 2479; x_wconf 86' lang='lat' dir='ltr'>ei</span> <span class='ocrx_word' id='word_1_804' title='bbox 593 2459 703 2479; x_wconf 76' lang='lat' dir='ltr'>eorum</span> <span class='ocrx_word' id='word_1_805' title='bbox 719 2449 830 2479; x_wconf 80' lang='lat' dir='ltr'>denies</span> <span class='ocrx_word' id='word_1_806' title='bbox 854 2448 1060 2488; x_wconf 67' lang='lat' dir='ltr'>depen·iiliit‹›s</span> <span class='ocrx_word' id='word_1_807' title='bbox 1084 2458 1160 2484; x_wconf 77' lang='lat' dir='ltr'>esse,</span> <span class='ocrx_word' id='word_1_808' title='bbox 1185 2446 1303 2477; x_wconf 87' lang='lat' dir='ltr'>multas</span> <span class='ocrx_word' id='word_1_809' title='bbox 1328 2454 1330 2484; x_wconf 60' lang='lat' dir='ltr'>l</span> 
     </span>
    </p>
   </div>
   <div class='ocr_carea' id='block_1_43' title="bbox 1356 2439 2323 2697">
    <p class='ocr_par' dir='ltr' id='par_1_44' title="bbox 1356 2439 2323 2697">
     <span class='ocr_line' id='line_1_110' title="bbox 1356 2439 2320 2484; baseline -0.004 -9"><span class='ocrx_word' id='word_1_810' title='bbox 1356 2446 1490 2484; x_wconf 81' lang='lat' dir='ltr'>ideoque</span> <span class='ocrx_word' id='word_1_811' title='bbox 1515 2445 1572 2475; x_wconf 75' lang='lat' dir='ltr'>sibi</span> <span class='ocrx_word' id='word_1_812' title='bbox 1598 2442 1738 2474; x_wconf 77' lang='lat' dir='ltr'>secunda</span> <span class='ocrx_word' id='word_1_813' title='bbox 1756 2442 1863 2473; x_wconf 88' lang='lat' dir='ltr'>omnia</span> <span class='ocrx_word' id='word_1_814' title='bbox 1883 2441 2023 2480; x_wconf 80' lang='lat' dir='ltr'>pollieiti,</span> <span class='ocrx_word' id='word_1_815' title='bbox 2049 2440 2142 2480; x_wconf 81' lang='lat' dir='ltr'>quasi</span> <span class='ocrx_word' id='word_1_816' title='bbox 2166 2439 2261 2471; x_wconf 87' lang='lat' dir='ltr'>rebus</span> <span class='ocrx_word' id='word_1_817' title='bbox 2284 2441 2320 2472; x_wconf 92' lang='lat' dir='ltr'>in</span> 
     </span>
     <span class='ocr_line' id='line_1_111' title="bbox 1357 2482 2323 2526; baseline -0.003 -8"><span class='ocrx_word' id='word_1_818' title='bbox 1357 2494 1426 2518; x_wconf 87' lang='lat' dir='ltr'>tuto</span> <span class='ocrx_word' id='word_1_819' title='bbox 1451 2488 1561 2526; x_wconf 77' lang='lat' dir='ltr'>positis</span> <span class='ocrx_word' id='word_1_820' title='bbox 1587 2487 1710 2517; x_wconf 86' lang='lat' dir='ltr'>animos</span> <span class='ocrx_word' id='word_1_821' title='bbox 1735 2484 1919 2516; x_wconf 80' lang='lat' dir='ltr'>relax-arim.</span> <span class='ocrx_word' id='word_1_822' title='bbox 1967 2483 2033 2514; x_wconf 86' lang='lat' dir='ltr'>Nos</span> <span class='ocrx_word' id='word_1_823' title='bbox 2059 2484 2134 2514; x_wconf 86' lang='lat' dir='ltr'>hine</span> <span class='ocrx_word' id='word_1_824' title='bbox 2156 2482 2323 2515; x_wconf 84' lang='lat' dir='ltr'>diseamus</span> 
     </span>
     <span class='ocr_line' id='line_1_112' title="bbox 1357 2526 2323 2569; baseline -0.003 -9"><span class='ocrx_word' id='word_1_825' title='bbox 1357 2530 1617 2569; x_wconf 78' lang='lat' dir='ltr'>praevalentibus</span> <span class='ocrx_word' id='word_1_826' title='bbox 1641 2527 1845 2558; x_wconf 85' lang='lat' dir='ltr'>multitudine</span> <span class='ocrx_word' id='word_1_827' title='bbox 1864 2534 1895 2557; x_wconf 86' lang='lat' dir='ltr'>et</span> <span class='ocrx_word' id='word_1_828' title='bbox 1915 2526 2103 2557; x_wconf 86' lang='lat' dir='ltr'>fortitudine</span> <span class='ocrx_word' id='word_1_829' title='bbox 2125 2526 2270 2557; x_wconf 84' lang='lat' dir='ltr'>hostibus</span> <span class='ocrx_word' id='word_1_830' title='bbox 2286 2527 2323 2558; x_wconf 83' lang='lat' dir='ltr'>in.</span> 
     </span>
     <span class='ocr_line' id='line_1_113' title="bbox 1356 2569 2323 2608; baseline -0.004 -5"><span class='ocrx_word' id='word_1_831' title='bbox 1356 2573 1426 2603; x_wconf 86' lang='lat' dir='ltr'>Deo</span> <span class='ocrx_word' id='word_1_832' title='bbox 1451 2583 1514 2603; x_wconf 90' lang='lat' dir='ltr'>uno</span> <span class='ocrx_word' id='word_1_833' title='bbox 1537 2572 1854 2602; x_wconf 82' lang='lat' dir='ltr'>fidiieiam.iiosti·am</span> <span class='ocrx_word' id='word_1_834' title='bbox 1874 2569 2040 2606; x_wconf 72' lang='lat' dir='ltr'>collocare,</span> <span class='ocrx_word' id='word_1_835' title='bbox 2064 2574 2150 2600; x_wconf 82' lang='lat' dir='ltr'>certo</span> <span class='ocrx_word' id='word_1_836' title='bbox 2174 2569 2323 2608; x_wconf 80' lang='lat' dir='ltr'>persuasi</span> 
     </span>
     <span class='ocr_line' id='line_1_114' title="bbox 1356 2610 2320 2655; baseline -0.005 -9"><span class='ocrx_word' id='word_1_837' title='bbox 1356 2616 1459 2655; x_wconf 84' lang='lat' dir='ltr'>ipsum</span> <span class='ocrx_word' id='word_1_838' title='bbox 1482 2615 1587 2645; x_wconf 83' lang='lat' dir='ltr'>varias</span> <span class='ocrx_word' id='word_1_839' title='bbox 1610 2614 1726 2647; x_wconf 77' lang='lat' dir='ltr'>haberti</span> <span class='ocrx_word' id='word_1_840' title='bbox 1746 2620 1894 2649; x_wconf 84' lang='lat' dir='ltr'>rationes,</span> <span class='ocrx_word' id='word_1_841' title='bbox 1919 2620 1950 2642; x_wconf 86' lang='lat' dir='ltr'>et</span> <span class='ocrx_word' id='word_1_842' title='bbox 1964 2612 2055 2643; x_wconf 82' lang='lat' dir='ltr'>uobis</span> <span class='ocrx_word' id='word_1_843' title='bbox 2076 2610 2320 2651; x_wconf 82' lang='lat' dir='ltr'>inoomprehen-</span> 
     </span>
     <span class='ocr_line' id='line_1_115' title="bbox 1356 2654 2322 2697; baseline -0.004 -7"><span class='ocrx_word' id='word_1_844' title='bbox 1356 2658 1465 2690; x_wconf 80' lang='lat' dir='ltr'>sibiles</span> <span class='ocrx_word' id='word_1_845' title='bbox 1489 2657 1528 2688; x_wconf 85' lang='lat' dir='ltr'>ad</span> <span class='ocrx_word' id='word_1_846' title='bbox 1552 2658 1638 2697; x_wconf 84' lang='lat' dir='ltr'>ipsos</span> <span class='ocrx_word' id='word_1_847' title='bbox 1660 2655 1887 2696; x_wconf 83' lang='lat' dir='ltr'>profligandos,</span> <span class='ocrx_word' id='word_1_848' title='bbox 1918 2661 1948 2686; x_wconf 80' lang='lat' dir='ltr'>et</span> <span class='ocrx_word' id='word_1_849' title='bbox 1972 2654 2102 2695; x_wconf 86' lang='lat' dir='ltr'>quidem</span> <span class='ocrx_word' id='word_1_850' title='bbox 2126 2654 2181 2686; x_wconf 54' lang='lat' dir='ltr'>sins</span> <span class='ocrx_word' id='word_1_851' title='bbox 2196 2661 2322 2688; x_wconf 62' lang='lat' dir='ltr'>utine-i</span> 
     </span>
    </p>
   </div>
   <div class='ocr_carea' id='block_1_44' title="bbox 2244 205 2323 239">
    <p class='ocr_par' dir='ltr' id='par_1_45' title="bbox 2244 205 2323 239">
     <span class='ocr_line' id='line_1_116' title="bbox 2244 205 2323 239; baseline -0.013 -5"><span class='ocrx_word' id='word_1_852' title='bbox 2244 205 2323 239; x_wconf 77' lang='grc'>700.</span> 
     </span>
    </p>
   </div>
  </div>
 </body>
</html>
