2551 3044
134 204 193 236 341

134 300 273 340 primum
297 299 384 330 dedit
406 297 574 338 proverbio
593 296 646 327 isti
665 295 871 333 occasionem,
895 295 977 334 quod
1000 295 1092 326 homo

135 343 273 374 rusticus
296 346 327 372 et
349 341 483 382 agrestis
507 350 542 371 ac
565 337 697 379 ignobili
720 338 788 368 loco
812 344 909 369 natus
929 338 1039 369 fuisset
1061 339 1091 368 in

134 385 362 425 prophetarum
401 389 491 413 coetu
528 381 642 421 spiritu
678 380 787 410 divino
819 381 956 420 afflatus,
995 391 1091 420 quum

136 428 321 467 designatus
351 432 434 456 esset
468 435 525 455 rex
549 423 780 454 Israelitarum.
826 422 952 453 Deinde
976 423 1091 453 iterum

135 480 233 510 quum
264 470 295 500 in
324 468 492 507 reprobum
516 476 643 496 sensum
669 466 839 502 coniectus,
869 465 943 496 licet
966 476 984 495 a
1007 467 1092 496 malo

136 512 266 543 Domini
289 510 402 550 spiritu
427 513 609 547 vexaretur,
644 514 752 538 tamen
780 508 838 538 Dei
863 509 1028 539 voluntate
1053 508 1090 538 ad

135 554 288 594 temporis
329 557 528 582 momentum
565 560 636 580 cum
680 550 845 590 prophetis
877 551 1091 591 prophetavit,

135 607 198 628 11011
228 597 296 626 51118
326 593 487 630 miraculo,
522 593 604 632 quod
628 603 722 623 sensu
746 599 778 623 et
802 594 1016 632 intelligentia
1039 604 1091 624 ca·

134 642 226 670 reret.
271 637 418 676 Denique
445 635 651 675 proverbium
676 636 758 666 istud
785 636 843 666 fuit
865 637 899 666 in
923 647 982 667 usu
1007 636 1089 676 apud

133 681 257 720 vulgus,
289 680 327 710 ad
353 679 413 710 Dei
437 679 574 718 gratiam
599 678 888 718 magnifaciendam
912 684 944 709 et
967 680 1091 718 praedi-

132 723 277 762 candam,
308 721 497 752 nominatim
527 721 560 751 in
592 721 698 760 aliquo
723 722 936 760 conspicuam,
968 721 1006 752 de
1029 732 1091 760 quo

132 766 221 796 nulla
251 765 382 795 omnino
412 775 484 803 spes
507 770 591 794 esset
613 764 696 803 frugi
721 764 881 794 futurum:
915 770 969 795 aut
992 775 1090 804 quum

131 808 244 847 aliquis
267 813 361 838 antea
385 808 470 837 vitae
488 805 671 846 deploratae
691 811 723 836 et
742 807 895 846 perditae.
919 807 951 837 in
973 813 1090 838 rectam

132 851 218 881 viam
249 849 382 880 redibat.
428 851 474 880 Ac
501 859 578 880 sane
603 848 664 879 Dei
689 849 793 879 virtus
817 850 848 879 in
873 849 944 880 istis
967 849 1091 881 duobus

131 893 266 929 insignis
297 898 355 923 est.
400 892 555 927 Primum,
587 902 685 930 quum
717 891 806 922 Deus
832 891 870 922 ad
894 892 1091 923 functionem

134 936 273 976 aliquam
302 936 405 965 utitur
436 934 549 974 aliquo,
580 934 635 973 qui
659 934 823 965 videretur
846 941 938 966 antea
962 946 1092 975 prorsus

132 979 261 1018 ineptus
291 983 323 1008 et
357 988 418 1008 non
448 976 592 1007 idoneus.
639 977 681 1007 Et
712 977 770 1007 hoc
800 988 894 1017 saepe
924 979 1089 1014 contingit,

133 1029 167 1051 ut
198 1020 317 1060 stupidi
346 1026 378 1051 et
406 1020 526 1050 inertes
557 1019 651 1049 multi
683 1019 863 1057 videantur,
892 1021 944 1060 qui
970 1021 1009 1051 ad
1034 1032 1091 1060 pu-

133 1064 232 1095 blicas
255 1063 432 1094 functiones
456 1062 563 1092 vocati
587 1062 680 1101 longe
705 1073 737 1093 se
760 1062 840 1093 alios
863 1073 960 1102 quam
983 1074 1090 1103 spera-

132 1111 200 1137 tum
224 1111 307 1137 esset
330 1110 508 1145 praestent:
531 1115 612 1144 quae
632 1115 708 1135 sane
728 1115 854 1136 summa
875 1105 1043 1145 diligentia
1060 1113 1092 1136 et

132 1149 308 1180 attentione
336 1153 411 1178 sunt
441 1148 532 1178 nobis
561 1147 801 1185 consideranda,
837 1152 873 1178 ut
903 1149 965 1179 Dei
989 1150 1091 1189 gratia

132 1196 222 1222 tanto
252 1190 353 1230 magis
382 1195 574 1230 agnoscatur
605 1195 636 1220 et
660 1190 875 1229 praedicetur:
906 1198 936 1222 et
959 1203 1090 1231 persua-

132 1244 203 1264 sum
223 1233 395 1264 habeamus
415 1244 474 1263 1105
495 1243 592 1272 quum
614 1233 652 1264 ab
672 1233 741 1273 ipso
763 1233 971 1274 pendeamus,
994 1235 1090 1265 etiam

131 1281 316 1316 accepturos
356 1275 438 1306 dona
472 1277 661 1311 necessaria,
701 1282 798 1315 prout
831 1276 892 1316 ipsi
925 1277 1088 1317 placuerit,

131 1319 257 1349 etiamsi
291 1324 407 1349 natura
441 1319 541 1349 simus
566 1318 723 1350 inhabiles
757 1324 788 1349 et
811 1319 924 1359 inepti.
965 1319 1090 1350 Deinde

130 1371 229 1400 quum
252 1361 426 1400 flagitiosos
448 1361 606 1399 homines,
629 1361 792 1401 reprobos,
816 1367 847 1392 et
871 1372 888 1392 a
907 1362 970 1393 Dei
990 1362 1090 1394 eccle-

129 1405 176 1435 sia
199 1404 369 1434 reiectitios
393 1405 424 1434 in
448 1414 579 1443 gregem
604 1415 696 1434 suum
721 1409 860 1443 revocat,
892 1410 923 1436 et
946 1406 978 1435 in
1005 1407 1089 1436 viam

130 1446 243 1477 salutis
272 1446 404 1477 reducit.
450 1447 485 1476 ln
516 1447 630 1486 quibus
659 1446 722 1477 Dei
746 1447 870 1478 bouitas
893 1453 925 1478 et
947 1449 1090 1487 potentia

129 1496 176 1520 est
205 1489 408 1529 agnoscenda
438 1495 469 1520 et
497 1489 593 1520 simul
623 1490 719 1520 etiam
749 1490 972 1528 praedicanda.
1020 1491 1090 1522 Dis-

129 1541 238 1562 camus
260 1532 368 1571 itaque
391 1532 452 1563 Dei
476 1543 572 1571 opera
594 1532 638 1563 sic
662 1532 815 1562 admirari
835 1538 870 1563 ut
889 1533 1025 1572 insolita,
1049 1545 1089 1564 118

129 1574 329 1610 irrideamus,
365 1574 420 1605 sed
454 1585 527 1605 cum
561 1575 682 1605 honore
716 1575 949 1614 praedicemus.
1006 1577 1088 1607 Nam

130 1617 248 1648 multos
271 1617 389 1654 videas,
413 1618 467 1657 qui
491 1617 574 1657 quod
599 1618 708 1648 divina
732 1628 829 1657 opera
852 1619 920 1649 suis
944 1619 1089 1650 sensibus

129 1670 194 1690 non
218 1659 489 1700 comprehendant
512 1660 595 1700 quod
619 1661 683 1691 sint
707 1661 845 1699 insolita,
881 1662 1034 1699 reiieiant,
1059 1668 1091 1693 et

130 1702 222 1733 velut
245 1713 337 1733 aures
358 1703 509 1734 obturent
533 1714 573 1733 ne
596 1703 791 1743 intelligant.
838 1704 909 1735 Hoc
932 1705 969 1735 iis
988 1705 1089 1736 conti-

129 1745 214 1785 gisse
242 1745 398 1782 videmus,
429 1756 447 1776 a
476 1745 590 1786 quibus
619 1745 697 1776 illud
727 1752 832 1777 ortum
864 1747 1088 1786 proverbium:

128 1787 237 1818 Etiam
266 1798 303 1818 ne
334 1787 412 1819 Saul
439 1789 519 1820 inter
542 1788 734 1828 prophetas?
764 1800 861 1828 quum
893 1790 995 1830 primo
1019 1801 1090 1821 coe-

128 1831 228 1870 pisset
257 1830 457 1870 prophetare,
493 1841 566 1861 nam
597 1841 670 1862 cum
701 1831 921 1871 indignatione
953 1833 1088 1872 quadam

129 1872 248 1904 dictum
276 1873 357 1904 illud
380 1874 418 1904 ab
442 1874 518 1913 ipsis
541 1879 682 1914 apparet.
729 1873 898 1914 Siquidem
923 1876 988 1906 solo
1012 1886 1089 1907 suae

127 1915 261 1946 rationis
292 1921 323 1946 et
352 1927 465 1947 sensus
496 1916 612 1948 iudicio
643 1916 739 1954 ducti,
771 1918 914 1948 iudicant
937 1929 1006 1949 esse
1028 1919 1088 1950 im-

127 1958 278 1997 possibile
312 1958 444 1990 Saulem
480 1959 682 1999 prophetare,
719 1970 801 1999 quos
836 1960 899 1992 Dei
935 1961 1088 1992 virtutem

128 2001 296 2040 oportebat
318 2002 425 2041 potius
448 2002 621 2042 suspicere,
643 2008 675 2032 et
698 2013 872 2042 agnoscere
895 2009 1087 2044 potestatem

127 2043 159 2073 in
191 2043 281 2075 donis
309 2044 375 2075 suis
399 2044 432 2075 in
457 2055 510 2075 eos
533 2055 612 2085 quos
635 2045 696 2085 ipsi
720 2045 849 2076 videtur
872 2046 1087 2079 conferendis.

129 2085 181 2116 Ex
203 2087 317 2126 quibus
340 2092 481 2127 apparet,
504 2087 668 2119 nonnullis
689 2094 753 2118 tam
773 2088 965 2120 insolentem
986 2089 1088 2121 videri

127 2127 283 2159 donorum
302 2128 364 2160 Dei
383 2130 552 2168 rationem,
572 2136 607 2161 ut
626 2130 776 2170 quoniam
796 2137 926 2171 captum
943 2132 1087 2172 ipsorum

128 2177 265 2210 superat,
300 2182 371 2202 eam
407 2173 554 2204 reiiciant
588 2178 619 2204 et
649 2179 870 2206 contemnant.
913 2175 981 2206 Nos
1011 2186 1088 2206 vero

129 2218 241 2244 contra
268 2213 427 2246 discamus
456 2215 608 2247 admirari
638 2215 700 2246 Dei
730 2226 836 2257 opera,
867 2222 898 2247 et
928 2218 961 2248 in
993 2229 1087 2249 usum

130 2259 275 2286 nostrum
297 2256 351 2287 illa
373 2263 578 2290 convertere:
604 2258 732 2298 Deique
755 2259 931 2291 bonitatem
952 2260 1087 2292 adorare

129 2297 247 2329 nostris
285 2299 430 2331 sensibus
468 2301 564 2342 longe
602 2302 810 2341 superiorem.
856 2303 907 2333 En
942 2304 1012 2343 quis
1046 2304 1088 2335 sit

128 2339 226 2370 huius
250 2342 407 2379 proverbii
430 2354 516 2380 usus,
542 2344 621 2375 Saul
644 2345 723 2375 inter
740 2345 917 2385 prophetas.
963 2346 1086 2385 Quam-

128 2381 237 2412 obrem
273 2382 300 2414 si
331 2383 425 2415 hodie
454 2387 608 2426 quosdam
639 2387 784 2418 videmus
814 2389 847 2418 in
878 2388 1010 2420 ecclesia
1041 2389 1085 2420 lo-

129 2424 247 2463 quendi
277 2425 459 2458 facultatem
489 2429 629 2468 adeptos,
664 2430 720 2469 qui
751 2430 943 2462 videbantur
967 2431 1006 2462 ad
1029 2443 1084 2471 pu·

128 2466 243 2497 blicam
273 2467 467 2501 functionem
490 2471 600 2511 inepti,
631 2476 663 2503 et
685 2482 703 2503 a
729 2473 796 2504 Deo
820 2474 920 2505 factos
944 2473 1085 2513 idoneos,

129 2519 181 2539 res
215 2509 269 2540 illa
300 2514 389 2541 tanta
418 2517 547 2552 tamque
575 2514 743 2555 inopinata
772 2517 907 2548 mutatio
929 2527 1006 2548 sane
1031 2518 1086 2548 mi—

129 2551 232 2582 randa
255 2551 425 2591 videbitur,
459 2565 552 2595 quam
575 2558 722 2588 sensibus
744 2559 862 2590 nostris
885 2570 947 2590 non
973 2570 1085 2600 appre—

129 2593 317 2625 hendimus:
352 2595 407 2626 sed
437 2601 503 2628 tam
525 2598 712 2631 admiranda
735 2602 873 2632 mutatio
897 2612 955 2633 nos
978 2602 1011 2633 in
1035 2602 1087 2633 ad-

129 2637 333 2668 mirationem
364 2637 490 2670 divinae
513 2640 748 2674 misericordiae
771 2648 802 2675 et
825 2644 977 2676 bonitatis
1001 2645 1086 2677 exci-

781 201 829 232 IN
853 201 878 232 I.
903 201 989 232 LIB.
1014 200 1213 234 SAMUEL.
1245 203 1342 235 CAP.
1366 204 1445 235 XX.

2044 209 2106 240 342

1147 304 1213 327 tare
1236 297 1338 335 debet,
1363 308 1444 338 quae
1464 310 1515 330 res
1534 311 1608 331 suas
1627 308 1749 332 creatas
1769 301 1866 332 habet
1885 302 1917 333 in
1939 307 2108 342 potestate,

1145 344 1177 368 et
1207 340 1333 370 easdem
1366 352 1421 380 pro
1451 352 1509 372 sua
1541 343 1703 374 voluntate
1728 345 1812 384 regit
1835 349 1867 375 et
1890 345 2105 377 administrat.

1148 381 1270 412 Deinde
1311 383 1337 413 si
1378 384 1526 424 flagitiosi
1570 385 1717 417 homines
1755 393 1786 417 et
1819 388 1871 427 qui
1907 387 2107 427 deploratam

1146 423 1245 454 vitam
1270 432 1416 465 egerunt,
1438 432 1469 456 et
1493 428 1531 458 ad
1551 429 1685 467 quodvis
1706 429 1864 469 flagitium
1885 430 1945 461 sibi
1966 430 2108 462 habenas

1145 473 1239 497 antea
1273 468 1498 507 permiserunt,
1539 470 1577 500 ad
1614 471 1775 502 meliorem
1813 473 1947 513 frugem,
1982 479 2013 504 et
2048 474 2109 504 Dei

1145 508 1291 539 timorem
1312 517 1514 549 revocentur,
1540 512 1637 543 veluti
1653 515 1677 544 si
1692 514 1764 553 quis
1783 522 1879 545 antea
1899 516 1948 546 vel
1969 515 2106 554 adulter,

1146 551 1195 581 vel
1227 551 1370 583 ebriosus
1402 555 1490 584 verbi
1517 555 1615 585 divini
1641 557 1726 586 intus
1750 563 1904 596 operante
1929 558 2049 589 virtute
2073 564 2106 589 et

1144 594 1284 625 efficacia
1326 603 1477 633 mutetur,
1519 604 1549 627 et
1590 609 1627 628 ex
1666 605 1838 631 scortatore
1874 600 1923 631 vel
1958 600 2106 632 adultero

1144 642 1250 667 castus
1270 637 1394 675 evadat,
1418 649 1458 669 ex
1478 639 1601 671 ebrioso
1621 641 1761 672 sobrius:
1785 643 1837 682 qui
1857 643 2106 675 contumeliosus

1144 684 1175 709 et
1206 680 1387 718 iniuriosus,
1422 682 1508 711 omni
1541 683 1698 714 abstineat
1729 684 1865 716 iniuria:
1901 685 2106 724 blasphemus

1145 728 1309 753 anteactae
1328 723 1412 754 vitae
1431 724 1540 755 sordes
1561 725 1749 758 detestetur:
1773 727 1908 768 denique
1927 728 1975 758 illi
1994 739 2106 759 omnes

1144 764 1206 794 Dei
1231 776 1345 795 nomen
1368 773 1585 805 revereantur,
1616 776 1646 799 et
1669 771 1800 809 quisque
1824 781 1881 810 pro
1906 771 1991 801 virili
2014 781 2106 802 sane-

1146 807 1277 843 tificent,
1309 819 1416 838 nonne
1448 814 1515 839 tum
1539 811 1653 841 merito
1677 812 1833 843 dicemus:
1867 813 1953 844 Num
1977 817 2003 844 et
2028 813 2106 844 Saul

1146 850 1223 880 inter
1240 850 1416 889 prophetas,
1441 862 1506 882 non
1532 857 1657 884 tantum
1681 854 1828 885 admirati
1849 856 1994 886 divinum
2014 866 2104 895 011115,

1144 892 1199 922 sed
1224 893 1293 923 81115
1317 893 1492 925 bonitatem
1517 895 1612 926 etiam
1637 897 1667 927 in
1694 897 1875 929 hominibus
1898 898 2107 930 3583118015-

1144 935 1233 965 simis
1256 935 1295 965 ad
1320 936 1446 976 frugem
1471 938 1670 974 revocandis,
1701 941 1921 978 praedicantes
1944 947 1976 972 et
1999 941 2106 982 dignis

1144 977 1291 1009 laudibus
1321 978 1530 1019 celebrantes,
1567 992 1687 1021 uosque
1719 983 1756 1012 ad
1788 983 1887 1023 ipsius
1917 984 2104 1024 obsequium

1143 1021 1390 1059 componentes?

1228 1064 1445 1095 Transeamus
1464 1065 1503 1095 ad
1523 1072 1619 1105 caput
1638 1067 1836 1104 vicesimum,
1856 1069 1888 1099 in
1909 1080 1969 1108 quo
1987 1069 2106 1101 dicitur

1142 1105 1251 1136 David
1277 1107 1395 1146 facisse
1424 1108 1460 1138 de
1486 1108 1610 1146 Naioth,
1640 1112 1665 1140 et
1687 1111 1803 1141 venisse
1826 1112 1866 1142 ud
1889 1111 2104 1152 Ionathanum,

1142 1151 1378 1188 conquestusque
1400 1150 1436 1180 de
1453 1151 1558 1188 patris
1579 1152 1707 1182 iniuriis
1724 1153 1777 1191 qui
1796 1154 1837 1184 ad
1855 1157 1981 1185 mortem
2003 1156 2104 1194 ipsum

1138 1194 1378 1230 persequeretur.
1432 1193 1483 1223 Ex
1517 1194 1629 1233 quibus
1663 1201 1796 1234 apparet
1829 1196 1934 1227 Deum
1969 1198 2104 1238 fregisse

1144 1234 1272 1274 quidem
1296 1234 1393 1265 istum
1417 1234 1526 1266 Saulis
1548 1236 1713 1276 impetum,
1737 1239 1940 1279 furoremque
1962 1240 2063 1280 ipsius
2086 1252 2105 1272 a

1146 1277 1269 1308 Davide
1293 1278 1456 1315 avertisse,
1488 1278 1543 1309 sed
1566 1279 1705 1310 noudum
1731 1286 1834 1311 tamt-u
1859 1283 1958 1312 otium
1984 1284 2105 1315 Davidi

1145 1320 1248 1350 faeere
1277 1320 1432 1351 voluisse:
1464 1321 1518 1352 sed
1551 1332 1568 1352 a
1600 1324 1758 1361 praesenti
1782 1325 1937 1363 eripuisse
1961 1326 2102 1364 periculo

1144 1369 1175 1393 ct
1209 1367 1320 1400 morte,
1351 1362 1471 1395 diutius
1502 1365 1600 1395 variis
1625 1366 1855 1397 tentationibus
1879 1368 2103 1408 exercendum,

1144 1405 1258 1445 quibus
1286 1406 1494 1437 succumbere
1524 1414 1555 1437 et
1579 1408 1610 1437 in
1636 1407 1888 1447 desperationem
1913 1411 2025 1441 venire
2049 1422 2102 1451 po-

1144 1448 1242 1479 tuisse
1280 1448 1439 1479 Davidem
1469 1459 1539 1480 erat
1570 1450 1750 1488 verisimile,
1789 1452 1848 1482 uisi
1880 1452 2002 1484 viribus
2032 1454 2104 1494 plus

1144 1501 1240 1530 quam
1265 1491 1416 1522 humanis
1440 1491 1567 1523 fulcitus
1588 1494 1706 1523 fuisset.
1752 1493 1968 1532 Quamobrem
1989 1506 2103 1535 parum

1143 1533 1307 1564 videretur
1337 1533 1479 1565 humano
1502 1535 1617 1566 iudicio
1641 1535 1827 1567 sublevatus
1849 1537 1967 1578 David,
2002 1549 2101 1578 quum

1143 1577 1315 1607 imminens
1339 1576 1398 1607 sibi
1423 1577 1482 1608 hoc
1507 1578 1683 1617 periculum
1707 1582 1825 1609 evasit:
1850 1591 1923 1610 nam
1943 1582 2102 1620 quomodo

1145 1620 1318 1650 laetaretur
1348 1620 1401 1659 qui
1432 1630 1472 1650 ex
1504 1622 1616 1652 mortis
1646 1621 1828 1652 discrimine
1856 1623 1888 1652 in
1912 1622 1975 1654 alia
1999 1624 2103 1656 multa

1143 1662 1262 1699 incidit,
1287 1668 1318 1692 et
1342 1669 1377 1692 ut
1401 1662 1517 1694 dicitur
1541 1674 1579 1694 ex
1600 1663 1708 1703 Scylla
1728 1665 1759 1694 in
1781 1664 1979 1705 Charybdin.
2018 1667 2102 1698 Nam

1142 1705 1296 1736 adversus
1330 1705 1435 1744 ipsum
1471 1704 1550 1737 Saul
1584 1707 1703 1736 maiore
1736 1717 1831 1746 quam
1866 1714 1960 1739 antea
1994 1709 2102 1740 furore

1141 1754 1318 1785 exaestuat,
1343 1754 1374 1778 et
1398 1758 1462 1778 non
1487 1748 1601 1779 desunt
1625 1749 1685 1788 ipsi
1710 1759 1798 1779 arma
1821 1756 1852 1780 et
1875 1751 2009 1782 facultas
2033 1752 2101 1783 ani-

1142 1801 1230 1821 mum
1255 1790 1360 1821 caedis
1377 1790 1506 1821 avidum
1528 1791 1687 1830 explendi,
1712 1792 1770 1822 uisi
1795 1792 1898 1823 David
1914 1799 1978 1824 tam
1992 1795 2102 1834 procul

1141 1833 1242 1869 abeaty
1268 1839 1301 1863 ut
1326 1833 1378 1863 ubi
1405 1833 1443 1864 sit
1463 1834 1607 1873 gentium
1629 1833 1707 1865 Saul
1727 1835 1880 1873 suspicari
1901 1847 1965 1866 11011
1985 1838 2101 1876 possit:

1141 1876 1400 1915 quandoquidem
1435 1887 1545 1907 omnes
1583 1877 1730 1907 inimicos
1764 1884 1794 1907 et
1823 1878 1955 1909 infestos
1986 1879 2103 1911 habeat

1141 1926 1276 1958 oportet,
1319 1929 1411 1958 quem
1454 1919 1526 1949 odio
1566 1930 1623 1950 rex
1657 1920 1867 1959 persequitur.
1914 1921 2002 1961 Ergo
2037 1932 2102 1954 non

1141 1961 1306 1993 videretur
1330 1972 1524 2001 magnopere
1543 1962 1758 2001 expetendum
1779 1963 1862 2002 quod
1881 1974 1900 1993 a
1918 1963 1988 1994 Deo
2010 1964 2103 1996 bene-

1141 2004 1247 2035 ficium
1283 2010 1359 2035 tunc
1394 2004 1502 2035 David
1537 2006 1674 2044 accepit:
1716 2014 1808 2043 quem
1844 2006 1942 2036 semel
1976 2007 2104 2040 fortiter

1142 2048 1221 2077 mori
1245 2047 1343 2077 satius
1362 2046 1537 2083 videbatur,
1563 2058 1657 2086 quam
1678 2047 1772 2077 toties
1789 2047 1826 2077 de
1841 2048 1907 2078 vita
1919 2050 2102 2088 periclitari.

1142 2090 1206 2121 Sed
1238 2090 1269 2119 in
1305 2100 1340 2120 eo
1371 2100 1429 2119 1105
1452 2096 1577 2129 oportet
1601 2089 1662 2119 Dei
1686 2100 1760 2120 suos
1792 2092 1971 2122 exercentis
1994 2094 2103 2132 provi-

1141 2132 1282 2163 dentiam
1313 2133 1450 2162 intueri:
1482 2142 1616 2171 quorum
1648 2143 1680 2163 se
1711 2133 1808 2162 vitam
1841 2134 1925 2163 tueri
1949 2135 2100 2173 ostendit,

1142 2180 1176 2206 ut
1205 2175 1333 2205 iuterim
1364 2185 1419 2214 per
1442 2175 1530 2205 mille
1553 2175 1664 2205 mortis
1688 2174 1872 2206 discrimina
1895 2176 2040 2216 deducat,
2070 2185 2102 2211 et

1140 2218 1258 2248 multas
1293 2217 1432 2256 undique
1467 2218 1595 2257 pavoris
1629 2218 1810 2248 occasiones
1844 2219 1969 2258 excitet,
2003 2226 2038 2252 ut
2067 2223 2101 2254 111

1140 2261 1207 2300 ipso
1231 2260 1408 2291 invocando
1431 2260 1510 2290 fiant
1532 2259 1740 2297 ardentiores,
1764 2267 1795 2290 et
1818 2260 1959 2300 ipsorum
1982 2274 2100 2304 augea-

1140 2309 1192 2334 tur
1223 2303 1261 2333 ad
1292 2303 1397 2342 ipsum
1426 2303 1630 2342 confugiendi
1653 2302 1806 2340 studium,
1845 2308 1876 2334 et
1899 2315 1963 2336 non
1987 2305 2101 2338 defati-

1139 2353 1256 2386 gentur
1298 2355 1396 2376 novas
1435 2345 1570 2375 subinde
1604 2345 1797 2376 tentationes
1830 2346 1971 2379 ferendo.
2015 2349 2100 2382 Nam

1140 2388 1230 2419 Deus
1261 2388 1403 2427 ipsorum
1438 2387 1488 2418 his
1510 2387 1689 2418 rationibus
1712 2388 1885 2427 explorans
1908 2391 2100 2430 patientiam

1139 2437 1169 2462 et
1188 2431 1411 2467 obedientiam,
1432 2429 1523 2461 docet
1542 2441 1610 2461 esse
1629 2430 1662 2460 111
1684 2430 1743 2461 1100
1761 2431 1881 2462 mundo
1900 2435 2099 2475 peregrinos,

1138 2484 1311 2512 eorumque
1342 2473 1439 2503 vitam
1470 2482 1488 2502 a
1518 2483 1552 2503 se
1582 2483 1645 2503 uno
1668 2473 1818 2512 pendere,
1852 2479 1883 2505 et
1905 2477 2099 2511 servitutem

1139 2528 1234 2556 quau]
1258 2517 1291 2546 in
1316 2515 1376 2546 hoc
1399 2525 1530 2555 corpore
1554 2516 1723 2555 patiuntur
1746 2520 2004 2550 momentaneam
2029 2532 2098 2553 esse

1139 2560 1240 2596 docet,
1272 2564 1307 2589 ut
1337 2568 1445 2589 veram
1477 2558 1653 2588 libertatem
1677 2563 1709 2588 et
1731 2559 1933 2598 spiritualem
1956 2563 2098 2602 quietem

1139 2603 1171 2633 iu
1190 2602 1258 2642 ipso
1278 2601 1354 2636 solo,
1378 2611 1435 2640 per
1454 2600 1630 2631 Dominum
1645 2605 1793 2632 nostrum
1805 2601 1913 2633 Iesum
1927 2603 2098 2638 Christum

1140 2654 1293 2684 quaerere
1331 2643 1463 2675 discant.
1510 2643 1658 2674 Profecto
1694 2643 1773 2675 dura
1802 2645 1930 2677 videtur
1959 2647 2016 2679 illa
2044 2659 2104 2681 na-

1846 2695 1896 2722 22*
