<?xml version="1.0" encoding="UTF-8"?>
<!DOCTYPE html PUBLIC "-//W3C//DTD XHTML 1.0 Transitional//EN"
    "http://www.w3.org/TR/xhtml1/DTD/xhtml1-transitional.dtd">
<html xmlns="http://www.w3.org/1999/xhtml" xml:lang="en" lang="en">
 <head>
  <title>
</title>
<meta http-equiv="Content-Type" content="text/html;charset=utf-8" />
  <meta name='ocr-system' content='tesseract 3.04.00' />
  <meta name='ocr-capabilities' content='ocr_page ocr_carea ocr_par ocr_line ocrx_word'/>
</head>
<body>
  <div class='ocr_page' id='page_1' title='image "./ioanniscalviniop30calv_0323.png"; bbox 0 0 2551 3044; ppageno 0'>
   <div class='ocr_carea' id='block_1_1' title="bbox 0 0 39 3044">
    <p class='ocr_par' dir='ltr' id='par_1_1' title="bbox 0 0 39 3044">
     <span class='ocr_line' id='line_1_1' title="bbox 0 0 39 3044; baseline 0 0"><span class='ocrx_word' id='word_1_1' title='bbox 0 0 39 3044; x_wconf 95' lang='lat' dir='ltr'> </span> 
     </span>
    </p>
   </div>
   <div class='ocr_carea' id='block_1_2' title="bbox 186 215 248 247">
    <p class='ocr_par' dir='ltr' id='par_1_2' title="bbox 186 215 248 247">
     <span class='ocr_line' id='line_1_2' title="bbox 186 215 248 247; baseline -0.032 0"><span class='ocrx_word' id='word_1_2' title='bbox 186 215 248 247; x_wconf 76' lang='lat'>625</span> 
     </span>
    </p>
   </div>
   <div class='ocr_carea' id='block_1_3' title="bbox 178 307 1147 2731">
    <p class='ocr_par' dir='ltr' id='par_1_3' title="bbox 179 307 1147 1709">
     <span class='ocr_line' id='line_1_3' title="bbox 186 307 1145 350; baseline -0.003 -10"><span class='ocrx_word' id='word_1_3' title='bbox 186 310 235 341; x_wconf 89' lang='lat' dir='ltr'>iri.</span> <span class='ocrx_word' id='word_1_4' title='bbox 282 309 346 342; x_wconf 84' lang='lat' dir='ltr'>Sed</span> <span class='ocrx_word' id='word_1_5' title='bbox 370 311 428 341; x_wconf 90' lang='lat' dir='ltr'>etsi</span> <span class='ocrx_word' id='word_1_6' title='bbox 448 310 538 341; x_wconf 88' lang='lat' dir='ltr'>Deus</span> <span class='ocrx_word' id='word_1_7' title='bbox 560 309 718 350; x_wconf 88' lang='lat' dir='ltr'>permittit</span> <span class='ocrx_word' id='word_1_8' title='bbox 741 308 896 348; x_wconf 82' lang='lat' dir='ltr'>improbis</span> <span class='ocrx_word' id='word_1_9' title='bbox 927 307 1083 344; x_wconf 86' lang='lat' dir='ltr'>lascivire,</span> <span class='ocrx_word' id='word_1_10' title='bbox 1114 311 1145 338; x_wconf 91' lang='lat' dir='ltr'>et</span> 
     </span>
     <span class='ocr_line' id='line_1_4' title="bbox 186 349 1145 392; baseline -0.005 -8"><span class='ocrx_word' id='word_1_11' title='bbox 186 353 220 383; x_wconf 90' lang='lat' dir='ltr'>in</span> <span class='ocrx_word' id='word_1_12' title='bbox 250 353 382 384; x_wconf 84' lang='lat' dir='ltr'>miseros</span> <span class='ocrx_word' id='word_1_13' title='bbox 413 352 584 392; x_wconf 87' lang='lat' dir='ltr'>insultare,</span> <span class='ocrx_word' id='word_1_14' title='bbox 616 357 647 382; x_wconf 90' lang='lat' dir='ltr'>et</span> <span class='ocrx_word' id='word_1_15' title='bbox 677 351 768 390; x_wconf 82' lang='lat' dir='ltr'><strong>quasi</strong></span> <span class='ocrx_word' id='word_1_16' title='bbox 798 351 861 380; x_wconf 87' lang='lat' dir='ltr'>iam</span> <span class='ocrx_word' id='word_1_17' title='bbox 892 356 985 390; x_wconf 86' lang='lat' dir='ltr'>parta</span> <span class='ocrx_word' id='word_1_18' title='bbox 1013 349 1145 380; x_wconf 88' lang='lat' dir='ltr'>victoria</span> 
     </span>
     <span class='ocr_line' id='line_1_5' title="bbox 186 392 1144 435; baseline -0.005 -9"><span class='ocrx_word' id='word_1_19' title='bbox 186 395 368 435; x_wconf 89' lang='lat' dir='ltr'>triumphos</span> <span class='ocrx_word' id='word_1_20' title='bbox 392 405 494 435; x_wconf 86' lang='lat' dir='ltr'>agere,</span> <span class='ocrx_word' id='word_1_21' title='bbox 518 400 622 424; x_wconf 90' lang='lat' dir='ltr'>tamen</span> <span class='ocrx_word' id='word_1_22' title='bbox 647 393 730 423; x_wconf 88' lang='lat' dir='ltr'>irriti</span> <span class='ocrx_word' id='word_1_23' title='bbox 754 402 864 423; x_wconf 88' lang='lat' dir='ltr'>omues</span> <span class='ocrx_word' id='word_1_24' title='bbox 887 392 1029 432; x_wconf 91' lang='lat' dir='ltr'>ipsorum</span> <span class='ocrx_word' id='word_1_25' title='bbox 1052 402 1144 422; x_wconf 87' lang='lat' dir='ltr'>cona-</span> 
     </span>
     <span class='ocr_line' id='line_1_6' title="bbox 186 434 1145 474; baseline -0.004 -6"><span class='ocrx_word' id='word_1_26' title='bbox 186 442 239 468; x_wconf 90' lang='lat' dir='ltr'>tus</span> <span class='ocrx_word' id='word_1_27' title='bbox 263 437 361 468; x_wconf 87' lang='lat' dir='ltr'>futuri</span> <span class='ocrx_word' id='word_1_28' title='bbox 386 441 472 468; x_wconf 86' lang='lat' dir='ltr'>sunt.</span> <span class='ocrx_word' id='word_1_29' title='bbox 518 436 599 466; x_wconf 87' lang='lat' dir='ltr'>Nam</span> <span class='ocrx_word' id='word_1_30' title='bbox 625 435 824 466; x_wconf 80' lang='lat' dir='ltr'><strong>exsultantes</strong></span> <span class='ocrx_word' id='word_1_31' title='bbox 854 440 885 465; x_wconf 87' lang='lat' dir='ltr'>et</span> <span class='ocrx_word' id='word_1_32' title='bbox 909 434 1145 474; x_wconf 89' lang='lat' dir='ltr'>triumphantes</span> 
     </span>
     <span class='ocr_line' id='line_1_7' title="bbox 186 477 1144 518; baseline -0.005 -7"><span class='ocrx_word' id='word_1_33' title='bbox 186 480 277 511; x_wconf 88' lang='lat' dir='ltr'>Deus</span> <span class='ocrx_word' id='word_1_34' title='bbox 301 484 462 510; x_wconf 90' lang='lat' dir='ltr'>momento</span> <span class='ocrx_word' id='word_1_35' title='bbox 484 477 658 518; x_wconf 82' lang='lat' dir='ltr'>perturbat,</span> <span class='ocrx_word' id='word_1_36' title='bbox 683 482 714 508; x_wconf 90' lang='lat' dir='ltr'>et</span> <span class='ocrx_word' id='word_1_37' title='bbox 733 488 766 508; x_wconf 92' lang='lat' dir='ltr'>re</span> <span class='ocrx_word' id='word_1_38' title='bbox 790 477 859 517; x_wconf 89' lang='lat' dir='ltr'>ipsa</span> <span class='ocrx_word' id='word_1_39' title='bbox 883 477 1032 517; x_wconf 80' lang='lat' dir='ltr'>patefacit</span> <span class='ocrx_word' id='word_1_40' title='bbox 1055 487 1088 507; x_wconf 88' lang='lat' dir='ltr'>se</span> <span class='ocrx_word' id='word_1_41' title='bbox 1112 477 1144 506; x_wconf 91' lang='lat' dir='ltr'>in</span> 
     </span>
     <span class='ocr_line' id='line_1_8' title="bbox 187 519 1144 560; baseline -0.004 -7"><span class='ocrx_word' id='word_1_42' title='bbox 187 532 302 553; x_wconf 88' lang='lat' dir='ltr'>arcano</span> <span class='ocrx_word' id='word_1_43' title='bbox 327 532 384 553; x_wconf 89' lang='lat' dir='ltr'>suo</span> <span class='ocrx_word' id='word_1_44' title='bbox 407 520 538 552; x_wconf 89' lang='lat' dir='ltr'>consilio</span> <span class='ocrx_word' id='word_1_45' title='bbox 561 520 686 558; x_wconf 87' lang='lat' dir='ltr'>habere,</span> <span class='ocrx_word' id='word_1_46' title='bbox 716 530 796 560; x_wconf 89' lang='lat' dir='ltr'>quae</span> <span class='ocrx_word' id='word_1_47' title='bbox 827 530 866 550; x_wconf 90' lang='lat' dir='ltr'>ne</span> <span class='ocrx_word' id='word_1_48' title='bbox 890 519 1044 559; x_wconf 89' lang='lat' dir='ltr'>suspicari</span> <span class='ocrx_word' id='word_1_49' title='bbox 1075 519 1144 558; x_wconf 90' lang='lat' dir='ltr'>qui-</span> 
     </span>
     <span class='ocr_line' id='line_1_9' title="bbox 187 561 1144 604; baseline -0.004 -9"><span class='ocrx_word' id='word_1_50' title='bbox 187 565 259 595; x_wconf 90' lang='lat' dir='ltr'>dem</span> <span class='ocrx_word' id='word_1_51' title='bbox 290 565 514 604; x_wconf 87' lang='lat' dir='ltr'>potuissemus.</span> <span class='ocrx_word' id='word_1_52' title='bbox 566 562 614 593; x_wconf 89' lang='lat' dir='ltr'>Eo</span> <span class='ocrx_word' id='word_1_53' title='bbox 645 562 744 603; x_wconf 89' lang='lat' dir='ltr'>igitur</span> <span class='ocrx_word' id='word_1_54' title='bbox 775 562 939 593; x_wconf 81' lang='lat' dir='ltr'><strong>ardentius</strong></span> <span class='ocrx_word' id='word_1_55' title='bbox 970 561 1008 592; x_wconf 92' lang='lat' dir='ltr'>ad</span> <span class='ocrx_word' id='word_1_56' title='bbox 1040 562 1144 601; x_wconf 89' lang='lat' dir='ltr'>ipsum</span> 
     </span>
     <span class='ocr_line' id='line_1_10' title="bbox 187 604 1143 646; baseline -0.005 -8"><span class='ocrx_word' id='word_1_57' title='bbox 187 617 246 638; x_wconf 91' lang='lat' dir='ltr'>nos</span> <span class='ocrx_word' id='word_1_58' title='bbox 268 610 394 646; x_wconf 80' lang='lat' dir='ltr'>oportet</span> <span class='ocrx_word' id='word_1_59' title='bbox 417 605 600 645; x_wconf 84' lang='lat' dir='ltr'>confugere,</span> <span class='ocrx_word' id='word_1_60' title='bbox 629 610 660 635; x_wconf 89' lang='lat' dir='ltr'>et</span> <span class='ocrx_word' id='word_1_61' title='bbox 684 614 797 645; x_wconf 88' lang='lat' dir='ltr'>rogare</span> <span class='ocrx_word' id='word_1_62' title='bbox 816 609 851 635; x_wconf 89' lang='lat' dir='ltr'>ut</span> <span class='ocrx_word' id='word_1_63' title='bbox 875 615 955 644; x_wconf 89' lang='lat' dir='ltr'>opus</span> <span class='ocrx_word' id='word_1_64' title='bbox 982 604 1143 644; x_wconf 87' lang='lat' dir='ltr'>inceptum</span> 
     </span>
     <span class='ocr_line' id='line_1_11' title="bbox 186 647 1144 690; baseline -0.003 -11"><span class='ocrx_word' id='word_1_65' title='bbox 186 648 348 690; x_wconf 86' lang='lat' dir='ltr'>perficiat:</span> <span class='ocrx_word' id='word_1_66' title='bbox 388 647 467 678; x_wconf 89' lang='lat' dir='ltr'>nihil</span> <span class='ocrx_word' id='word_1_67' title='bbox 505 648 590 678; x_wconf 89' lang='lat' dir='ltr'>enim</span> <span class='ocrx_word' id='word_1_68' title='bbox 625 653 672 678; x_wconf 90' lang='lat' dir='ltr'>est</span> <span class='ocrx_word' id='word_1_69' title='bbox 707 647 850 687; x_wconf 86' lang='lat' dir='ltr'>coepisse</span> <span class='ocrx_word' id='word_1_70' title='bbox 889 648 949 678; x_wconf 91' lang='lat' dir='ltr'>nisi</span> <span class='ocrx_word' id='word_1_71' title='bbox 985 647 1144 687; x_wconf 85' lang='lat' dir='ltr'>perficiat:</span> 
     </span>
     <span class='ocr_line' id='line_1_12' title="bbox 187 689 1146 731; baseline -0.002 -10"><span class='ocrx_word' id='word_1_72' title='bbox 187 701 285 731; x_wconf 85' lang='lat' dir='ltr'>quare</span> <span class='ocrx_word' id='word_1_73' title='bbox 310 691 414 721; x_wconf 88' lang='lat' dir='ltr'>Deum</span> <span class='ocrx_word' id='word_1_74' title='bbox 439 694 565 730; x_wconf 83' lang='lat' dir='ltr'>oportet</span> <span class='ocrx_word' id='word_1_75' title='bbox 588 689 843 720; x_wconf 79' lang='lat' dir='ltr'>extraordinarie</span> <span class='ocrx_word' id='word_1_76' title='bbox 867 690 986 721; x_wconf 86' lang='lat' dir='ltr'>virtute</span> <span class='ocrx_word' id='word_1_77' title='bbox 1010 689 1146 729; x_wconf 89' lang='lat' dir='ltr'>operari,</span> 
     </span>
     <span class='ocr_line' id='line_1_13' title="bbox 186 731 1146 772; baseline -0.002 -9"><span class='ocrx_word' id='word_1_78' title='bbox 186 738 218 764; x_wconf 89' lang='lat' dir='ltr'>et</span> <span class='ocrx_word' id='word_1_79' title='bbox 250 733 316 764; x_wconf 92' lang='lat' dir='ltr'>suis</span> <span class='ocrx_word' id='word_1_80' title='bbox 350 743 440 772; x_wconf 89' lang='lat' dir='ltr'>opem</span> <span class='ocrx_word' id='word_1_81' title='bbox 470 732 603 763; x_wconf 82' lang='lat' dir='ltr'>adferre.</span> <span class='ocrx_word' id='word_1_82' title='bbox 650 731 736 764; x_wconf 83' lang='lat' dir='ltr'>Sane</span> <span class='ocrx_word' id='word_1_83' title='bbox 766 732 855 763; x_wconf 88' lang='lat' dir='ltr'>Deus</span> <span class='ocrx_word' id='word_1_84' title='bbox 889 738 1035 772; x_wconf 84' lang='lat' dir='ltr'>coeptum</span> <span class='ocrx_word' id='word_1_85' title='bbox 1067 742 1146 771; x_wconf 89' lang='lat' dir='ltr'>opus</span> 
     </span>
     <span class='ocr_line' id='line_1_14' title="bbox 184 774 1144 815; baseline -0.002 -9"><span class='ocrx_word' id='word_1_86' title='bbox 184 786 349 814; x_wconf 85' lang='lat' dir='ltr'>nunquam</span> <span class='ocrx_word' id='word_1_87' title='bbox 375 775 531 815; x_wconf 77' lang='lat' dir='ltr'><strong>relinquit</strong></span> <span class='ocrx_word' id='word_1_88' title='bbox 555 775 787 815; x_wconf 87' lang='lat' dir='ltr'>imperfectum,</span> <span class='ocrx_word' id='word_1_89' title='bbox 819 775 880 806; x_wconf 91' lang='lat' dir='ltr'>nisi</span> <span class='ocrx_word' id='word_1_90' title='bbox 904 775 1071 805; x_wconf 91' lang='lat' dir='ltr'>hominum</span> <span class='ocrx_word' id='word_1_91' title='bbox 1096 774 1144 804; x_wconf 90' lang='lat' dir='ltr'>in-</span> 
     </span>
     <span class='ocr_line' id='line_1_15' title="bbox 185 817 1145 858; baseline -0.002 -10"><span class='ocrx_word' id='word_1_92' title='bbox 185 818 383 858; x_wconf 79' lang='lat' dir='ltr'><strong>gratitudine</strong></span> <span class='ocrx_word' id='word_1_93' title='bbox 406 823 612 857; x_wconf 79' lang='lat' dir='ltr'>provocatus:</span> <span class='ocrx_word' id='word_1_94' title='bbox 635 818 742 857; x_wconf 89' lang='lat' dir='ltr'>itaque</span> <span class='ocrx_word' id='word_1_95' title='bbox 766 828 863 857; x_wconf 91' lang='lat' dir='ltr'>quum</span> <span class='ocrx_word' id='word_1_96' title='bbox 888 818 991 857; x_wconf 90' lang='lat' dir='ltr'>coepit</span> <span class='ocrx_word' id='word_1_97' title='bbox 1011 817 1145 857; x_wconf 81' lang='lat' dir='ltr'>operari,</span> 
     </span>
     <span class='ocr_line' id='line_1_16' title="bbox 184 859 1145 900; baseline -0.002 -9"><span class='ocrx_word' id='word_1_98' title='bbox 184 864 311 891; x_wconf 88' lang='lat' dir='ltr'>nostros</span> <span class='ocrx_word' id='word_1_99' title='bbox 334 860 443 891; x_wconf 89' lang='lat' dir='ltr'>oculos</span> <span class='ocrx_word' id='word_1_100' title='bbox 474 860 577 900; x_wconf 86' lang='lat' dir='ltr'>aperit</span> <span class='ocrx_word' id='word_1_101' title='bbox 600 860 714 900; x_wconf 88' lang='lat' dir='ltr'>quibus</span> <span class='ocrx_word' id='word_1_102' title='bbox 738 860 880 891; x_wconf 87' lang='lat' dir='ltr'>favorem</span> <span class='ocrx_word' id='word_1_103' title='bbox 911 866 941 890; x_wconf 90' lang='lat' dir='ltr'>et</span> <span class='ocrx_word' id='word_1_104' title='bbox 971 859 1145 890; x_wconf 87' lang='lat' dir='ltr'>bonitatem</span> 
     </span>
     <span class='ocr_line' id='line_1_17' title="bbox 183 901 1145 943; baseline -0.001 -10"><span class='ocrx_word' id='word_1_105' title='bbox 183 902 285 943; x_wconf 86' lang='lat' dir='ltr'>ipsius</span> <span class='ocrx_word' id='word_1_106' title='bbox 324 914 401 943; x_wconf 84' lang='lat' dir='ltr'>erga</span> <span class='ocrx_word' id='word_1_107' title='bbox 435 913 493 933; x_wconf 89' lang='lat' dir='ltr'>nos</span> <span class='ocrx_word' id='word_1_108' title='bbox 531 903 793 942; x_wconf 79' lang='lat' dir='ltr'>contemplemur.</span> <span class='ocrx_word' id='word_1_109' title='bbox 850 902 1066 941; x_wconf 78' lang='lat' dir='ltr'>Quamobrem</span> <span class='ocrx_word' id='word_1_110' title='bbox 1106 901 1145 932; x_wconf 89' lang='lat' dir='ltr'>ad</span> 
     </span>
     <span class='ocr_line' id='line_1_18' title="bbox 183 945 1147 986; baseline 0 -11"><span class='ocrx_word' id='word_1_111' title='bbox 183 945 288 986; x_wconf 91' lang='lat' dir='ltr'>ipsum</span> <span class='ocrx_word' id='word_1_112' title='bbox 314 945 549 976; x_wconf 84' lang='lat' dir='ltr'>ardentioribus</span> <span class='ocrx_word' id='word_1_113' title='bbox 580 945 661 976; x_wconf 90' lang='lat' dir='ltr'>votis</span> <span class='ocrx_word' id='word_1_114' title='bbox 693 949 769 976; x_wconf 89' lang='lat' dir='ltr'>tunc</span> <span class='ocrx_word' id='word_1_115' title='bbox 798 945 1012 976; x_wconf 87' lang='lat' dir='ltr'>invocandum</span> <span class='ocrx_word' id='word_1_116' title='bbox 1043 945 1147 985; x_wconf 79' lang='lat' dir='ltr'>magis</span> 
     </span>
     <span class='ocr_line' id='line_1_19' title="bbox 184 987 1147 1028; baseline -0.001 -9"><span class='ocrx_word' id='word_1_117' title='bbox 184 998 220 1019; x_wconf 84' lang='lat' dir='ltr'>ac</span> <span class='ocrx_word' id='word_1_118' title='bbox 244 989 346 1028; x_wconf 86' lang='lat' dir='ltr'>magis</span> <span class='ocrx_word' id='word_1_119' title='bbox 370 987 535 1019; x_wconf 84' lang='lat' dir='ltr'>sollicitari</span> <span class='ocrx_word' id='word_1_120' title='bbox 560 987 728 1018; x_wconf 84' lang='lat' dir='ltr'>debemus:</span> <span class='ocrx_word' id='word_1_121' title='bbox 757 992 790 1018; x_wconf 88' lang='lat' dir='ltr'>et</span> <span class='ocrx_word' id='word_1_122' title='bbox 815 997 929 1018; x_wconf 86' lang='lat' dir='ltr'>cavere</span> <span class='ocrx_word' id='word_1_123' title='bbox 961 998 1000 1018; x_wconf 88' lang='lat' dir='ltr'>ne</span> <span class='ocrx_word' id='word_1_124' title='bbox 1031 987 1063 1017; x_wconf 87' lang='lat' dir='ltr'>iu</span> <span class='ocrx_word' id='word_1_125' title='bbox 1096 997 1147 1018; x_wconf 91' lang='lat' dir='ltr'>so-</span> 
     </span>
     <span class='ocr_line' id='line_1_20' title="bbox 182 1030 1146 1070; baseline -0.001 -9"><span class='ocrx_word' id='word_1_126' title='bbox 182 1030 290 1061; x_wconf 86' lang='lat' dir='ltr'>cordia</span> <span class='ocrx_word' id='word_1_127' title='bbox 324 1031 568 1070; x_wconf 91' lang='lat' dir='ltr'>obtorpeamus,</span> <span class='ocrx_word' id='word_1_128' title='bbox 605 1034 635 1060; x_wconf 90' lang='lat' dir='ltr'>et</span> <span class='ocrx_word' id='word_1_129' title='bbox 666 1030 757 1060; x_wconf 92' lang='lat' dir='ltr'>nobis</span> <span class='ocrx_word' id='word_1_130' title='bbox 787 1031 864 1070; x_wconf 89' lang='lat' dir='ltr'>ipsis</span> <span class='ocrx_word' id='word_1_131' title='bbox 895 1031 985 1070; x_wconf 88' lang='lat' dir='ltr'>quasi</span> <span class='ocrx_word' id='word_1_132' title='bbox 1017 1030 1081 1061; x_wconf 89' lang='lat' dir='ltr'>iam</span> <span class='ocrx_word' id='word_1_133' title='bbox 1113 1040 1146 1060; x_wconf 89' lang='lat' dir='ltr'>re</span> 
     </span>
     <span class='ocr_line' id='line_1_21' title="bbox 180 1072 1146 1113; baseline -0.001 -10"><span class='ocrx_word' id='word_1_134' title='bbox 180 1073 322 1113; x_wconf 86' lang='lat' dir='ltr'>perfecta</span> <span class='ocrx_word' id='word_1_135' title='bbox 353 1073 479 1104; x_wconf 85' lang='lat' dir='ltr'>delitias</span> <span class='ocrx_word' id='word_1_136' title='bbox 510 1073 672 1103; x_wconf 83' lang='lat' dir='ltr'>faciamus.</span> <span class='ocrx_word' id='word_1_137' title='bbox 720 1072 784 1103; x_wconf 87' lang='lat' dir='ltr'>Sed</span> <span class='ocrx_word' id='word_1_138' title='bbox 817 1073 892 1103; x_wconf 87' lang='lat' dir='ltr'>dum</span> <span class='ocrx_word' id='word_1_139' title='bbox 922 1077 1146 1112; x_wconf 82' lang='lat' dir='ltr'>exspectamus</span> 
     </span>
     <span class='ocr_line' id='line_1_22' title="bbox 180 1115 1147 1155; baseline -0.001 -9"><span class='ocrx_word' id='word_1_140' title='bbox 180 1120 216 1146; x_wconf 87' lang='lat' dir='ltr'>ut</span> <span class='ocrx_word' id='word_1_141' title='bbox 239 1115 328 1147; x_wconf 88' lang='lat' dir='ltr'>Deus</span> <span class='ocrx_word' id='word_1_142' title='bbox 352 1126 431 1155; x_wconf 90' lang='lat' dir='ltr'>opus</span> <span class='ocrx_word' id='word_1_143' title='bbox 454 1126 548 1147; x_wconf 86' lang='lat' dir='ltr'>suum</span> <span class='ocrx_word' id='word_1_144' title='bbox 572 1115 727 1155; x_wconf 88' lang='lat' dir='ltr'>perficiat,</span> <span class='ocrx_word' id='word_1_145' title='bbox 760 1115 922 1146; x_wconf 88' lang='lat' dir='ltr'>miseriam</span> <span class='ocrx_word' id='word_1_146' title='bbox 948 1121 1090 1146; x_wconf 90' lang='lat' dir='ltr'>nostram</span> <span class='ocrx_word' id='word_1_147' title='bbox 1116 1119 1147 1145; x_wconf 92' lang='lat' dir='ltr'>et</span> 
     </span>
     <span class='ocr_line' id='line_1_23' title="bbox 179 1157 1147 1197; baseline 0 -9"><span class='ocrx_word' id='word_1_148' title='bbox 179 1158 433 1189; x_wconf 81' lang='lat' dir='ltr'>imbecillitatem</span> <span class='ocrx_word' id='word_1_149' title='bbox 500 1168 536 1189; x_wconf 90' lang='lat' dir='ltr'>ac</span> <span class='ocrx_word' id='word_1_150' title='bbox 598 1157 824 1188; x_wconf 88' lang='lat' dir='ltr'>necessitatem</span> <span class='ocrx_word' id='word_1_151' title='bbox 880 1158 990 1188; x_wconf 87' lang='lat' dir='ltr'>auxilii</span> <span class='ocrx_word' id='word_1_152' title='bbox 1046 1158 1147 1197; x_wconf 89' lang='lat' dir='ltr'>ipsius</span> 
     </span>
     <span class='ocr_line' id='line_1_24' title="bbox 183 1200 1145 1241; baseline -0.001 -10"><span class='ocrx_word' id='word_1_153' title='bbox 183 1211 406 1241; x_wconf 81' lang='lat' dir='ltr'>agnoscamus,</span> <span class='ocrx_word' id='word_1_154' title='bbox 444 1205 480 1230; x_wconf 91' lang='lat' dir='ltr'>ut</span> <span class='ocrx_word' id='word_1_155' title='bbox 510 1205 638 1231; x_wconf 86' lang='lat' dir='ltr'>nostrae</span> <span class='ocrx_word' id='word_1_156' title='bbox 668 1200 797 1240; x_wconf 87' lang='lat' dir='ltr'>inopiae</span> <span class='ocrx_word' id='word_1_157' title='bbox 829 1211 1003 1239; x_wconf 77' lang='lat' dir='ltr'>memores,</span> <span class='ocrx_word' id='word_1_158' title='bbox 1047 1201 1145 1231; x_wconf 84' lang='lat' dir='ltr'>maio-</span> 
     </span>
     <span class='ocr_line' id='line_1_25' title="bbox 185 1243 1145 1283; baseline -0.001 -9"><span class='ocrx_word' id='word_1_159' title='bbox 185 1254 253 1274; x_wconf 88' lang='lat' dir='ltr'>rem</span> <span class='ocrx_word' id='word_1_160' title='bbox 298 1243 372 1274; x_wconf 91' lang='lat' dir='ltr'>inde</span> <span class='ocrx_word' id='word_1_161' title='bbox 405 1243 643 1283; x_wconf 81' lang='lat' dir='ltr'>promovendae</span> <span class='ocrx_word' id='word_1_162' title='bbox 687 1243 807 1283; x_wconf 85' lang='lat' dir='ltr'>gloriae</span> <span class='ocrx_word' id='word_1_163' title='bbox 854 1244 913 1274; x_wconf 86' lang='lat' dir='ltr'>Dei</span> <span class='ocrx_word' id='word_1_164' title='bbox 947 1243 1145 1274; x_wconf 86' lang='lat' dir='ltr'>occasionem</span> 
     </span>
     <span class='ocr_line' id='line_1_26' title="bbox 184 1285 1143 1325; baseline 0 -9"><span class='ocrx_word' id='word_1_165' title='bbox 184 1285 372 1317; x_wconf 84' lang='lat' dir='ltr'>habeamus.</span> <span class='ocrx_word' id='word_1_166' title='bbox 431 1286 565 1316; x_wconf 86' lang='lat' dir='ltr'>Interim</span> <span class='ocrx_word' id='word_1_167' title='bbox 599 1286 633 1316; x_wconf 91' lang='lat' dir='ltr'>iu</span> <span class='ocrx_word' id='word_1_168' title='bbox 667 1286 735 1324; x_wconf 86' lang='lat' dir='ltr'>ipso</span> <span class='ocrx_word' id='word_1_169' title='bbox 770 1286 1046 1325; x_wconf 81' lang='lat' dir='ltr'>conquiescamus,</span> <span class='ocrx_word' id='word_1_170' title='bbox 1085 1286 1143 1316; x_wconf 89' lang='lat' dir='ltr'>mi—</span> 
     </span>
     <span class='ocr_line' id='line_1_27' title="bbox 185 1328 1143 1368; baseline -0.001 -9"><span class='ocrx_word' id='word_1_171' title='bbox 185 1328 272 1359; x_wconf 88' lang='lat' dir='ltr'>nime</span> <span class='ocrx_word' id='word_1_172' title='bbox 313 1328 495 1359; x_wconf 83' lang='lat' dir='ltr'>dubitantes</span> <span class='ocrx_word' id='word_1_173' title='bbox 537 1328 612 1368; x_wconf 86' lang='lat' dir='ltr'>quin</span> <span class='ocrx_word' id='word_1_174' title='bbox 652 1338 762 1359; x_wconf 88' lang='lat' dir='ltr'>omnes</span> <span class='ocrx_word' id='word_1_175' title='bbox 805 1329 1010 1359; x_wconf 83' lang='lat' dir='ltr'>difficultates</span> <span class='ocrx_word' id='word_1_176' title='bbox 1051 1339 1143 1368; x_wconf 91' lang='lat' dir='ltr'>prae-</span> 
     </span>
     <span class='ocr_line' id='line_1_28' title="bbox 184 1371 1142 1411; baseline 0 -10"><span class='ocrx_word' id='word_1_177' title='bbox 184 1375 233 1401; x_wconf 87' lang='lat' dir='ltr'>ter</span> <span class='ocrx_word' id='word_1_178' title='bbox 281 1381 370 1411; x_wconf 89' lang='lat' dir='ltr'>spem</span> <span class='ocrx_word' id='word_1_179' title='bbox 419 1375 450 1401; x_wconf 90' lang='lat' dir='ltr'>et</span> <span class='ocrx_word' id='word_1_180' title='bbox 500 1371 770 1410; x_wconf 78' lang='lat' dir='ltr'>exspectationem</span> <span class='ocrx_word' id='word_1_181' title='bbox 819 1377 961 1402; x_wconf 88' lang='lat' dir='ltr'>nostram</span> <span class='ocrx_word' id='word_1_182' title='bbox 1004 1376 1142 1411; x_wconf 89' lang='lat' dir='ltr'>superet.</span> 
     </span>
     <span class='ocr_line' id='line_1_29' title="bbox 183 1413 1142 1454; baseline 0 -10"><span class='ocrx_word' id='word_1_183' title='bbox 183 1413 232 1444; x_wconf 90' lang='lat' dir='ltr'>Ac</span> <span class='ocrx_word' id='word_1_184' title='bbox 255 1414 280 1445; x_wconf 91' lang='lat' dir='ltr'>si</span> <span class='ocrx_word' id='word_1_185' title='bbox 313 1424 376 1444; x_wconf 91' lang='lat' dir='ltr'>non</span> <span class='ocrx_word' id='word_1_186' title='bbox 408 1418 473 1444; x_wconf 87' lang='lat' dir='ltr'>tam</span> <span class='ocrx_word' id='word_1_187' title='bbox 510 1413 581 1452; x_wconf 84' lang='lat' dir='ltr'>cito,</span> <span class='ocrx_word' id='word_1_188' title='bbox 615 1423 717 1453; x_wconf 87' lang='lat' dir='ltr'>neque</span> <span class='ocrx_word' id='word_1_189' title='bbox 747 1413 787 1444; x_wconf 87' lang='lat' dir='ltr'>iis</span> <span class='ocrx_word' id='word_1_190' title='bbox 815 1414 996 1445; x_wconf 85' lang='lat' dir='ltr'>rationibus</span> <span class='ocrx_word' id='word_1_191' title='bbox 1027 1413 1142 1454; x_wconf 90' lang='lat' dir='ltr'>quibus</span> 
     </span>
     <span class='ocr_line' id='line_1_30' title="bbox 183 1455 1143 1496; baseline 0 -9"><span class='ocrx_word' id='word_1_192' title='bbox 183 1461 369 1496; x_wconf 89' lang='lat' dir='ltr'>optaremus</span> <span class='ocrx_word' id='word_1_193' title='bbox 398 1456 561 1496; x_wconf 85' lang='lat' dir='ltr'>negotium</span> <span class='ocrx_word' id='word_1_194' title='bbox 593 1456 733 1493; x_wconf 87' lang='lat' dir='ltr'>conficit,</span> <span class='ocrx_word' id='word_1_195' title='bbox 770 1455 911 1488; x_wconf 84' lang='lat' dir='ltr'>sufficiat</span> <span class='ocrx_word' id='word_1_196' title='bbox 942 1456 1049 1487; x_wconf 91' lang='lat' dir='ltr'>Deum</span> <span class='ocrx_word' id='word_1_197' title='bbox 1086 1467 1143 1496; x_wconf 90' lang='lat' dir='ltr'>pro</span> 
     </span>
     <span class='ocr_line' id='line_1_31' title="bbox 183 1499 1142 1540; baseline 0 -11"><span class='ocrx_word' id='word_1_198' title='bbox 183 1509 242 1530; x_wconf 89' lang='lat' dir='ltr'>suo</span> <span class='ocrx_word' id='word_1_199' title='bbox 265 1499 399 1530; x_wconf 91' lang='lat' dir='ltr'>arbitrio</span> <span class='ocrx_word' id='word_1_200' title='bbox 421 1509 514 1529; x_wconf 87' lang='lat' dir='ltr'>suum</span> <span class='ocrx_word' id='word_1_201' title='bbox 538 1509 617 1538; x_wconf 92' lang='lat' dir='ltr'>opus</span> <span class='ocrx_word' id='word_1_202' title='bbox 639 1499 808 1538; x_wconf 83' lang='lat' dir='ltr'>perficere:</span> <span class='ocrx_word' id='word_1_203' title='bbox 833 1504 863 1530; x_wconf 90' lang='lat' dir='ltr'>et</span> <span class='ocrx_word' id='word_1_204' title='bbox 887 1499 978 1530; x_wconf 88' lang='lat' dir='ltr'>nobis</span> <span class='ocrx_word' id='word_1_205' title='bbox 1001 1500 1046 1530; x_wconf 90' lang='lat' dir='ltr'>illi</span> <span class='ocrx_word' id='word_1_206' title='bbox 1070 1509 1142 1540; x_wconf 85' lang='lat' dir='ltr'>gra-</span> 
     </span>
     <span class='ocr_line' id='line_1_32' title="bbox 183 1541 1142 1582; baseline 0 -10"><span class='ocrx_word' id='word_1_207' title='bbox 183 1542 245 1572; x_wconf 84' lang='lat' dir='ltr'>tias</span> <span class='ocrx_word' id='word_1_208' title='bbox 268 1541 393 1582; x_wconf 85' lang='lat' dir='ltr'>agendi,</span> <span class='ocrx_word' id='word_1_209' title='bbox 421 1552 517 1581; x_wconf 90' lang='lat' dir='ltr'>quum</span> <span class='ocrx_word' id='word_1_210' title='bbox 547 1542 579 1571; x_wconf 92' lang='lat' dir='ltr'>in</span> <span class='ocrx_word' id='word_1_211' title='bbox 603 1541 702 1581; x_wconf 88' lang='lat' dir='ltr'>ipsius</span> <span class='ocrx_word' id='word_1_212' title='bbox 733 1541 934 1574; x_wconf 84' lang='lat' dir='ltr'>invocatione</span> <span class='ocrx_word' id='word_1_213' title='bbox 963 1543 1142 1582; x_wconf 90' lang='lat' dir='ltr'>perrexeri-</span> 
     </span>
     <span class='ocr_line' id='line_1_33' title="bbox 183 1583 1141 1622; baseline 0.001 -8"><span class='ocrx_word' id='word_1_214' title='bbox 183 1594 265 1622; x_wconf 89' lang='lat' dir='ltr'>mus,</span> <span class='ocrx_word' id='word_1_215' title='bbox 296 1589 327 1614; x_wconf 88' lang='lat' dir='ltr'>et</span> <span class='ocrx_word' id='word_1_216' title='bbox 357 1595 428 1615; x_wconf 90' lang='lat' dir='ltr'>eum</span> <span class='ocrx_word' id='word_1_217' title='bbox 454 1584 486 1614; x_wconf 93' lang='lat' dir='ltr'>in</span> <span class='ocrx_word' id='word_1_218' title='bbox 510 1583 657 1615; x_wconf 89' lang='lat' dir='ltr'>omnibus</span> <span class='ocrx_word' id='word_1_219' title='bbox 688 1583 930 1616; x_wconf 87' lang='lat' dir='ltr'>difficultatibus</span> <span class='ocrx_word' id='word_1_220' title='bbox 961 1584 1141 1622; x_wconf 83' lang='lat' dir='ltr'>invocandi,</span> 
     </span>
     <span class='ocr_line' id='line_1_34' title="bbox 184 1626 1142 1668; baseline 0.001 -11"><span class='ocrx_word' id='word_1_221' title='bbox 184 1630 216 1657; x_wconf 89' lang='lat' dir='ltr'>et</span> <span class='ocrx_word' id='word_1_222' title='bbox 239 1627 272 1657; x_wconf 93' lang='lat' dir='ltr'>in</span> <span class='ocrx_word' id='word_1_223' title='bbox 296 1627 396 1667; x_wconf 90' lang='lat' dir='ltr'>ipsius</span> <span class='ocrx_word' id='word_1_224' title='bbox 420 1626 523 1667; x_wconf 88' lang='lat' dir='ltr'>gratia</span> <span class='ocrx_word' id='word_1_225' title='bbox 547 1626 695 1666; x_wconf 91' lang='lat' dir='ltr'>sperandi</span> <span class='ocrx_word' id='word_1_226' title='bbox 720 1627 822 1659; x_wconf 87' lang='lat' dir='ltr'>maius</span> <span class='ocrx_word' id='word_1_227' title='bbox 835 1638 960 1668; x_wconf 88' lang='lat' dir='ltr'>semper</span> <span class='ocrx_word' id='word_1_228' title='bbox 972 1638 1142 1667; x_wconf 83' lang='lat' dir='ltr'>argumen-</span> 
     </span>
     <span class='ocr_line' id='line_1_35' title="bbox 183 1669 528 1709; baseline -0.003 -9"><span class='ocrx_word' id='word_1_229' title='bbox 183 1674 252 1700; x_wconf 90' lang='lat' dir='ltr'>tum</span> <span class='ocrx_word' id='word_1_230' title='bbox 275 1669 453 1709; x_wconf 89' lang='lat' dir='ltr'>praebitum</span> <span class='ocrx_word' id='word_1_231' title='bbox 479 1669 528 1700; x_wconf 89' lang='lat' dir='ltr'>iri.</span> 
     </span>
    </p>

    <p class='ocr_par' dir='ltr' id='par_1_4' title="bbox 178 1711 1142 2689">
     <span class='ocr_line' id='line_1_36' title="bbox 268 1711 1142 1753; baseline 0.002 -11"><span class='ocrx_word' id='word_1_232' title='bbox 268 1712 369 1743; x_wconf 90' lang='lat' dir='ltr'>Porro</span> <span class='ocrx_word' id='word_1_233' title='bbox 393 1711 477 1751; x_wconf 89' lang='lat' dir='ltr'>quod</span> <span class='ocrx_word' id='word_1_234' title='bbox 495 1711 603 1742; x_wconf 87' lang='lat' dir='ltr'>David</span> <span class='ocrx_word' id='word_1_235' title='bbox 630 1712 847 1753; x_wconf 82' lang='lat' dir='ltr'>interrogatus</span> <span class='ocrx_word' id='word_1_236' title='bbox 866 1713 905 1744; x_wconf 90' lang='lat' dir='ltr'>ab</span> <span class='ocrx_word' id='word_1_237' title='bbox 928 1712 1034 1749; x_wconf 87' lang='lat' dir='ltr'>Achis,</span> <span class='ocrx_word' id='word_1_238' title='bbox 1058 1713 1142 1744; x_wconf 90' lang='lat' dir='ltr'>unde</span> 
     </span>
     <span class='ocr_line' id='line_1_37' title="bbox 183 1754 1142 1796; baseline 0.002 -11"><span class='ocrx_word' id='word_1_239' title='bbox 183 1754 318 1785; x_wconf 84' lang='lat' dir='ltr'>referret</span> <span class='ocrx_word' id='word_1_240' title='bbox 346 1754 461 1794; x_wconf 80' lang='lat' dir='ltr'>spolia,</span> <span class='ocrx_word' id='word_1_241' title='bbox 497 1759 528 1784; x_wconf 90' lang='lat' dir='ltr'>et</span> <span class='ocrx_word' id='word_1_242' title='bbox 558 1754 708 1794; x_wconf 79' lang='lat' dir='ltr'>praedam</span> <span class='ocrx_word' id='word_1_243' title='bbox 740 1760 858 1796; x_wconf 85' lang='lat' dir='ltr'>ageret,</span> <span class='ocrx_word' id='word_1_244' title='bbox 889 1756 1070 1796; x_wconf 86' lang='lat' dir='ltr'>respondit,</span> <span class='ocrx_word' id='word_1_245' title='bbox 1102 1767 1142 1787; x_wconf 82' lang='lat' dir='ltr'>ex</span> 
     </span>
     <span class='ocr_line' id='line_1_38' title="bbox 182 1796 1142 1836; baseline 0.002 -9"><span class='ocrx_word' id='word_1_246' title='bbox 182 1796 360 1828; x_wconf 87' lang='lat' dir='ltr'>meridiano</span> <span class='ocrx_word' id='word_1_247' title='bbox 385 1801 489 1828; x_wconf 88' lang='lat' dir='ltr'>tractu</span> <span class='ocrx_word' id='word_1_248' title='bbox 512 1796 658 1832; x_wconf 82' lang='lat' dir='ltr'>Iudaeae,</span> <span class='ocrx_word' id='word_1_249' title='bbox 690 1798 720 1828; x_wconf 94' lang='lat' dir='ltr'>in</span> <span class='ocrx_word' id='word_1_250' title='bbox 753 1808 798 1836; x_wconf 87' lang='lat' dir='ltr'>eo,</span> <span class='ocrx_word' id='word_1_251' title='bbox 830 1799 875 1828; x_wconf 89' lang='lat' dir='ltr'>uti</span> <span class='ocrx_word' id='word_1_252' title='bbox 908 1798 1064 1836; x_wconf 85' lang='lat' dir='ltr'>diximus,</span> <span class='ocrx_word' id='word_1_253' title='bbox 1094 1804 1142 1829; x_wconf 86' lang='lat' dir='ltr'>est</span> 
     </span>
     <span class='ocr_line' id='line_1_39' title="bbox 182 1839 1142 1881; baseline 0.002 -11"><span class='ocrx_word' id='word_1_254' title='bbox 182 1839 460 1871; x_wconf 80' lang='lat' dir='ltr'>condemnandus:</span> <span class='ocrx_word' id='word_1_255' title='bbox 486 1850 579 1879; x_wconf 86' lang='lat' dir='ltr'>quam</span> <span class='ocrx_word' id='word_1_256' title='bbox 604 1844 712 1870; x_wconf 85' lang='lat' dir='ltr'>tamen</span> <span class='ocrx_word' id='word_1_257' title='bbox 735 1841 862 1881; x_wconf 90' lang='lat' dir='ltr'>culpam</span> <span class='ocrx_word' id='word_1_258' title='bbox 886 1841 931 1871; x_wconf 92' lang='lat' dir='ltr'>illi</span> <span class='ocrx_word' id='word_1_259' title='bbox 956 1841 1046 1872; x_wconf 89' lang='lat' dir='ltr'>Deus</span> <span class='ocrx_word' id='word_1_260' title='bbox 1070 1851 1142 1872; x_wconf 83' lang='lat' dir='ltr'>con-</span> 
     </span>
     <span class='ocr_line' id='line_1_40' title="bbox 182 1881 1140 1922; baseline 0.002 -10"><span class='ocrx_word' id='word_1_261' title='bbox 182 1881 332 1919; x_wconf 83' lang='lat' dir='ltr'>donavit,</span> <span class='ocrx_word' id='word_1_262' title='bbox 367 1887 398 1912; x_wconf 88' lang='lat' dir='ltr'>et</span> <span class='ocrx_word' id='word_1_263' title='bbox 432 1882 479 1912; x_wconf 92' lang='lat' dir='ltr'>illi</span> <span class='ocrx_word' id='word_1_264' title='bbox 514 1882 651 1922; x_wconf 83' lang='lat' dir='ltr'>gratiam</span> <span class='ocrx_word' id='word_1_265' title='bbox 688 1894 780 1914; x_wconf 89' lang='lat' dir='ltr'>suam</span> <span class='ocrx_word' id='word_1_266' title='bbox 810 1894 872 1914; x_wconf 91' lang='lat' dir='ltr'>non</span> <span class='ocrx_word' id='word_1_267' title='bbox 904 1884 1051 1915; x_wconf 84' lang='lat' dir='ltr'>obstante</span> <span class='ocrx_word' id='word_1_268' title='bbox 1079 1884 1140 1915; x_wconf 89' lang='lat' dir='ltr'>isto</span> 
     </span>
     <span class='ocr_line' id='line_1_41' title="bbox 181 1924 1140 1967; baseline 0.002 -12"><span class='ocrx_word' id='word_1_269' title='bbox 181 1924 410 1965; x_wconf 89' lang='lat' dir='ltr'>impedimento</span> <span class='ocrx_word' id='word_1_270' title='bbox 444 1935 506 1955; x_wconf 89' lang='lat' dir='ltr'>non</span> <span class='ocrx_word' id='word_1_271' title='bbox 538 1924 661 1955; x_wconf 81' lang='lat' dir='ltr'>destitit</span> <span class='ocrx_word' id='word_1_272' title='bbox 692 1926 859 1966; x_wconf 87' lang='lat' dir='ltr'>impertiri.</span> <span class='ocrx_word' id='word_1_273' title='bbox 910 1926 996 1957; x_wconf 90' lang='lat' dir='ltr'>Hinc</span> <span class='ocrx_word' id='word_1_274' title='bbox 1033 1927 1140 1967; x_wconf 85' lang='lat' dir='ltr'>itaque</span> 
     </span>
     <span class='ocr_line' id='line_1_42' title="bbox 181 1966 1140 2009; baseline 0.003 -12"><span class='ocrx_word' id='word_1_275' title='bbox 181 1966 349 2005; x_wconf 87' lang='lat' dir='ltr'>discamus,</span> <span class='ocrx_word' id='word_1_276' title='bbox 374 1977 433 1997; x_wconf 87' lang='lat' dir='ltr'>nos</span> <span class='ocrx_word' id='word_1_277' title='bbox 456 1967 529 1998; x_wconf 89' lang='lat' dir='ltr'>lieet</span> <span class='ocrx_word' id='word_1_278' title='bbox 552 1968 738 1999; x_wconf 86' lang='lat' dir='ltr'>infirmitate</span> <span class='ocrx_word' id='word_1_279' title='bbox 762 1969 869 2008; x_wconf 90' lang='lat' dir='ltr'>aliqua</span> <span class='ocrx_word' id='word_1_280' title='bbox 892 1968 1084 2009; x_wconf 78' lang='lat' dir='ltr'>laborantes,</span> <span class='ocrx_word' id='word_1_281' title='bbox 1109 1975 1140 2000; x_wconf 89' lang='lat' dir='ltr'>et</span> 
     </span>
     <span class='ocr_line' id='line_1_43' title="bbox 180 2010 1138 2050; baseline 0.002 -10"><span class='ocrx_word' id='word_1_282' title='bbox 180 2020 246 2041; x_wconf 92' lang='lat' dir='ltr'>non</span> <span class='ocrx_word' id='word_1_283' title='bbox 277 2014 341 2040; x_wconf 85' lang='lat' dir='ltr'>tam</span> <span class='ocrx_word' id='word_1_284' title='bbox 371 2010 526 2050; x_wconf 84' lang='lat' dir='ltr'>perfectos</span> <span class='ocrx_word' id='word_1_285' title='bbox 555 2021 648 2050; x_wconf 91' lang='lat' dir='ltr'>quam</span> <span class='ocrx_word' id='word_1_286' title='bbox 681 2021 739 2050; x_wconf 88' lang='lat' dir='ltr'>par</span> <span class='ocrx_word' id='word_1_287' title='bbox 769 2018 862 2050; x_wconf 88' lang='lat' dir='ltr'>esset,</span> <span class='ocrx_word' id='word_1_288' title='bbox 895 2012 998 2042; x_wconf 89' lang='lat' dir='ltr'>Deum</span> <span class='ocrx_word' id='word_1_289' title='bbox 1031 2017 1138 2043; x_wconf 87' lang='lat' dir='ltr'>tamen</span> 
     </span>
     <span class='ocr_line' id='line_1_44' title="bbox 178 2052 1138 2092; baseline 0.002 -9"><span class='ocrx_word' id='word_1_290' title='bbox 178 2052 347 2092; x_wconf 85' lang='lat' dir='ltr'>respicere,</span> <span class='ocrx_word' id='word_1_291' title='bbox 369 2058 401 2083; x_wconf 88' lang='lat' dir='ltr'>et</span> <span class='ocrx_word' id='word_1_292' title='bbox 424 2054 525 2082; x_wconf 83' lang='lat' dir='ltr'>nostri</span> <span class='ocrx_word' id='word_1_293' title='bbox 549 2053 708 2084; x_wconf 86' lang='lat' dir='ltr'>misereri:</span> <span class='ocrx_word' id='word_1_294' title='bbox 734 2054 789 2084; x_wconf 90' lang='lat' dir='ltr'>sed</span> <span class='ocrx_word' id='word_1_295' title='bbox 813 2054 943 2085; x_wconf 88' lang='lat' dir='ltr'>interim</span> <span class='ocrx_word' id='word_1_296' title='bbox 967 2064 1138 2086; x_wconf 87' lang='lat' dir='ltr'>caveamus</span> 
     </span>
     <span class='ocr_line' id='line_1_45' title="bbox 178 2094 1137 2137; baseline 0.002 -11"><span class='ocrx_word' id='word_1_297' title='bbox 178 2094 315 2126; x_wconf 91' lang='lat' dir='ltr'>Davidis</span> <span class='ocrx_word' id='word_1_298' title='bbox 348 2095 468 2125; x_wconf 86' lang='lat' dir='ltr'>imitari</span> <span class='ocrx_word' id='word_1_299' title='bbox 500 2100 639 2134; x_wconf 88' lang='lat' dir='ltr'>peccata,</span> <span class='ocrx_word' id='word_1_300' title='bbox 674 2102 711 2126; x_wconf 91' lang='lat' dir='ltr'>ut</span> <span class='ocrx_word' id='word_1_301' title='bbox 744 2096 838 2127; x_wconf 89' lang='lat' dir='ltr'>multi</span> <span class='ocrx_word' id='word_1_302' title='bbox 874 2097 978 2127; x_wconf 89' lang='lat' dir='ltr'>solent</span> <span class='ocrx_word' id='word_1_303' title='bbox 1010 2097 1137 2137; x_wconf 85' lang='lat' dir='ltr'>profani</span> 
     </span>
     <span class='ocr_line' id='line_1_46' title="bbox 178 2137 1135 2178; baseline 0.004 -11"><span class='ocrx_word' id='word_1_304' title='bbox 178 2137 325 2168; x_wconf 89' lang='lat' dir='ltr'>homines</span> <span class='ocrx_word' id='word_1_305' title='bbox 343 2137 524 2168; x_wconf 89' lang='lat' dir='ltr'>istiusmodi</span> <span class='ocrx_word' id='word_1_306' title='bbox 544 2138 699 2178; x_wconf 88' lang='lat' dir='ltr'>exemplis</span> <span class='ocrx_word' id='word_1_307' title='bbox 723 2150 780 2170; x_wconf 89' lang='lat' dir='ltr'>sua</span> <span class='ocrx_word' id='word_1_308' title='bbox 801 2139 879 2170; x_wconf 89' lang='lat' dir='ltr'>vitia</span> <span class='ocrx_word' id='word_1_309' title='bbox 897 2139 1021 2171; x_wconf 90' lang='lat' dir='ltr'>fovere:</span> <span class='ocrx_word' id='word_1_310' title='bbox 1047 2141 1135 2171; x_wconf 91' lang='lat' dir='ltr'>Deus</span> 
     </span>
     <span class='ocr_line' id='line_1_47' title="bbox 178 2179 1137 2223; baseline 0.005 -14"><span class='ocrx_word' id='word_1_311' title='bbox 178 2179 307 2220; x_wconf 87' lang='lat' dir='ltr'>quidem</span> <span class='ocrx_word' id='word_1_312' title='bbox 342 2179 503 2210; x_wconf 90' lang='lat' dir='ltr'>Davidem</span> <span class='ocrx_word' id='word_1_313' title='bbox 542 2186 726 2219; x_wconf 85' lang='lat' dir='ltr'>peccantem</span> <span class='ocrx_word' id='word_1_314' title='bbox 767 2182 856 2219; x_wconf 90' lang='lat' dir='ltr'>tulit,</span> <span class='ocrx_word' id='word_1_315' title='bbox 898 2193 995 2221; x_wconf 89' lang='lat' dir='ltr'>quare</span> <span class='ocrx_word' id='word_1_316' title='bbox 1036 2183 1137 2223; x_wconf 86' lang='lat' dir='ltr'>igitur</span> 
     </span>
     <span class='ocr_line' id='line_1_48' title="bbox 180 2223 1136 2265; baseline 0.002 -11"><span class='ocrx_word' id='word_1_317' title='bbox 180 2223 323 2254; x_wconf 87' lang='lat' dir='ltr'>severius</span> <span class='ocrx_word' id='word_1_318' title='bbox 346 2223 510 2254; x_wconf 91' lang='lat' dir='ltr'>nobiscum</span> <span class='ocrx_word' id='word_1_319' title='bbox 535 2223 667 2263; x_wconf 83' lang='lat' dir='ltr'>ageret?</span> <span class='ocrx_word' id='word_1_320' title='bbox 692 2223 835 2264; x_wconf 90' lang='lat' dir='ltr'>Indeque</span> <span class='ocrx_word' id='word_1_321' title='bbox 848 2225 935 2256; x_wconf 89' lang='lat' dir='ltr'>vitiis</span> <span class='ocrx_word' id='word_1_322' title='bbox 947 2225 1136 2265; x_wconf 86' lang='lat' dir='ltr'>indulgendi</span> 
     </span>
     <span class='ocr_line' id='line_1_49' title="bbox 179 2265 1136 2307; baseline 0.004 -12"><span class='ocrx_word' id='word_1_323' title='bbox 179 2265 377 2296; x_wconf 86' lang='lat' dir='ltr'>occasionem</span> <span class='ocrx_word' id='word_1_324' title='bbox 397 2265 568 2305; x_wconf 87' lang='lat' dir='ltr'>accipiunt.</span> <span class='ocrx_word' id='word_1_325' title='bbox 613 2265 701 2305; x_wconf 80' lang='lat' dir='ltr'>Quin</span> <span class='ocrx_word' id='word_1_326' title='bbox 725 2268 828 2306; x_wconf 90' lang='lat' dir='ltr'>potius</span> <span class='ocrx_word' id='word_1_327' title='bbox 852 2267 928 2298; x_wconf 90' lang='lat' dir='ltr'>hine</span> <span class='ocrx_word' id='word_1_328' title='bbox 955 2275 1073 2307; x_wconf 88' lang='lat' dir='ltr'>quanta</span> <span class='ocrx_word' id='word_1_329' title='bbox 1095 2269 1136 2299; x_wconf 89' lang='lat' dir='ltr'>sit</span> 
     </span>
     <span class='ocr_line' id='line_1_50' title="bbox 179 2307 1134 2350; baseline 0.004 -12"><span class='ocrx_word' id='word_1_330' title='bbox 179 2307 346 2339; x_wconf 88' lang='lat' dir='ltr'>hominum</span> <span class='ocrx_word' id='word_1_331' title='bbox 369 2308 542 2338; x_wconf 88' lang='lat' dir='ltr'>infirmitas</span> <span class='ocrx_word' id='word_1_332' title='bbox 565 2318 785 2348; x_wconf 79' lang='lat' dir='ltr'>agnoscamus.</span> <span class='ocrx_word' id='word_1_333' title='bbox 809 2310 861 2349; x_wconf 92' lang='lat' dir='ltr'>qui</span> <span class='ocrx_word' id='word_1_334' title='bbox 884 2310 957 2341; x_wconf 87' lang='lat' dir='ltr'>licet</span> <span class='ocrx_word' id='word_1_335' title='bbox 978 2321 1035 2350; x_wconf 91' lang='lat' dir='ltr'>pro</span> <span class='ocrx_word' id='word_1_336' title='bbox 1061 2312 1134 2342; x_wconf 86' lang='lat' dir='ltr'>viri-</span> 
     </span>
     <span class='ocr_line' id='line_1_51' title="bbox 179 2349 1134 2392; baseline 0.004 -12"><span class='ocrx_word' id='word_1_337' title='bbox 179 2349 240 2381; x_wconf 87' lang='lat' dir='ltr'>bus</span> <span class='ocrx_word' id='word_1_338' title='bbox 263 2349 304 2380; x_wconf 84' lang='lat' dir='ltr'>ad</span> <span class='ocrx_word' id='word_1_339' title='bbox 326 2350 464 2381; x_wconf 90' lang='lat' dir='ltr'>virtutes</span> <span class='ocrx_word' id='word_1_340' title='bbox 486 2350 628 2382; x_wconf 91' lang='lat' dir='ltr'>studium</span> <span class='ocrx_word' id='word_1_341' title='bbox 652 2362 746 2383; x_wconf 89' lang='lat' dir='ltr'>suum</span> <span class='ocrx_word' id='word_1_342' title='bbox 770 2352 941 2392; x_wconf 81' lang='lat' dir='ltr'>applicent,</span> <span class='ocrx_word' id='word_1_343' title='bbox 972 2353 1134 2385; x_wconf 88' lang='lat' dir='ltr'>nihilomi-</span> 
     </span>
     <span class='ocr_line' id='line_1_52' title="bbox 179 2393 1135 2433; baseline 0.004 -10"><span class='ocrx_word' id='word_1_344' title='bbox 179 2403 241 2423; x_wconf 90' lang='lat' dir='ltr'>nus</span> <span class='ocrx_word' id='word_1_345' title='bbox 265 2396 371 2424; x_wconf 89' lang='lat' dir='ltr'>tamen</span> <span class='ocrx_word' id='word_1_346' title='bbox 403 2394 586 2433; x_wconf 85' lang='lat' dir='ltr'>saepissime</span> <span class='ocrx_word' id='word_1_347' title='bbox 616 2393 649 2424; x_wconf 91' lang='lat' dir='ltr'>in</span> <span class='ocrx_word' id='word_1_348' title='bbox 680 2395 791 2426; x_wconf 89' lang='lat' dir='ltr'>multis</span> <span class='ocrx_word' id='word_1_349' title='bbox 820 2395 995 2426; x_wconf 79' lang='lat' dir='ltr'>offendunt.</span> <span class='ocrx_word' id='word_1_350' title='bbox 1049 2396 1135 2428; x_wconf 80' lang='lat' dir='ltr'>Sane</span> 
     </span>
     <span class='ocr_line' id='line_1_53' title="bbox 179 2434 1136 2477; baseline 0.005 -12"><span class='ocrx_word' id='word_1_351' title='bbox 179 2434 288 2466; x_wconf 87' lang='lat' dir='ltr'>David</span> <span class='ocrx_word' id='word_1_352' title='bbox 313 2446 479 2476; x_wconf 89' lang='lat' dir='ltr'>nunquam</span> <span class='ocrx_word' id='word_1_353' title='bbox 503 2441 566 2466; x_wconf 88' lang='lat' dir='ltr'>tam</span> <span class='ocrx_word' id='word_1_354' title='bbox 587 2436 785 2468; x_wconf 88' lang='lat' dir='ltr'>inordinatos</span> <span class='ocrx_word' id='word_1_355' title='bbox 804 2438 936 2469; x_wconf 85' lang='lat' dir='ltr'>affectus</span> <span class='ocrx_word' id='word_1_356' title='bbox 955 2438 1075 2477; x_wconf 89' lang='lat' dir='ltr'>habuit,</span> <span class='ocrx_word' id='word_1_357' title='bbox 1101 2444 1136 2470; x_wconf 90' lang='lat' dir='ltr'>ut</span> 
     </span>
     <span class='ocr_line' id='line_1_54' title="bbox 181 2476 1135 2522; baseline 0.007 -15"><span class='ocrx_word' id='word_1_358' title='bbox 181 2487 199 2508; x_wconf 88' lang='lat' dir='ltr'>a</span> <span class='ocrx_word' id='word_1_359' title='bbox 212 2476 274 2508; x_wconf 87' lang='lat' dir='ltr'>Dei</span> <span class='ocrx_word' id='word_1_360' title='bbox 293 2478 470 2509; x_wconf 86' lang='lat' dir='ltr'>obedientia</span> <span class='ocrx_word' id='word_1_361' title='bbox 486 2478 646 2510; x_wconf 86' lang='lat' dir='ltr'>discedere</span> <span class='ocrx_word' id='word_1_362' title='bbox 660 2485 807 2519; x_wconf 84' lang='lat' dir='ltr'>cuperet:</span> <span class='ocrx_word' id='word_1_363' title='bbox 831 2480 884 2512; x_wconf 89' lang='lat' dir='ltr'>sed</span> <span class='ocrx_word' id='word_1_364' title='bbox 898 2487 1010 2512; x_wconf 81' lang='lat' dir='ltr'>contra</span> <span class='ocrx_word' id='word_1_365' title='bbox 1029 2483 1135 2522; x_wconf 90' lang='lat' dir='ltr'>potius</span> 
     </span>
     <span class='ocr_line' id='line_1_55' title="bbox 181 2520 1133 2556; baseline 0.006 -6"><span class='ocrx_word' id='word_1_366' title='bbox 181 2520 266 2550; x_wconf 90' lang='lat' dir='ltr'>omni</span> <span class='ocrx_word' id='word_1_367' title='bbox 297 2521 401 2552; x_wconf 90' lang='lat' dir='ltr'>studio</span> <span class='ocrx_word' id='word_1_368' title='bbox 434 2521 467 2551; x_wconf 93' lang='lat' dir='ltr'>in</span> <span class='ocrx_word' id='word_1_369' title='bbox 502 2532 572 2552; x_wconf 90' lang='lat' dir='ltr'>eam</span> <span class='ocrx_word' id='word_1_370' title='bbox 605 2522 764 2553; x_wconf 89' lang='lat' dir='ltr'>incubuit:</span> <span class='ocrx_word' id='word_1_371' title='bbox 798 2523 925 2554; x_wconf 86' lang='lat' dir='ltr'>interim</span> <span class='ocrx_word' id='word_1_372' title='bbox 959 2529 1066 2556; x_wconf 86' lang='lat' dir='ltr'>tamen</span> <span class='ocrx_word' id='word_1_373' title='bbox 1101 2526 1133 2556; x_wconf 92' lang='lat' dir='ltr'>in</span> 
     </span>
     <span class='ocr_line' id='line_1_56' title="bbox 180 2564 1134 2603; baseline 0.006 -11"><span class='ocrx_word' id='word_1_374' title='bbox 180 2565 286 2592; x_wconf 87' lang='lat' dir='ltr'>tantas</span> <span class='ocrx_word' id='word_1_375' title='bbox 320 2564 467 2594; x_wconf 88' lang='lat' dir='ltr'>redactus</span> <span class='ocrx_word' id='word_1_376' title='bbox 501 2569 570 2595; x_wconf 88' lang='lat' dir='ltr'>erat</span> <span class='ocrx_word' id='word_1_377' title='bbox 603 2566 767 2603; x_wconf 86' lang='lat' dir='ltr'>angustias</span> <span class='ocrx_word' id='word_1_378' title='bbox 801 2571 838 2596; x_wconf 91' lang='lat' dir='ltr'>ut</span> <span class='ocrx_word' id='word_1_379' title='bbox 877 2576 941 2596; x_wconf 91' lang='lat' dir='ltr'>non</span> <span class='ocrx_word' id='word_1_380' title='bbox 972 2566 1034 2598; x_wconf 86' lang='lat' dir='ltr'>labi</span> <span class='ocrx_word' id='word_1_381' title='bbox 1069 2578 1134 2599; x_wconf 89' lang='lat' dir='ltr'>non</span> 
     </span>
     <span class='ocr_line' id='line_1_57' title="bbox 180 2604 1134 2645; baseline 0.007 -11"><span class='ocrx_word' id='word_1_382' title='bbox 180 2604 331 2645; x_wconf 88' lang='lat' dir='ltr'>potuerit.</span> <span class='ocrx_word' id='word_1_383' title='bbox 375 2605 469 2644; x_wconf 89' lang='lat' dir='ltr'>Quod</span> <span class='ocrx_word' id='word_1_384' title='bbox 499 2607 526 2637; x_wconf 91' lang='lat' dir='ltr'>si</span> <span class='ocrx_word' id='word_1_385' title='bbox 550 2612 640 2637; x_wconf 86' lang='lat' dir='ltr'>tanto</span> <span class='ocrx_word' id='word_1_386' title='bbox 662 2608 739 2645; x_wconf 85' lang='lat' dir='ltr'>viro,</span> <span class='ocrx_word' id='word_1_387' title='bbox 773 2612 820 2639; x_wconf 89' lang='lat' dir='ltr'>tot</span> <span class='ocrx_word' id='word_1_388' title='bbox 846 2609 1019 2641; x_wconf 90' lang='lat' dir='ltr'>virtutibus</span> <span class='ocrx_word' id='word_1_389' title='bbox 1049 2611 1134 2641; x_wconf 87' lang='lat' dir='ltr'>claro</span> 
     </span>
     <span class='ocr_line' id='line_1_58' title="bbox 181 2646 1134 2689; baseline 0.006 -11"><span class='ocrx_word' id='word_1_390' title='bbox 181 2651 212 2678; x_wconf 86' lang='lat' dir='ltr'>et</span> <span class='ocrx_word' id='word_1_391' title='bbox 245 2646 363 2687; x_wconf 84' lang='lat' dir='ltr'>insigni</span> <span class='ocrx_word' id='word_1_392' title='bbox 395 2649 545 2689; x_wconf 88' lang='lat' dir='ltr'>contigit,</span> <span class='ocrx_word' id='word_1_393' title='bbox 580 2649 672 2689; x_wconf 87' lang='lat' dir='ltr'>quid,</span> <span class='ocrx_word' id='word_1_394' title='bbox 706 2651 850 2689; x_wconf 87' lang='lat' dir='ltr'>obsecro,</span> <span class='ocrx_word' id='word_1_395' title='bbox 885 2652 976 2683; x_wconf 90' lang='lat' dir='ltr'>nobis</span> <span class='ocrx_word' id='word_1_396' title='bbox 1009 2653 1134 2685; x_wconf 90' lang='lat' dir='ltr'>miseris</span> 
     </span>
    </p>

    <p class='ocr_par' dir='ltr' id='par_1_5' title="bbox 277 2696 701 2731">
     <span class='ocr_line' id='line_1_59' title="bbox 277 2696 701 2731; baseline 0.009 -9"><span class='ocrx_word' id='word_1_397' title='bbox 277 2696 386 2723; x_wconf 74' lang='lat' dir='ltr'>calvini</span> <span class='ocrx_word' id='word_1_398' title='bbox 401 2705 492 2731; x_wconf 42' lang='lat' dir='ltr'>opera.</span> <span class='ocrx_word' id='word_1_399' title='bbox 530 2699 590 2726; x_wconf 85' lang='lat' dir='ltr'>Vol.</span> <span class='ocrx_word' id='word_1_400' title='bbox 605 2699 701 2726; x_wconf 88' lang='lat' dir='ltr'><em>XXX.</em></span> 
     </span>
    </p>
   </div>
   <div class='ocr_carea' id='block_1_4' title="bbox 809 213 1528 250">
    <p class='ocr_par' dir='ltr' id='par_1_6' title="bbox 809 213 1528 250">
     <span class='ocr_line' id='line_1_60' title="bbox 809 213 1528 250; baseline 0.001 -4"><span class='ocrx_word' id='word_1_401' title='bbox 809 215 856 246; x_wconf 95' lang='lat' dir='ltr'>IN</span> <span class='ocrx_word' id='word_1_402' title='bbox 878 215 905 246; x_wconf 86' lang='grc' dir='ltr'>Ι.</span> <span class='ocrx_word' id='word_1_403' title='bbox 929 214 1016 250; x_wconf 64' lang='lat'>11113.</span> <span class='ocrx_word' id='word_1_404' title='bbox 1040 213 1237 246; x_wconf 81' lang='lat' dir='ltr'>SAMUEL.</span> <span class='ocrx_word' id='word_1_405' title='bbox 1262 214 1358 246; x_wconf 81' lang='lat' dir='ltr'>OAP.</span> <span class='ocrx_word' id='word_1_406' title='bbox 1383 216 1528 247; x_wconf 83' lang='lat' dir='ltr'>XXVII.</span> 
     </span>
    </p>
   </div>
   <div class='ocr_carea' id='block_1_5' title="bbox 1166 478 1179 1980">
    <p class='ocr_par' dir='ltr' id='par_1_7' title="bbox 1166 478 1179 1980">
     <span class='ocr_line' id='line_1_61' title="bbox 1166 478 1179 1980; baseline 0 0"><span class='ocrx_word' id='word_1_407' title='bbox 1166 478 1179 1980; x_wconf 95' lang='lat' dir='ltr'> </span> 
     </span>
    </p>
   </div>
   <div class='ocr_carea' id='block_1_6' title="bbox 2094 217 2156 248">
    <p class='ocr_par' dir='ltr' id='par_1_8' title="bbox 2094 217 2156 248">
     <span class='ocr_line' id='line_1_62' title="bbox 2094 217 2156 248; baseline 0.032 -2"><span class='ocrx_word' id='word_1_408' title='bbox 2094 217 2156 248; x_wconf 77' lang='lat'>626</span> 
     </span>
    </p>
   </div>
   <div class='ocr_carea' id='block_1_7' title="bbox 1189 308 2155 2310">
    <p class='ocr_par' dir='ltr' id='par_1_9' title="bbox 1189 308 2155 2310">
     <span class='ocr_line' id='line_1_63' title="bbox 1196 308 2154 352; baseline 0.004 -14"><span class='ocrx_word' id='word_1_409' title='bbox 1196 308 1339 339; x_wconf 87' lang='lat' dir='ltr'>futurum</span> <span class='ocrx_word' id='word_1_410' title='bbox 1375 309 1443 339; x_wconf 81' lang='lat' dir='ltr'>est?</span> <span class='ocrx_word' id='word_1_411' title='bbox 1489 310 1596 349; x_wconf 81' lang='lat' dir='ltr'>Quare</span> <span class='ocrx_word' id='word_1_412' title='bbox 1631 311 1767 342; x_wconf 87' lang='lat' dir='ltr'>Davidis</span> <span class='ocrx_word' id='word_1_413' title='bbox 1801 311 1984 351; x_wconf 86' lang='lat' dir='ltr'>exemplum</span> <span class='ocrx_word' id='word_1_414' title='bbox 2018 311 2154 352; x_wconf 85' lang='lat' dir='ltr'>proponi</span> 
     </span>
     <span class='ocr_line' id='line_1_64' title="bbox 1196 350 2152 394; baseline 0.005 -14"><span class='ocrx_word' id='word_1_415' title='bbox 1196 350 1333 381; x_wconf 83' lang='lat' dir='ltr'>sciamus</span> <span class='ocrx_word' id='word_1_416' title='bbox 1357 352 1455 390; x_wconf 90' lang='lat' dir='ltr'>nobis,</span> <span class='ocrx_word' id='word_1_417' title='bbox 1480 359 1513 383; x_wconf 87' lang='lat' dir='ltr'>ut</span> <span class='ocrx_word' id='word_1_418' title='bbox 1534 354 1617 384; x_wconf 89' lang='lat' dir='ltr'>intra</span> <span class='ocrx_word' id='word_1_419' title='bbox 1635 355 1754 394; x_wconf 76' lang='lat' dir='ltr'>positos</span> <span class='ocrx_word' id='word_1_420' title='bbox 1772 354 1893 385; x_wconf 88' lang='lat' dir='ltr'>limites</span> <span class='ocrx_word' id='word_1_421' title='bbox 1916 364 1974 385; x_wconf 91' lang='lat' dir='ltr'>nos</span> <span class='ocrx_word' id='word_1_422' title='bbox 1992 354 2152 385; x_wconf 85' lang='lat' dir='ltr'>continea-</span> 
     </span>
     <span class='ocr_line' id='line_1_65' title="bbox 1196 395 2152 436; baseline 0.005 -14"><span class='ocrx_word' id='word_1_423' title='bbox 1196 403 1283 432; x_wconf 87' lang='lat' dir='ltr'>mus,</span> <span class='ocrx_word' id='word_1_424' title='bbox 1310 398 1341 423; x_wconf 89' lang='lat' dir='ltr'>ct</span> <span class='ocrx_word' id='word_1_425' title='bbox 1365 405 1404 424; x_wconf 87' lang='lat' dir='ltr'>ne</span> <span class='ocrx_word' id='word_1_426' title='bbox 1428 395 1526 425; x_wconf 89' lang='lat' dir='ltr'>latum</span> <span class='ocrx_word' id='word_1_427' title='bbox 1551 407 1691 436; x_wconf 70' lang='lat' dir='ltr'>unguem</span> <span class='ocrx_word' id='word_1_428' title='bbox 1715 408 1733 427; x_wconf 88' lang='lat' dir='ltr'>a</span> <span class='ocrx_word' id='word_1_429' title='bbox 1757 397 1816 428; x_wconf 89' lang='lat' dir='ltr'>Dei</span> <span class='ocrx_word' id='word_1_430' title='bbox 1840 397 2002 427; x_wconf 79' lang='lat' dir='ltr'>mandatis</span> <span class='ocrx_word' id='word_1_431' title='bbox 2030 396 2152 428; x_wconf 83' lang='lat' dir='ltr'>resilia-</span> 
     </span>
     <span class='ocr_line' id='line_1_66' title="bbox 1195 436 2152 479; baseline 0.005 -14"><span class='ocrx_word' id='word_1_432' title='bbox 1195 445 1283 466; x_wconf 89' lang='lat' dir='ltr'>mus:</span> <span class='ocrx_word' id='word_1_433' title='bbox 1316 446 1351 466; x_wconf 84' lang='lat' dir='ltr'>ac</span> <span class='ocrx_word' id='word_1_434' title='bbox 1382 436 1409 466; x_wconf 91' lang='lat' dir='ltr'>si</span> <span class='ocrx_word' id='word_1_435' title='bbox 1433 437 1507 476; x_wconf 89' lang='lat' dir='ltr'>quid</span> <span class='ocrx_word' id='word_1_436' title='bbox 1532 439 1592 468; x_wconf 89' lang='lat' dir='ltr'>crit</span> <span class='ocrx_word' id='word_1_437' title='bbox 1616 450 1633 468; x_wconf 81' lang='lat' dir='ltr'>a</span> <span class='ocrx_word' id='word_1_438' title='bbox 1655 439 1746 470; x_wconf 78' lang='lat' dir='ltr'>nobis</span> <span class='ocrx_word' id='word_1_439' title='bbox 1776 446 1951 479; x_wconf 87' lang='lat' dir='ltr'>peccatum,</span> <span class='ocrx_word' id='word_1_440' title='bbox 1982 439 2020 469; x_wconf 89' lang='lat' dir='ltr'>ad</span> <span class='ocrx_word' id='word_1_441' title='bbox 2050 439 2152 479; x_wconf 87' lang='lat' dir='ltr'>ipsius</span> 
     </span>
     <span class='ocr_line' id='line_1_67' title="bbox 1196 477 2150 520; baseline 0.007 -14"><span class='ocrx_word' id='word_1_442' title='bbox 1196 477 1445 509; x_wconf 88' lang='lat' dir='ltr'>misericordiam</span> <span class='ocrx_word' id='word_1_443' title='bbox 1469 480 1702 520; x_wconf 80' lang='lat' dir='ltr'>confugiamus,</span> <span class='ocrx_word' id='word_1_444' title='bbox 1727 486 1759 512; x_wconf 91' lang='lat' dir='ltr'>et</span> <span class='ocrx_word' id='word_1_445' title='bbox 1782 482 1856 513; x_wconf 89' lang='lat' dir='ltr'>licet</span> <span class='ocrx_word' id='word_1_446' title='bbox 1879 492 1942 512; x_wconf 91' lang='lat' dir='ltr'>non</span> <span class='ocrx_word' id='word_1_447' title='bbox 1957 482 2037 512; x_wconf 79' lang='lat' dir='ltr'>tales</span> <span class='ocrx_word' id='word_1_448' title='bbox 2050 482 2150 513; x_wconf 87' lang='lat' dir='ltr'>simus</span> 
     </span>
     <span class='ocr_line' id='line_1_68' title="bbox 1197 520 2149 564; baseline 0.006 -15"><span class='ocrx_word' id='word_1_449' title='bbox 1197 520 1308 559; x_wconf 86' lang='lat' dir='ltr'>quales</span> <span class='ocrx_word' id='word_1_450' title='bbox 1332 531 1400 551; x_wconf 88' lang='lat' dir='ltr'>esse</span> <span class='ocrx_word' id='word_1_451' title='bbox 1425 532 1487 552; x_wconf 91' lang='lat' dir='ltr'>non</span> <span class='ocrx_word' id='word_1_452' title='bbox 1511 524 1687 563; x_wconf 80' lang='lat' dir='ltr'>oportebat,</span> <span class='ocrx_word' id='word_1_453' title='bbox 1711 524 1920 555; x_wconf 90' lang='lat' dir='ltr'>nihilominus</span> <span class='ocrx_word' id='word_1_454' title='bbox 1944 523 1982 554; x_wconf 88' lang='lat' dir='ltr'>ad</span> <span class='ocrx_word' id='word_1_455' title='bbox 2007 525 2149 564; x_wconf 86' lang='lat' dir='ltr'>proposi-</span> 
     </span>
     <span class='ocr_line' id='line_1_69' title="bbox 1198 565 2153 607; baseline 0.006 -15"><span class='ocrx_word' id='word_1_456' title='bbox 1198 566 1266 592; x_wconf 91' lang='lat' dir='ltr'>tum</span> <span class='ocrx_word' id='word_1_457' title='bbox 1297 573 1427 603; x_wconf 88' lang='lat' dir='ltr'>scopum</span> <span class='ocrx_word' id='word_1_458' title='bbox 1457 565 1672 601; x_wconf 85' lang='lat' dir='ltr'>eollimemus,</span> <span class='ocrx_word' id='word_1_459' title='bbox 1703 567 1835 597; x_wconf 85' lang='lat' dir='ltr'>minime</span> <span class='ocrx_word' id='word_1_460' title='bbox 1865 566 2047 598; x_wconf 84' lang='lat' dir='ltr'>dubitantes</span> <span class='ocrx_word' id='word_1_461' title='bbox 2075 567 2153 607; x_wconf 91' lang='lat' dir='ltr'>quin</span> 
     </span>
     <span class='ocr_line' id='line_1_70' title="bbox 1197 605 2154 647; baseline 0.007 -13"><span class='ocrx_word' id='word_1_462' title='bbox 1197 605 1371 644; x_wconf 90' lang='lat' dir='ltr'>propitium</span> <span class='ocrx_word' id='word_1_463' title='bbox 1403 605 1508 637; x_wconf 89' lang='lat' dir='ltr'>Deum</span> <span class='ocrx_word' id='word_1_464' title='bbox 1540 609 1703 647; x_wconf 81' lang='lat' dir='ltr'>experturi</span> <span class='ocrx_word' id='word_1_465' title='bbox 1736 610 1850 645; x_wconf 78' lang='lat' dir='ltr'>simus,</span> <span class='ocrx_word' id='word_1_466' title='bbox 1888 609 1980 640; x_wconf 78' lang='lat' dir='ltr'>facile</span> <span class='ocrx_word' id='word_1_467' title='bbox 2010 614 2154 641; x_wconf 88' lang='lat' dir='ltr'>nostram</span> 
     </span>
     <span class='ocr_line' id='line_1_71' title="bbox 1198 648 2154 692; baseline 0.007 -16"><span class='ocrx_word' id='word_1_468' title='bbox 1198 648 1418 678; x_wconf 83' lang='lat' dir='ltr'>infirmitatem</span> <span class='ocrx_word' id='word_1_469' title='bbox 1439 657 1660 681; x_wconf 83' lang='lat' dir='ltr'>excusantem:</span> <span class='ocrx_word' id='word_1_470' title='bbox 1685 656 1716 681; x_wconf 90' lang='lat' dir='ltr'>ct</span> <span class='ocrx_word' id='word_1_471' title='bbox 1735 663 1898 691; x_wconf 86' lang='lat' dir='ltr'>nunquam</span> <span class='ocrx_word' id='word_1_472' title='bbox 1913 653 2154 692; x_wconf 84' lang='lat' dir='ltr'>permissurum,</span> 
     </span>
     <span class='ocr_line' id='line_1_72' title="bbox 1198 692 2154 731; baseline 0.007 -12"><span class='ocrx_word' id='word_1_473' title='bbox 1198 692 1235 720; x_wconf 87' lang='lat' dir='ltr'>ut</span> <span class='ocrx_word' id='word_1_474' title='bbox 1258 695 1504 731; x_wconf 89' lang='lat' dir='ltr'>quantacunque</span> <span class='ocrx_word' id='word_1_475' title='bbox 1532 694 1572 723; x_wconf 83' lang='lat' dir='ltr'>sit</span> <span class='ocrx_word' id='word_1_476' title='bbox 1596 700 1702 724; x_wconf 87' lang='lat' dir='ltr'>nostra</span> <span class='ocrx_word' id='word_1_477' title='bbox 1732 694 1931 726; x_wconf 85' lang='lat' dir='ltr'>imbecillitas</span> <span class='ocrx_word' id='word_1_478' title='bbox 1962 694 1994 725; x_wconf 92' lang='lat' dir='ltr'>in</span> <span class='ocrx_word' id='word_1_479' title='bbox 2018 694 2154 726; x_wconf 82' lang='lat' dir='ltr'>dedecus</span> 
     </span>
     <span class='ocr_line' id='line_1_73' title="bbox 1198 733 2154 773; baseline 0.007 -12"><span class='ocrx_word' id='word_1_480' title='bbox 1198 737 1231 762; x_wconf 91' lang='lat' dir='ltr'>et</span> <span class='ocrx_word' id='word_1_481' title='bbox 1269 733 1479 772; x_wconf 86' lang='lat' dir='ltr'>ignominiam</span> <span class='ocrx_word' id='word_1_482' title='bbox 1521 735 1717 773; x_wconf 80' lang='lat' dir='ltr'>incidamus,</span> <span class='ocrx_word' id='word_1_483' title='bbox 1760 742 1791 767; x_wconf 83' lang='lat' dir='ltr'>et</span> <span class='ocrx_word' id='word_1_484' title='bbox 1833 737 1871 767; x_wconf 91' lang='lat' dir='ltr'>de</span> <span class='ocrx_word' id='word_1_485' title='bbox 1913 736 2005 768; x_wconf 91' lang='lat' dir='ltr'>nobis</span> <span class='ocrx_word' id='word_1_486' title='bbox 2046 737 2154 768; x_wconf 90' lang='lat' dir='ltr'>hostes</span> 
     </span>
     <span class='ocr_line' id='line_1_74' title="bbox 1198 775 2153 820; baseline 0.006 -16"><span class='ocrx_word' id='word_1_487' title='bbox 1198 775 1410 815; x_wconf 89' lang='lat' dir='ltr'>triumphent.</span> <span class='ocrx_word' id='word_1_488' title='bbox 1447 777 1618 808; x_wconf 88' lang='lat' dir='ltr'>Caeterum</span> <span class='ocrx_word' id='word_1_489' title='bbox 1639 779 1814 809; x_wconf 81' lang='lat' dir='ltr'>inescatum</span> <span class='ocrx_word' id='word_1_490' title='bbox 1836 790 1942 820; x_wconf 85' lang='lat' dir='ltr'>regem</span> <span class='ocrx_word' id='word_1_491' title='bbox 1957 779 2058 811; x_wconf 89' lang='lat' dir='ltr'>Achis</span> <span class='ocrx_word' id='word_1_492' title='bbox 2081 790 2153 810; x_wconf 92' lang='lat' dir='ltr'>cum</span> 
     </span>
     <span class='ocr_line' id='line_1_75' title="bbox 1198 817 2153 862; baseline 0.006 -15"><span class='ocrx_word' id='word_1_493' title='bbox 1198 817 1397 858; x_wconf 90' lang='lat' dir='ltr'>principibus</span> <span class='ocrx_word' id='word_1_494' title='bbox 1427 824 1458 849; x_wconf 87' lang='lat' dir='ltr'>et</span> <span class='ocrx_word' id='word_1_495' title='bbox 1493 820 1681 852; x_wconf 87' lang='lat' dir='ltr'>consiliariis</span> <span class='ocrx_word' id='word_1_496' title='bbox 1719 821 1866 853; x_wconf 85' lang='lat' dir='ltr'>videmus</span> <span class='ocrx_word' id='word_1_497' title='bbox 1902 822 2021 862; x_wconf 85' lang='lat' dir='ltr'>praeda</span> <span class='ocrx_word' id='word_1_498' title='bbox 2057 832 2153 862; x_wconf 81' lang='lat' dir='ltr'>quam</span> 
     </span>
     <span class='ocr_line' id='line_1_76' title="bbox 1197 860 2153 904; baseline 0.006 -14"><span class='ocrx_word' id='word_1_499' title='bbox 1197 860 1305 890; x_wconf 84' lang='lat' dir='ltr'>David</span> <span class='ocrx_word' id='word_1_500' title='bbox 1328 860 1474 899; x_wconf 76' lang='lat' dir='ltr'>faciebat,</span> <span class='ocrx_word' id='word_1_501' title='bbox 1498 862 1529 892; x_wconf 91' lang='lat' dir='ltr'>in</span> <span class='ocrx_word' id='word_1_502' title='bbox 1554 863 1642 893; x_wconf 73' lang='lat' dir='ltr'>cuius</span> <span class='ocrx_word' id='word_1_503' title='bbox 1666 868 1788 903; x_wconf 88' lang='lat' dir='ltr'>partem</span> <span class='ocrx_word' id='word_1_504' title='bbox 1814 864 1919 904; x_wconf 77' lang='lat' dir='ltr'>ipsum</span> <span class='ocrx_word' id='word_1_505' title='bbox 1940 865 2066 896; x_wconf 87' lang='lat' dir='ltr'>venisse</span> <span class='ocrx_word' id='word_1_506' title='bbox 2090 875 2153 896; x_wconf 90' lang='lat' dir='ltr'>non</span> 
     </span>
     <span class='ocr_line' id='line_1_77' title="bbox 1198 903 2153 938; baseline 0.005 -5"><span class='ocrx_word' id='word_1_507' title='bbox 1198 905 1245 933; x_wconf 87' lang='lat' dir='ltr'>est</span> <span class='ocrx_word' id='word_1_508' title='bbox 1270 903 1500 934; x_wconf 84' lang='lat' dir='ltr'>dubitandum:</span> <span class='ocrx_word' id='word_1_509' title='bbox 1524 909 1554 935; x_wconf 88' lang='lat' dir='ltr'>et</span> <span class='ocrx_word' id='word_1_510' title='bbox 1578 916 1614 935; x_wconf 90' lang='lat' dir='ltr'>ea</span> <span class='ocrx_word' id='word_1_511' title='bbox 1636 906 1680 936; x_wconf 92' lang='lat' dir='ltr'>sic</span> <span class='ocrx_word' id='word_1_512' title='bbox 1703 912 1907 937; x_wconf 83' lang='lat' dir='ltr'>excaecatum</span> <span class='ocrx_word' id='word_1_513' title='bbox 1927 912 2038 938; x_wconf 91' lang='lat' dir='ltr'>utnon</span> <span class='ocrx_word' id='word_1_514' title='bbox 2053 907 2153 938; x_wconf 91' lang='lat' dir='ltr'>anim-</span> 
     </span>
     <span class='ocr_line' id='line_1_78' title="bbox 1198 945 2154 989; baseline 0.006 -14"><span class='ocrx_word' id='word_1_515' title='bbox 1198 945 1373 976; x_wconf 90' lang='lat' dir='ltr'>adverterit</span> <span class='ocrx_word' id='word_1_516' title='bbox 1404 957 1460 977; x_wconf 88' lang='lat' dir='ltr'>suo</span> <span class='ocrx_word' id='word_1_517' title='bbox 1483 947 1514 977; x_wconf 89' lang='lat' dir='ltr'>id</span> <span class='ocrx_word' id='word_1_518' title='bbox 1539 948 1607 978; x_wconf 90' lang='lat' dir='ltr'>fieri</span> <span class='ocrx_word' id='word_1_519' title='bbox 1638 948 1844 981; x_wconf 84' lang='lat' dir='ltr'>detrimento:</span> <span class='ocrx_word' id='word_1_520' title='bbox 1875 949 2029 989; x_wconf 89' lang='lat' dir='ltr'>siquidem</span> <span class='ocrx_word' id='word_1_521' title='bbox 2061 950 2154 981; x_wconf 86' lang='lat' dir='ltr'>abac·</span> 
     </span>
     <span class='ocr_line' id='line_1_79' title="bbox 1199 989 2155 1031; baseline 0.005 -13"><span class='ocrx_word' id='word_1_522' title='bbox 1199 991 1264 1018; x_wconf 87' lang='lat' dir='ltr'>tam</span> <span class='ocrx_word' id='word_1_523' title='bbox 1294 998 1333 1018; x_wconf 88' lang='lat' dir='ltr'>ex</span> <span class='ocrx_word' id='word_1_524' title='bbox 1364 989 1483 1020; x_wconf 89' lang='lat' dir='ltr'>Iudaea</span> <span class='ocrx_word' id='word_1_525' title='bbox 1519 991 1668 1029; x_wconf 83' lang='lat' dir='ltr'>praedam</span> <span class='ocrx_word' id='word_1_526' title='bbox 1701 991 1759 1021; x_wconf 85' lang='lat' dir='ltr'>sibi</span> <span class='ocrx_word' id='word_1_527' title='bbox 1790 991 1978 1031; x_wconf 81' lang='lat' dir='ltr'>persuadet,</span> <span class='ocrx_word' id='word_1_528' title='bbox 2013 993 2088 1023; x_wconf 90' lang='lat' dir='ltr'>licet</span> <span class='ocrx_word' id='word_1_529' title='bbox 2117 992 2155 1024; x_wconf 89' lang='lat' dir='ltr'>de</span> 
     </span>
     <span class='ocr_line' id='line_1_80' title="bbox 1199 1031 2154 1071; baseline 0.008 -11"><span class='ocrx_word' id='word_1_530' title='bbox 1199 1031 1322 1068; x_wconf 84' lang='lat' dir='ltr'>vicinis,</span> <span class='ocrx_word' id='word_1_531' title='bbox 1354 1032 1385 1061; x_wconf 93' lang='lat' dir='ltr'>in</span> <span class='ocrx_word' id='word_1_532' title='bbox 1417 1042 1495 1071; x_wconf 86' lang='lat' dir='ltr'>quos</span> <span class='ocrx_word' id='word_1_533' title='bbox 1524 1033 1604 1063; x_wconf 92' lang='lat' dir='ltr'>nihil</span> <span class='ocrx_word' id='word_1_534' title='bbox 1639 1034 1742 1064; x_wconf 90' lang='lat' dir='ltr'>moliri</span> <span class='ocrx_word' id='word_1_535' title='bbox 1772 1034 1937 1071; x_wconf 79' lang='lat' dir='ltr'>voluisset,</span> <span class='ocrx_word' id='word_1_536' title='bbox 1969 1034 2154 1068; x_wconf 84' lang='lat' dir='ltr'>ducebatur.</span> 
     </span>
     <span class='ocr_line' id='line_1_81' title="bbox 1198 1073 2154 1117; baseline 0.005 -14"><span class='ocrx_word' id='word_1_537' title='bbox 1198 1073 1286 1104; x_wconf 86' lang='lat' dir='ltr'>Hinc</span> <span class='ocrx_word' id='word_1_538' title='bbox 1309 1074 1516 1106; x_wconf 86' lang='lat' dir='ltr'>observemus</span> <span class='ocrx_word' id='word_1_539' title='bbox 1539 1086 1592 1106; x_wconf 87' lang='lat' dir='ltr'>eos</span> <span class='ocrx_word' id='word_1_540' title='bbox 1605 1076 1657 1115; x_wconf 86' lang='lat' dir='ltr'>qui</span> <span class='ocrx_word' id='word_1_541' title='bbox 1670 1076 1735 1107; x_wconf 87' lang='lat' dir='ltr'>suis</span> <span class='ocrx_word' id='word_1_542' title='bbox 1754 1077 1920 1107; x_wconf 89' lang='lat' dir='ltr'>affectibus</span> <span class='ocrx_word' id='word_1_543' title='bbox 1940 1077 2154 1117; x_wconf 85' lang='lat' dir='ltr'>abripiuntur,</span> 
     </span>
     <span class='ocr_line' id='line_1_82' title="bbox 1199 1118 2154 1155; baseline 0.005 -9"><span class='ocrx_word' id='word_1_544' title='bbox 1199 1126 1330 1155; x_wconf 89' lang='lat' dir='ltr'>prorsus</span> <span class='ocrx_word' id='word_1_545' title='bbox 1354 1118 1522 1153; x_wconf 85' lang='lat' dir='ltr'>caecutire,</span> <span class='ocrx_word' id='word_1_546' title='bbox 1553 1122 1582 1148; x_wconf 90' lang='lat' dir='ltr'>et</span> <span class='ocrx_word' id='word_1_547' title='bbox 1606 1119 1698 1149; x_wconf 87' lang='lat' dir='ltr'>modo</span> <span class='ocrx_word' id='word_1_548' title='bbox 1721 1129 1786 1149; x_wconf 90' lang='lat' dir='ltr'>rem</span> <span class='ocrx_word' id='word_1_549' title='bbox 1812 1119 1930 1150; x_wconf 86' lang='lat' dir='ltr'>faciant</span> <span class='ocrx_word' id='word_1_550' title='bbox 1953 1120 2046 1150; x_wconf 88' lang='lat' dir='ltr'>etiam</span> <span class='ocrx_word' id='word_1_551' title='bbox 2082 1131 2154 1153; x_wconf 90' lang='lat' dir='ltr'>cum</span> 
     </span>
     <span class='ocr_line' id='line_1_83' title="bbox 1199 1159 2155 1201; baseline 0.005 -13"><span class='ocrx_word' id='word_1_552' title='bbox 1199 1159 1303 1189; x_wconf 86' lang='lat' dir='ltr'>alieno</span> <span class='ocrx_word' id='word_1_553' title='bbox 1327 1159 1528 1196; x_wconf 84' lang='lat' dir='ltr'>detrimento,</span> <span class='ocrx_word' id='word_1_554' title='bbox 1553 1171 1617 1191; x_wconf 90' lang='lat' dir='ltr'>non</span> <span class='ocrx_word' id='word_1_555' title='bbox 1642 1162 1751 1201; x_wconf 91' lang='lat' dir='ltr'>magni</span> <span class='ocrx_word' id='word_1_556' title='bbox 1775 1161 1896 1192; x_wconf 83' lang='lat' dir='ltr'>facere:</span> <span class='ocrx_word' id='word_1_557' title='bbox 1927 1162 2033 1201; x_wconf 85' lang='lat' dir='ltr'>itaque</span> <span class='ocrx_word' id='word_1_558' title='bbox 2058 1163 2155 1195; x_wconf 88' lang='lat' dir='ltr'>ratio-</span> 
     </span>
     <span class='ocr_line' id='line_1_84' title="bbox 1198 1201 2155 1245; baseline 0.006 -14"><span class='ocrx_word' id='word_1_559' title='bbox 1198 1201 1249 1232; x_wconf 91' lang='lat' dir='ltr'>nis</span> <span class='ocrx_word' id='word_1_560' title='bbox 1273 1207 1303 1231; x_wconf 92' lang='lat' dir='ltr'>et</span> <span class='ocrx_word' id='word_1_561' title='bbox 1327 1202 1451 1233; x_wconf 87' lang='lat' dir='ltr'>consilii</span> <span class='ocrx_word' id='word_1_562' title='bbox 1474 1208 1623 1243; x_wconf 86' lang='lat' dir='ltr'>expertes</span> <span class='ocrx_word' id='word_1_563' title='bbox 1647 1204 1725 1234; x_wconf 87' lang='lat' dir='ltr'>fieri.</span> <span class='ocrx_word' id='word_1_564' title='bbox 1771 1203 1977 1244; x_wconf 80' lang='lat' dir='ltr'>Quapropter</span> <span class='ocrx_word' id='word_1_565' title='bbox 1996 1215 2092 1245; x_wconf 89' lang='lat' dir='ltr'>quum</span> <span class='ocrx_word' id='word_1_566' title='bbox 2117 1217 2155 1238; x_wconf 87' lang='lat' dir='ltr'>ea</span> 
     </span>
     <span class='ocr_line' id='line_1_85' title="bbox 1198 1243 2154 1285; baseline 0.006 -12"><span class='ocrx_word' id='word_1_567' title='bbox 1198 1243 1239 1274; x_wconf 90' lang='lat' dir='ltr'>sit</span> <span class='ocrx_word' id='word_1_568' title='bbox 1261 1244 1294 1274; x_wconf 91' lang='lat' dir='ltr'>in</span> <span class='ocrx_word' id='word_1_569' title='bbox 1319 1244 1526 1275; x_wconf 84' lang='lat' dir='ltr'>excaecandis</span> <span class='ocrx_word' id='word_1_570' title='bbox 1550 1245 1731 1277; x_wconf 86' lang='lat' dir='ltr'>hominibus</span> <span class='ocrx_word' id='word_1_571' title='bbox 1754 1248 1906 1277; x_wconf 86' lang='lat' dir='ltr'>avaritiae</span> <span class='ocrx_word' id='word_1_572' title='bbox 1930 1247 1987 1285; x_wconf 90' lang='lat' dir='ltr'>vis,</span> <span class='ocrx_word' id='word_1_573' title='bbox 2019 1254 2049 1278; x_wconf 84' lang='lat' dir='ltr'>et</span> <span class='ocrx_word' id='word_1_574' title='bbox 2080 1258 2154 1279; x_wconf 84' lang='lat' dir='ltr'>con-</span> 
     </span>
     <span class='ocr_line' id='line_1_86' title="bbox 1198 1286 2155 1330; baseline 0.006 -14"><span class='ocrx_word' id='word_1_575' title='bbox 1198 1286 1260 1317; x_wconf 91' lang='lat' dir='ltr'>silii</span> <span class='ocrx_word' id='word_1_576' title='bbox 1284 1287 1482 1327; x_wconf 88' lang='lat' dir='ltr'>rationisque</span> <span class='ocrx_word' id='word_1_577' title='bbox 1503 1293 1650 1328; x_wconf 87' lang='lat' dir='ltr'>expertes</span> <span class='ocrx_word' id='word_1_578' title='bbox 1674 1289 1777 1327; x_wconf 88' lang='lat' dir='ltr'>faciat,</span> <span class='ocrx_word' id='word_1_579' title='bbox 1801 1299 1870 1320; x_wconf 88' lang='lat' dir='ltr'>eam</span> <span class='ocrx_word' id='word_1_580' title='bbox 1894 1295 2044 1330; x_wconf 89' lang='lat' dir='ltr'>tanquam</span> <span class='ocrx_word' id='word_1_581' title='bbox 2069 1290 2155 1322; x_wconf 91' lang='lat' dir='ltr'>luem</span> 
     </span>
     <span class='ocr_line' id='line_1_87' title="bbox 1197 1329 2155 1370; baseline 0.005 -11"><span class='ocrx_word' id='word_1_582' title='bbox 1197 1329 1381 1368; x_wconf 84' lang='lat' dir='ltr'>pestiferam</span> <span class='ocrx_word' id='word_1_583' title='bbox 1426 1330 1597 1370; x_wconf 83' lang='lat' dir='ltr'>fugiamus.</span> <span class='ocrx_word' id='word_1_584' title='bbox 1650 1331 1775 1362; x_wconf 91' lang='lat' dir='ltr'>Deinde</span> <span class='ocrx_word' id='word_1_585' title='bbox 1819 1332 2053 1363; x_wconf 86' lang='lat' dir='ltr'>observandum</span> <span class='ocrx_word' id='word_1_586' title='bbox 2091 1333 2155 1365; x_wconf 90' lang='lat' dir='ltr'>Dei</span> 
     </span>
     <span class='ocr_line' id='line_1_88' title="bbox 1197 1372 2152 1414; baseline 0.005 -12"><span class='ocrx_word' id='word_1_587' title='bbox 1197 1382 1276 1411; x_wconf 81' lang='lat' dir='ltr'>opus</span> <span class='ocrx_word' id='word_1_588' title='bbox 1300 1372 1332 1402; x_wconf 89' lang='lat' dir='ltr'>in</span> <span class='ocrx_word' id='word_1_589' title='bbox 1356 1372 1492 1403; x_wconf 90' lang='lat' dir='ltr'>ludendo</span> <span class='ocrx_word' id='word_1_590' title='bbox 1523 1384 1598 1414; x_wconf 86' lang='lat' dir='ltr'>rege</span> <span class='ocrx_word' id='word_1_591' title='bbox 1623 1374 1728 1410; x_wconf 85' lang='lat' dir='ltr'>Achis,</span> <span class='ocrx_word' id='word_1_592' title='bbox 1760 1375 1916 1414; x_wconf 86' lang='lat' dir='ltr'>tantisper</span> <span class='ocrx_word' id='word_1_593' title='bbox 1945 1375 2020 1406; x_wconf 89' lang='lat' dir='ltr'>dum</span> <span class='ocrx_word' id='word_1_594' title='bbox 2046 1376 2152 1408; x_wconf 90' lang='lat' dir='ltr'>David</span> 
     </span>
     <span class='ocr_line' id='line_1_89' title="bbox 1197 1415 2152 1458; baseline 0.005 -13"><span class='ocrx_word' id='word_1_595' title='bbox 1197 1415 1291 1455; x_wconf 89' lang='lat' dir='ltr'>longe</span> <span class='ocrx_word' id='word_1_596' title='bbox 1314 1415 1383 1446; x_wconf 92' lang='lat' dir='ltr'>aliis</span> <span class='ocrx_word' id='word_1_597' title='bbox 1407 1415 1530 1447; x_wconf 88' lang='lat' dir='ltr'>viribus</span> <span class='ocrx_word' id='word_1_598' title='bbox 1554 1416 1704 1456; x_wconf 91' lang='lat' dir='ltr'>populum</span> <span class='ocrx_word' id='word_1_599' title='bbox 1734 1417 1835 1456; x_wconf 90' lang='lat' dir='ltr'>ipsius</span> <span class='ocrx_word' id='word_1_600' title='bbox 1858 1418 2096 1458; x_wconf 84' lang='lat' dir='ltr'>aggrederetur,</span> <span class='ocrx_word' id='word_1_601' title='bbox 2120 1423 2152 1450; x_wconf 86' lang='lat' dir='ltr'>et</span> 
     </span>
     <span class='ocr_line' id='line_1_90' title="bbox 1197 1458 2150 1501; baseline 0.004 -13"><span class='ocrx_word' id='word_1_602' title='bbox 1197 1458 1391 1498; x_wconf 87' lang='lat' dir='ltr'>profligaret.</span> <span class='ocrx_word' id='word_1_603' title='bbox 1442 1458 1599 1490; x_wconf 86' lang='lat' dir='ltr'>Davidem</span> <span class='ocrx_word' id='word_1_604' title='bbox 1638 1459 1780 1498; x_wconf 89' lang='lat' dir='ltr'>quidem,</span> <span class='ocrx_word' id='word_1_605' title='bbox 1817 1464 1852 1490; x_wconf 89' lang='lat' dir='ltr'>ut</span> <span class='ocrx_word' id='word_1_606' title='bbox 1889 1465 1962 1491; x_wconf 87' lang='lat' dir='ltr'>ante</span> <span class='ocrx_word' id='word_1_607' title='bbox 2000 1461 2150 1501; x_wconf 79' lang='lat' dir='ltr'>diximus,</span> 
     </span>
     <span class='ocr_line' id='line_1_91' title="bbox 1196 1501 2150 1544; baseline 0.005 -14"><span class='ocrx_word' id='word_1_608' title='bbox 1196 1501 1283 1531; x_wconf 90' lang='lat' dir='ltr'>omni</span> <span class='ocrx_word' id='word_1_609' title='bbox 1307 1501 1401 1540; x_wconf 88' lang='lat' dir='ltr'>culpa</span> <span class='ocrx_word' id='word_1_610' title='bbox 1423 1501 1559 1532; x_wconf 87' lang='lat' dir='ltr'>liberare</span> <span class='ocrx_word' id='word_1_611' title='bbox 1581 1512 1642 1532; x_wconf 86' lang='lat' dir='ltr'>nou</span> <span class='ocrx_word' id='word_1_612' title='bbox 1667 1512 1844 1541; x_wconf 87' lang='lat' dir='ltr'>possumus,</span> <span class='ocrx_word' id='word_1_613' title='bbox 1874 1503 1928 1533; x_wconf 89' lang='lat' dir='ltr'>sed</span> <span class='ocrx_word' id='word_1_614' title='bbox 1953 1513 2048 1534; x_wconf 90' lang='lat' dir='ltr'>suum</span> <span class='ocrx_word' id='word_1_615' title='bbox 2071 1515 2150 1544; x_wconf 86' lang='lat' dir='ltr'>opus</span> 
     </span>
     <span class='ocr_line' id='line_1_92' title="bbox 1195 1543 2149 1584; baseline 0.005 -11"><span class='ocrx_word' id='word_1_616' title='bbox 1195 1543 1408 1574; x_wconf 86' lang='lat' dir='ltr'>nihilominus</span> <span class='ocrx_word' id='word_1_617' title='bbox 1439 1544 1527 1575; x_wconf 88' lang='lat' dir='ltr'>Deus</span> <span class='ocrx_word' id='word_1_618' title='bbox 1557 1545 1725 1584; x_wconf 85' lang='lat' dir='ltr'>promovit.</span> <span class='ocrx_word' id='word_1_619' title='bbox 1778 1544 1887 1583; x_wconf 88' lang='lat' dir='ltr'>Quare</span> <span class='ocrx_word' id='word_1_620' title='bbox 1918 1556 2018 1584; x_wconf 90' lang='lat' dir='ltr'>quum</span> <span class='ocrx_word' id='word_1_621' title='bbox 2048 1546 2149 1578; x_wconf 77' lang='lat' dir='ltr'>Achis</span> 
     </span>
     <span class='ocr_line' id='line_1_93' title="bbox 1195 1586 2149 1627; baseline 0.003 -11"><span class='ocrx_word' id='word_1_622' title='bbox 1195 1586 1256 1617; x_wconf 92' lang='lat' dir='ltr'>sibi</span> <span class='ocrx_word' id='word_1_623' title='bbox 1286 1586 1455 1626; x_wconf 88' lang='lat' dir='ltr'>persuadet</span> <span class='ocrx_word' id='word_1_624' title='bbox 1480 1586 1639 1618; x_wconf 82' lang='lat' dir='ltr'>Davidem</span> <span class='ocrx_word' id='word_1_625' title='bbox 1670 1587 1784 1627; x_wconf 89' lang='lat' dir='ltr'>populo</span> <span class='ocrx_word' id='word_1_626' title='bbox 1810 1598 1867 1618; x_wconf 88' lang='lat' dir='ltr'>suo</span> <span class='ocrx_word' id='word_1_627' title='bbox 1897 1588 2070 1620; x_wconf 71' lang='lat' dir='ltr'>israelitico</span> <span class='ocrx_word' id='word_1_628' title='bbox 2100 1590 2149 1620; x_wconf 92' lang='lat' dir='ltr'>in-</span> 
     </span>
     <span class='ocr_line' id='line_1_94' title="bbox 1195 1628 2149 1671; baseline 0.003 -12"><span class='ocrx_word' id='word_1_629' title='bbox 1195 1628 1322 1665; x_wconf 89' lang='lat' dir='ltr'>festum,</span> <span class='ocrx_word' id='word_1_630' title='bbox 1347 1630 1378 1659; x_wconf 92' lang='lat' dir='ltr'>in</span> <span class='ocrx_word' id='word_1_631' title='bbox 1403 1635 1564 1669; x_wconf 89' lang='lat' dir='ltr'>posterum</span> <span class='ocrx_word' id='word_1_632' title='bbox 1588 1630 1712 1660; x_wconf 88' lang='lat' dir='ltr'>fidelem</span> <span class='ocrx_word' id='word_1_633' title='bbox 1736 1640 1863 1670; x_wconf 91' lang='lat' dir='ltr'>operam</span> <span class='ocrx_word' id='word_1_634' title='bbox 1888 1630 1947 1661; x_wconf 86' lang='lat' dir='ltr'>sibi</span> <span class='ocrx_word' id='word_1_635' title='bbox 1978 1632 2149 1671; x_wconf 87' lang='lat' dir='ltr'>praestitu-</span> 
     </span>
     <span class='ocr_line' id='line_1_95' title="bbox 1195 1671 2150 1711; baseline 0.004 -10"><span class='ocrx_word' id='word_1_636' title='bbox 1195 1682 1278 1711; x_wconf 89' lang='lat' dir='ltr'>rum,</span> <span class='ocrx_word' id='word_1_637' title='bbox 1301 1682 1318 1701; x_wconf 89' lang='lat' dir='ltr'>a</span> <span class='ocrx_word' id='word_1_638' title='bbox 1342 1671 1411 1702; x_wconf 93' lang='lat' dir='ltr'>Deo</span> <span class='ocrx_word' id='word_1_639' title='bbox 1434 1678 1630 1711; x_wconf 84' lang='lat' dir='ltr'>excaecatur,</span> <span class='ocrx_word' id='word_1_640' title='bbox 1654 1676 1689 1702; x_wconf 92' lang='lat' dir='ltr'>ut</span> <span class='ocrx_word' id='word_1_641' title='bbox 1712 1672 1832 1703; x_wconf 84' lang='lat' dir='ltr'>interea</span> <span class='ocrx_word' id='word_1_642' title='bbox 1857 1673 1961 1703; x_wconf 90' lang='lat' dir='ltr'>David</span> <span class='ocrx_word' id='word_1_643' title='bbox 1986 1674 2094 1705; x_wconf 86' lang='lat' dir='ltr'>salvus</span> <span class='ocrx_word' id='word_1_644' title='bbox 2117 1678 2150 1705; x_wconf 85' lang='lat' dir='ltr'>et</span> 
     </span>
     <span class='ocr_line' id='line_1_96' title="bbox 1193 1714 2148 1755; baseline 0.002 -10"><span class='ocrx_word' id='word_1_645' title='bbox 1193 1714 1364 1745; x_wconf 89' lang='lat' dir='ltr'>incolumis</span> <span class='ocrx_word' id='word_1_646' title='bbox 1386 1721 1603 1755; x_wconf 85' lang='lat' dir='ltr'>conservetur,</span> <span class='ocrx_word' id='word_1_647' title='bbox 1633 1720 1664 1746; x_wconf 87' lang='lat' dir='ltr'>et</span> <span class='ocrx_word' id='word_1_648' title='bbox 1692 1715 1827 1755; x_wconf 88' lang='lat' dir='ltr'>populus</span> <span class='ocrx_word' id='word_1_649' title='bbox 1857 1715 2048 1747; x_wconf 71' lang='lat' dir='ltr'>israeliticus</span> <span class='ocrx_word' id='word_1_650' title='bbox 2078 1721 2148 1747; x_wconf 89' lang='lat' dir='ltr'>tan-</span> 
     </span>
     <span class='ocr_line' id='line_1_97' title="bbox 1194 1757 2149 1797; baseline 0.003 -10"><span class='ocrx_word' id='word_1_651' title='bbox 1194 1762 1263 1787; x_wconf 88' lang='lat' dir='ltr'>tum</span> <span class='ocrx_word' id='word_1_652' title='bbox 1288 1757 1529 1797; x_wconf 87' lang='lat' dir='ltr'>tranquillitatis</span> <span class='ocrx_word' id='word_1_653' title='bbox 1557 1757 1706 1789; x_wconf 86' lang='lat' dir='ltr'>obtineat.</span> <span class='ocrx_word' id='word_1_654' title='bbox 1750 1758 1833 1788; x_wconf 90' lang='lat' dir='ltr'>Nam</span> <span class='ocrx_word' id='word_1_655' title='bbox 1865 1763 1959 1789; x_wconf 89' lang='lat' dir='ltr'>antea</span> <span class='ocrx_word' id='word_1_656' title='bbox 1982 1758 2149 1791; x_wconf 87' lang='lat' dir='ltr'>Philistaei</span> 
     </span>
     <span class='ocr_line' id='line_1_98' title="bbox 1193 1800 2149 1841; baseline 0.004 -11"><span class='ocrx_word' id='word_1_657' title='bbox 1193 1800 1353 1831; x_wconf 84' lang='lat' dir='ltr'>continuis</span> <span class='ocrx_word' id='word_1_658' title='bbox 1393 1800 1485 1831; x_wconf 87' lang='lat' dir='ltr'>bellis</span> <span class='ocrx_word' id='word_1_659' title='bbox 1515 1800 1678 1832; x_wconf 82' lang='lat' dir='ltr'>Israelitas</span> <span class='ocrx_word' id='word_1_660' title='bbox 1717 1800 1929 1831; x_wconf 81' lang='lat' dir='ltr'>infestabant:</span> <span class='ocrx_word' id='word_1_661' title='bbox 1970 1811 2048 1841; x_wconf 92' lang='lat' dir='ltr'>quos</span> <span class='ocrx_word' id='word_1_662' title='bbox 2085 1803 2149 1833; x_wconf 92' lang='lat' dir='ltr'>iam</span> 
     </span>
     <span class='ocr_line' id='line_1_99' title="bbox 1193 1843 2147 1884; baseline 0.004 -12"><span class='ocrx_word' id='word_1_663' title='bbox 1193 1843 1353 1882; x_wconf 87' lang='lat' dir='ltr'>quiescere</span> <span class='ocrx_word' id='word_1_664' title='bbox 1377 1843 1496 1881; x_wconf 91' lang='lat' dir='ltr'>sinunt,</span> <span class='ocrx_word' id='word_1_665' title='bbox 1520 1844 1739 1874; x_wconf 83' lang='lat' dir='ltr'>existimantes</span> <span class='ocrx_word' id='word_1_666' title='bbox 1759 1843 1920 1874; x_wconf 86' lang='lat' dir='ltr'>Davidem</span> <span class='ocrx_word' id='word_1_667' title='bbox 1944 1844 2021 1884; x_wconf 88' lang='lat' dir='ltr'>ipsis</span> <span class='ocrx_word' id='word_1_668' title='bbox 2043 1845 2147 1876; x_wconf 91' lang='lat' dir='ltr'>infen-</span> 
     </span>
     <span class='ocr_line' id='line_1_100' title="bbox 1192 1885 2147 1926; baseline 0.004 -11"><span class='ocrx_word' id='word_1_669' title='bbox 1192 1896 1272 1923; x_wconf 83' lang='lat' dir='ltr'>sum,</span> <span class='ocrx_word' id='word_1_670' title='bbox 1304 1885 1443 1924; x_wconf 88' lang='lat' dir='ltr'>quotidie</span> <span class='ocrx_word' id='word_1_671' title='bbox 1472 1887 1565 1917; x_wconf 91' lang='lat' dir='ltr'>novis</span> <span class='ocrx_word' id='word_1_672' title='bbox 1595 1885 1828 1917; x_wconf 88' lang='lat' dir='ltr'>incursionibus</span> <span class='ocrx_word' id='word_1_673' title='bbox 1859 1886 1995 1926; x_wconf 86' lang='lat' dir='ltr'>fatigare</span> <span class='ocrx_word' id='word_1_674' title='bbox 2026 1892 2058 1918; x_wconf 89' lang='lat' dir='ltr'>et</span> <span class='ocrx_word' id='word_1_675' title='bbox 2093 1887 2147 1919; x_wconf 91' lang='lat' dir='ltr'>de-</span> 
     </span>
     <span class='ocr_line' id='line_1_101' title="bbox 1192 1928 2148 1969; baseline 0.003 -11"><span class='ocrx_word' id='word_1_676' title='bbox 1192 1928 1349 1967; x_wconf 84' lang='lat' dir='ltr'>praedari.</span> <span class='ocrx_word' id='word_1_677' title='bbox 1399 1929 1448 1959; x_wconf 85' lang='lat' dir='ltr'>Ex</span> <span class='ocrx_word' id='word_1_678' title='bbox 1485 1939 1546 1968; x_wconf 92' lang='lat' dir='ltr'>quo</span> <span class='ocrx_word' id='word_1_679' title='bbox 1576 1934 1706 1969; x_wconf 85' lang='lat' dir='ltr'>apparet</span> <span class='ocrx_word' id='word_1_680' title='bbox 1736 1928 1839 1958; x_wconf 91' lang='lat' dir='ltr'>Deum</span> <span class='ocrx_word' id='word_1_681' title='bbox 1873 1928 2086 1968; x_wconf 87' lang='lat' dir='ltr'>admirandis,</span> <span class='ocrx_word' id='word_1_682' title='bbox 2115 1934 2148 1961; x_wconf 83' lang='lat' dir='ltr'>et</span> 
     </span>
     <span class='ocr_line' id='line_1_102' title="bbox 1192 1971 2146 2011; baseline 0.003 -10"><span class='ocrx_word' id='word_1_683' title='bbox 1192 1981 1318 2001; x_wconf 88' lang='lat' dir='ltr'>omnem</span> <span class='ocrx_word' id='word_1_684' title='bbox 1357 1971 1523 2001; x_wconf 90' lang='lat' dir='ltr'>hominum</span> <span class='ocrx_word' id='word_1_685' title='bbox 1559 1971 1738 2011; x_wconf 85' lang='lat' dir='ltr'>opinionem</span> <span class='ocrx_word' id='word_1_686' title='bbox 1774 1971 2000 2011; x_wconf 77' lang='lat' dir='ltr'>superantibus</span> <span class='ocrx_word' id='word_1_687' title='bbox 2043 1973 2146 2004; x_wconf 90' lang='lat' dir='ltr'>modis</span> 
     </span>
     <span class='ocr_line' id='line_1_103' title="bbox 1191 2013 2149 2055; baseline 0.003 -12"><span class='ocrx_word' id='word_1_688' title='bbox 1191 2013 1292 2044; x_wconf 85' lang='lat' dir='ltr'>solere</span> <span class='ocrx_word' id='word_1_689' title='bbox 1315 2024 1388 2044; x_wconf 88' lang='lat' dir='ltr'>suos</span> <span class='ocrx_word' id='word_1_690' title='bbox 1411 2024 1611 2044; x_wconf 88' lang='lat' dir='ltr'>conservare.</span> <span class='ocrx_word' id='word_1_691' title='bbox 1655 2013 1717 2052; x_wconf 91' lang='lat' dir='ltr'>Qui</span> <span class='ocrx_word' id='word_1_692' title='bbox 1751 2013 1822 2044; x_wconf 79' lang='lat' dir='ltr'>licet</span> <span class='ocrx_word' id='word_1_693' title='bbox 1852 2014 1883 2043; x_wconf 90' lang='lat' dir='ltr'>in</span> <span class='ocrx_word' id='word_1_694' title='bbox 1915 2014 2025 2045; x_wconf 90' lang='lat' dir='ltr'>multis</span> <span class='ocrx_word' id='word_1_695' title='bbox 2055 2025 2149 2055; x_wconf 89' lang='lat' dir='ltr'>saepe</span> 
     </span>
     <span class='ocr_line' id='line_1_104' title="bbox 1190 2055 2149 2096; baseline 0.003 -10"><span class='ocrx_word' id='word_1_696' title='bbox 1190 2056 1347 2093; x_wconf 90' lang='lat' dir='ltr'>labantur,</span> <span class='ocrx_word' id='word_1_697' title='bbox 1378 2067 1441 2087; x_wconf 91' lang='lat' dir='ltr'>non</span> <span class='ocrx_word' id='word_1_698' title='bbox 1465 2060 1572 2087; x_wconf 87' lang='lat' dir='ltr'>tamen</span> <span class='ocrx_word' id='word_1_699' title='bbox 1596 2061 1762 2096; x_wconf 88' lang='lat' dir='ltr'>propterea</span> <span class='ocrx_word' id='word_1_700' title='bbox 1791 2066 1807 2085; x_wconf 83' lang='lat' dir='ltr'>a</span> <span class='ocrx_word' id='word_1_701' title='bbox 1832 2055 1971 2086; x_wconf 92' lang='lat' dir='ltr'>Domino</span> <span class='ocrx_word' id='word_1_702' title='bbox 2000 2057 2149 2088; x_wconf 82' lang='lat' dir='ltr'>deserun-</span> 
     </span>
     <span class='ocr_line' id='line_1_105' title="bbox 1190 2098 2148 2139; baseline 0.002 -10"><span class='ocrx_word' id='word_1_703' title='bbox 1190 2104 1251 2135; x_wconf 89' lang='lat' dir='ltr'>tur,</span> <span class='ocrx_word' id='word_1_704' title='bbox 1276 2098 1359 2138; x_wconf 89' lang='lat' dir='ltr'>quod</span> <span class='ocrx_word' id='word_1_705' title='bbox 1383 2104 1528 2139; x_wconf 88' lang='lat' dir='ltr'>coeptum</span> <span class='ocrx_word' id='word_1_706' title='bbox 1553 2099 1583 2129; x_wconf 90' lang='lat' dir='ltr'>in</span> <span class='ocrx_word' id='word_1_707' title='bbox 1608 2099 1684 2138; x_wconf 86' lang='lat' dir='ltr'>ipsis</span> <span class='ocrx_word' id='word_1_708' title='bbox 1713 2108 1789 2138; x_wconf 86' lang='lat' dir='ltr'>opus</span> <span class='ocrx_word' id='word_1_709' title='bbox 1813 2098 2036 2138; x_wconf 87' lang='lat' dir='ltr'>imperfectum</span> <span class='ocrx_word' id='word_1_710' title='bbox 2067 2101 2148 2131; x_wconf 86' lang='lat' dir='ltr'>nolit</span> 
     </span>
     <span class='ocr_line' id='line_1_106' title="bbox 1189 2140 2146 2181; baseline 0.001 -9"><span class='ocrx_word' id='word_1_711' title='bbox 1189 2141 1383 2181; x_wconf 88' lang='lat' dir='ltr'>relinquere:</span> <span class='ocrx_word' id='word_1_712' title='bbox 1408 2142 1462 2172; x_wconf 87' lang='lat' dir='ltr'>sed</span> <span class='ocrx_word' id='word_1_713' title='bbox 1487 2142 1624 2181; x_wconf 80' lang='lat' dir='ltr'>ipsorum</span> <span class='ocrx_word' id='word_1_714' title='bbox 1645 2140 1937 2180; x_wconf 87' lang='lat' dir='ltr'>imperfectionibus</span> <span class='ocrx_word' id='word_1_715' title='bbox 1956 2142 2001 2172; x_wconf 89' lang='lat' dir='ltr'>ita</span> <span class='ocrx_word' id='word_1_716' title='bbox 2020 2143 2146 2173; x_wconf 90' lang='lat' dir='ltr'>medea·</span> 
     </span>
     <span class='ocr_line' id='line_1_107' title="bbox 1190 2183 2148 2224; baseline 0.002 -10"><span class='ocrx_word' id='word_1_717' title='bbox 1190 2189 1260 2221; x_wconf 90' lang='lat' dir='ltr'>tur,</span> <span class='ocrx_word' id='word_1_718' title='bbox 1294 2188 1329 2214; x_wconf 87' lang='lat' dir='ltr'>ut</span> <span class='ocrx_word' id='word_1_719' title='bbox 1363 2184 1559 2224; x_wconf 89' lang='lat' dir='ltr'>pedetentim</span> <span class='ocrx_word' id='word_1_720' title='bbox 1594 2195 1646 2214; x_wconf 91' lang='lat' dir='ltr'>eos</span> <span class='ocrx_word' id='word_1_721' title='bbox 1680 2183 1718 2214; x_wconf 86' lang='lat' dir='ltr'>ad</span> <span class='ocrx_word' id='word_1_722' title='bbox 1753 2183 1881 2223; x_wconf 87' lang='lat' dir='ltr'>plenam</span> <span class='ocrx_word' id='word_1_723' title='bbox 1915 2183 2148 2223; x_wconf 86' lang='lat' dir='ltr'>perfectionem</span> 
     </span>
     <span class='ocr_line' id='line_1_108' title="bbox 1190 2226 1335 2258; baseline -0.007 -1"><span class='ocrx_word' id='word_1_724' title='bbox 1190 2226 1335 2258; x_wconf 66' lang='lat' dir='ltr'>deducat.</span> 
     </span>
     <span class='ocr_line' id='line_1_109' title="bbox 1273 2269 1630 2310; baseline -0.003 -10"><span class='ocrx_word' id='word_1_725' title='bbox 1273 2269 1341 2300; x_wconf 89' lang='lat' dir='ltr'>Iam</span> <span class='ocrx_word' id='word_1_726' title='bbox 1367 2279 1440 2300; x_wconf 91' lang='lat' dir='ltr'>vero</span> <span class='ocrx_word' id='word_1_727' title='bbox 1465 2269 1557 2310; x_wconf 89' lang='lat' dir='ltr'>agite,</span> <span class='ocrx_word' id='word_1_728' title='bbox 1581 2271 1630 2300; x_wconf 76' lang='lat' dir='ltr'>etc.</span> 
     </span>
    </p>
   </div>
   <div class='ocr_carea' id='block_1_8' title="bbox 1911 2702 1945 2729">
    <p class='ocr_par' dir='ltr' id='par_1_10' title="bbox 1911 2702 1945 2729">
     <span class='ocr_line' id='line_1_110' title="bbox 1911 2702 1945 2729; baseline 0.029 -1"><span class='ocrx_word' id='word_1_729' title='bbox 1911 2702 1945 2729; x_wconf 79' lang='lat'>40</span> 
     </span>
    </p>
   </div>
  </div>
 </body>
</html>
