2551 3044
221 169 240 200 9
883 170 930 201 IN
955 170 980 201 Ι.
1007 168 1091 199 Llss.
1117 168 1315 200 SAMUEL.
1339 167 1436 200 OAP.
1460 168 1556 199 XIII.
2154 169 2194 200 10

221 275 349 296 causam
373 265 453 295 Saul
485 264 615 295 absente
639 264 790 296 Samuele
822 265 1002 295 sacrificare
1026 263 1179 304 quodam-

222 307 315 338 modo
339 314 466 338 coactus
488 314 546 343 est,
571 307 653 347 quod
679 314 785 337 tamen
808 307 865 346 ipsi
889 317 1090 346 nequaqnam
1111 306 1182 336 liee-

225 350 289 381 bat.
330 350 547 388 Quamobrem
571 351 666 380 etiam
689 360 908 389 quameunque
933 350 1061 380 tandem
1086 359 1181 380 excu-

225 393 380 423 sationem
395 392 448 422 ille
462 398 638 431 praetexat.
659 404 676 422 a
692 392 830 422 Domino
843 393 1083 426 condemnatur,
1098 390 1182 430 quod

225 446 290 465 non
326 435 484 475 patienter
519 434 580 464 Dei
615 435 800 464 mandatum
837 437 1040 473 exspectarit,
1081 444 1182 472 neque

225 477 271 508 illi
302 488 335 508 se
365 484 465 507 totum
499 477 689 516 permiserit.

225 527 389 560 peccatum
421 520 465 549 ita-
487 520 731 556 condemnatur,
762 527 793 549 ut
828 531 960 559 regnum
993 520 1030 550 ad
1057 528 1181 558 tempus

227 562 355 593 tandem
379 569 586 601 prorogetur:
616 561 670 592 sed
695 572 730 592 ea
761 570 867 593 tamen
892 564 960 599 lege
986 574 1024 593 ne
1047 564 1087 592 sit
1112 563 1181 592 diu-

226 610 321 635 turna
352 605 442 644 regni
474 605 642 644 possessio,
673 611 704 634 et
735 605 773 635 ad
810 612 951 644 posteros
982 605 1082 644 ipsius
1118 614 1181 634 non

227 653 383 677 transeat:
423 647 477 677 sed
513 647 639 677 tandem
675 657 747 677 cum
781 658 905 677 summa
941 648 1117 687 ignominia
1152 652 1183 676 et

226 689 377 720 dedecore
401 695 637 720 exauctoretur.
684 689 746 719 Hic
770 691 867 724 initur
887 691 917 720 in
943 691 1055 730 primis
1078 690 1180 720 obser-

225 731 378 768 vandum,
403 732 520 762 bellum
546 737 750 771 suscepturos
774 733 845 763 licet
871 734 998 766 iustum.
1030 733 1182 763 adversus

226 775 335 806 hostes
364 774 492 806 iniuriis
523 775 724 812 lacessentes,
754 782 899 814 oportere
929 776 1056 815 longius
1087 785 1181 814 quam

225 818 257 848 in
294 817 432 856 primum
465 817 536 848 belli
568 817 651 847 diem
686 818 813 848 intueri.
866 818 948 848 Nam
983 818 1183 849 Ionathanus

225 860 353 900 quidem
378 867 409 890 et
433 861 485 899 qui
509 860 601 890 illum
625 867 701 890 sunt
724 862 866 891 comitati
893 861 1008 891 milites
1032 870 1182 900 praesen-

227 908 275 933 tes
305 910 336 933 et
360 902 457 933 fortes
481 902 605 933 animos
631 902 822 941 habuerunt,
854 911 888 933 ut
913 904 985 934 licet
1010 904 1102 943 pauci
1126 913 1183 932 nu-

227 955 325 981 merO,
350 953 380 975 et
403 946 457 976 vix
482 945 742 984 tmusadversus
766 946 863 983 mille,
892 946 969 976 adeo
994 953 1027 976 ut
1052 956 1183 986 magnos

227 995 389 1027 reportare
430 987 610 1027 triumphos
652 988 829 1027 nequirent„
871 995 977 1019 tamen
1016 990 1084 1019 ausi
1118 988 1183 1018 sint

227 1038 292 1060 tam
325 1041 527 1061 numerosum
554 1030 804 1061 Philistaeorum
836 1032 1013 1062 exercitum
1044 1031 1183 1061 adoriri:

226 1084 288 1112 qua
311 1073 343 1103 in
368 1083 402 1103 re
426 1084 528 1112 neque
552 1072 782 1110 Ionatbanum‚
814 1085 914 1113 neque
946 1075 1047 1112 ipsius
1066 1073 1183 1104 milites

227 1116 410 1155 vituperare
430 1126 612 1155 possumus:
633 1116 686 1145 sed
707 1117 859 1155 populum
880 1118 1021 1156 graviter
1037 1126 1183 1157 peccasse

228 1159 371 1189 dicimus.
417 1158 498 1188 Nam
531 1158 622 1188 facile
653 1159 690 1188 ad
722 1160 816 1189 tubae
840 1160 979 1190 sonitum
1004 1165 1034 1190 et
1057 1159 1184 1199 clango-

228 1212 294 1232 rem
329 1202 462 1237 excitus,
498 1201 536 1230 ad
571 1211 713 1241 pugnam
748 1212 816 1232 sese
857 1212 1059 1242 comparasse
1093 1202 1182 1232 visus

227 1250 284 1279 est,
309 1243 365 1274 sed
389 1243 468 1274 nihil
493 1244 630 1282 amplius
655 1245 820 1284 cogitasse.
852 1244 974 1275 Verum
1001 1245 1183 1275 meminisse

227 1298 283 1317 nos
307 1293 432 1326 oportet
456 1286 543 1316 illius
566 1287 786 1317 similitudinis
806 1298 868 1326 qua
891 1287 1052 1318 Dominus
1076 1293 1183 1317 noster
1208 1299 1210 1327 ζ

226 1329 317 1360 Iesus
341 1329 492 1360 Christus
521 1329 630 1365 utitur,
662 1331 818 1369 inquiens,
849 1336 995 1369 oportere
1026 1340 1097 1360 eum
1130 1330 1182 1369 qui
1209 1356 1210 1361 ,

229 1372 345 1403 bellum
380 1371 508 1411 aliquod
545 1372 684 1408 molitur,
725 1372 864 1403 sedendo
898 1384 1003 1403 secum
1046 1373 1183 1403 rationes

228 1415 301 1445 belli
325 1425 437 1445 omnes
460 1420 490 1444 et
521 1421 668 1454 sumptus
691 1415 872 1455 expendere
897 1422 1066 1455 antequam
1091 1415 1181 1455 quid-

227 1468 322 1497 quam
357 1457 574 1497 aggrediatur.
621 1459 667 1488 Ac
700 1468 776 1488 sane
811 1458 900 1489 facile
925 1465 972 1488 est
1003 1457 1109 1489 hostes
1139 1458 1181 1488 la-

228 1509 367 1531 cessere:
409 1500 463 1530 sed
498 1499 674 1530 cavendum
711 1511 750 1530 ne
786 1501 906 1531 viribus
940 1501 1002 1531 illis
1037 1501 1182 1540 impares,

228 1543 302 1574 licet
327 1543 428 1581 primo
450 1543 569 1582 impetu
595 1545 694 1573 multa
715 1543 804 1573 nobis
827 1543 1050 1582 polliceamur,
1075 1550 1182 1574 tamen

229 1586 268 1616 ad
298 1585 425 1616 illorum
448 1591 652 1624 conspectum
685 1593 872 1623 terreamur,
906 1592 936 1616 et
967 1587 1089 1616 animos
1112 1586 1183 1616 illos

229 1639 307 1668 quos
338 1635 433 1658 antea
462 1628 654 1667 gerebamus
685 1639 757 1658 cum
792 1628 946 1659 dedecore
976 1629 1184 1669 deponamus,

227 1678 259 1702 et
290 1681 390 1710 quum
421 1670 461 1701 ad
490 1681 620 1701 manum
654 1672 714 1701 erit
748 1678 886 1705 ventum,
918 1671 1184 1711 despondeamus.
1209 1693 1211 1697 «

229 1714 310 1745 Nam
341 1714 406 1744 sere
438 1714 483 1751 fit,
515 1714 597 1753 quod
628 1724 831 1753 summopere
862 1714 1097 1744 observandum
1128 1720 1185 1752 est,

230 1764 265 1788 ut
292 1756 346 1796 qui
374 1762 449 1786 ante
479 1762 666 1796 conspectos
698 1756 806 1787 hostes
837 1757 1001 1787 fortissimi
1033 1757 1183 1787 videban-

228 1806 291 1835 tur,
323 1798 451 1829 tandem
484 1800 588 1829 instar
611 1799 807 1829 ebriosorum
832 1799 998 1829 hominum
1023 1799 1184 1830 collaban-

229 1849 291 1873 tur.
350 1840 464 1872 Solent
498 1842 584 1872 enim
627 1841 705 1871 bene
745 1842 811 1881 poti
850 1842 995 1873 homines
1035 1852 1183 1882 magnam

226 1884 449 1916 fortitudinem
474 1894 550 1924 prae
573 1894 607 1915 se
630 1884 730 1914 ferre:
755 1890 790 1914 ut
814 1885 904 1915 nulla
928 1886 974 1915 vis
998 1895 1067 1916 esse
1087 1886 1186 1916 maior

228 1938 320 1968 posse
345 1927 500 1963 videatur,
522 1938 558 1957 eo
581 1937 681 1966 usque
705 1934 740 1957 ut
757 1928 920 1958 cornubus
936 1927 1057 1958 coelum
1079 1928 1183 1967 ipsum

228 1970 415 2010 contingere
449 1974 482 2000 et
514 1970 610 2000 ferire
646 1969 735 2009 veile,
770 1974 802 2000 et
832 1971 965 2000 summis
996 1970 1123 2010 regibus
1154 1977 1186 2001 et

228 2012 411 2044 monarchis
438 2023 506 2043 sese
537 2013 715 2051 adaequare
747 2012 946 2043 minitentur.
993 2012 1056 2044 Sed
1080 2013 1106 2044 si
1131 2023 1184 2053 pe-

228 2056 338 2087 rendie
377 2055 539 2094 crapulam
581 2055 766 2086 exhalarint
807 2056 947 2086 omnium
990 2055 1185 2086 timidissimi

226 2098 481 2138 conspiciantur;
517 2104 572 2128 aut
606 2098 632 2128 si
668 2098 773 2128 adhue
803 2098 898 2137 sopiti
928 2099 1117 2134 excitentur,
1152 2099 1184 2129 in

229 2142 387 2172 maximos
421 2147 558 2171 terrores
594 2139 747 2171 incidant.
793 2140 1010 2178 Quamobrem
1044 2151 1184 2172 summo-

230 2194 305 2224 pere
327 2183 495 2222 fugiendos
517 2183 698 2214 istiusmodi
724 2183 925 2214 turbulentos
948 2186 1087 2223 impetus
1110 2184 1183 2214 scia-

230 2236 312 2266 mus,
335 2230 367 2256 et
390 2225 601 2256 moderandos
624 2226 757 2256 affectus
781 2232 915 2261 nostros,
947 2237 988 2256 ne
1011 2226 1096 2257 ultra
1119 2237 1184 2257 mo·
1210 2245 1211 2255 i

231 2268 306 2299 dum
339 2268 518 2303 efferamur,
555 2268 608 2299 sed
640 2268 767 2308 longius
798 2278 894 2307 quam
926 2278 1006 2308 quae
1036 2279 1095 2299 nos
1124 2270 1184 2300 cir-

229 2317 392 2342 cumstant
422 2311 615 2347 intueamur,
648 2321 762 2349 nempe
782 2317 817 2340 ut
840 2311 1012 2351 diligenter
1034 2312 1184 2351 inspicia-

230 2364 302 2384 mus
336 2353 443 2383 sintne
477 2354 577 2383 futuri
612 2354 817 2384 consiliorum
861 2359 1042 2385 nostrorum
1077 2354 1185 2386 exitus

229 2396 332 2427 initiis
356 2395 491 2426 similes:
522 2406 602 2435 quae
634 2395 707 2426 licet
730 2396 822 2426 initio
852 2397 958 2427 favere
983 2397 1073 2428 nobis
1097 2397 1182 2428 vide-

230 2446 335 2476 antur,
365 2438 543 2469 cavendum
575 2444 681 2468 tamen
714 2449 754 2468 ne
784 2449 883 2479 parva
913 2439 1068 2479 quaedam
1092 2440 1184 2471 levis·
1209 2456 1211 2466 »

229 2492 291 2521 que
325 2481 468 2513 felicitas.
507 2480 622 2520 ingens
656 2491 761 2511 secum
798 2482 830 2512 in
865 2487 1027 2520 posterum
1064 2483 1183 2513 malum

229 2523 345 2555 trahat.

229 2577 324 2607 quam
351 2566 483 2596 habenis
508 2566 714 2605 retineamur,
740 2577 780 2596 ne
803 2567 897 2597 altius
921 2569 1025 2607 capita
1048 2568 1184 2598 efferen-

228 2616 286 2647 tes,
319 2616 407 2639 tanto
438 2608 561 2639 foedius
592 2609 788 2646 deiiciamur,
819 2618 849 2640 et
878 2611 1086 2651 insigniorem
1117 2611 1183 2641 rui-

736 477 956 507 Nihilominus
987 485 1091 507 tamen
1123 477 1181 506 hoe
1207 494 1208 501 κ

392 2523 441 2554 De
464 2524 535 2553 istis
558 2524 640 2554 serio
664 2523 803 2562 quotidie
821 2525 1036 2564 cogitandum,
1061 2531 1095 2556 ut
1116 2532 1184 2556 tan-
1209 2525 1210 2550 ἶ

1235 272 1306 292 nam
1338 262 1498 292 faciamus.
1546 264 1766 301 Quamobrem
1798 265 1829 294 in
1863 264 1921 294 hac
1953 263 2089 293 historia
2117 270 2188 293 tan-

1234 316 1327 343 quam
1359 305 1391 335 in
1423 306 1553 343 speculo
1587 307 1655 335 licet
1687 318 1796 336 eorum
1828 306 2038 345 contemplari
2068 313 2188 336 statum

1234 348 1286 386 qui
1316 354 1435 377 temere
1465 348 1561 377 multa
1593 351 1779 388 suscipiunt,
1812 356 1845 378 ut
1878 360 1990 388 sapere
2021 348 2191 384 diseamus,

1233 396 1262 419 et
1294 391 1322 419 in
1355 389 1458 420 officio
1488 402 1543 419 no>-
1575 392 1746 422 continere.
1796 392 1873 421 Nam
1907 392 2014 421 audit«.
2039 392 2190 431 clangore

1234 433 1327 462 tubae
1351 432 1501 472 populum
1528 434 1730 463 israelitituitn
1756 434 1793 464 ad
1820 434 1948 465 &nuh-m
1976 445 2091 469 magno
2115 445 2188 464 con·

1233 486 1325 504 (enisu
1362 483 1505 505 coactum
1539 476 1636 505 fuisse
1671 477 1895 515 t·‹›nspi‹¹imus;
1931 485 1958 505 et
1991 472 2119 516 quidem
2150 476 2188 506 ad

1235 528 1374 557 pugnam
1400 518 1648 556 paratissimum,
1675 527 1707 548 ut
1732 520 1810 549 nihil
1837 520 1895 549 nisi
1920 530 1991 549 cum
2015 519 2103 549 hoste
2124 529 2189 548 ma-

1235 571 1294 589 nus
1325 563 1470 590 conterre
1503 561 1583 590 velle
1616 561 1794 591 videretur:
1830 562 1883 591 sed
1917 561 1968 591 ubi
2002 563 2188 591 immensam

1207 599 1475 632 imultitudinem
1508 605 1725 642 conspexisset
1761 604 2007 634 Philistaeorum
2047 604 2188 633 hostium

1234 645 1287 683 qui
1311 656 1346 674 eo
1370 644 1437 675 loco
1461 647 1675 675 castrametati
1701 647 1840 684 fuerant,
1865 657 1934 677 cum
1960 646 2094 685 triginta
2120 646 2189 676 mil-

1235 687 1317 717 libus
1341 698 1502 723 curruum,
1526 695 1555 717 et
1579 699 1635 718 sex
1660 689 1799 719 millibus
1824 690 1976 729 equitum,
2007 700 2042 719 ac
2066 688 2188 727 reliqua

1235 729 1441 760 multitudine
1474 730 1614 769 peditum
1650 732 1813 769 immensa,
1854 733 1933 763 sicut
1975 741 2073 761 arena
2106 741 2188 770 quae

1235 779 1283 802 est
1306 773 1338 802 in
1362 772 1455 802 litore
1479 774 1584 809 maris,
1610 774 1815 804 vehementer
1838 774 1968 804 territus
1992 782 2022 803 et
2045 779 2186 804 conster-

1236 822 1331 845 natus
1372 820 1430 850 est,
1470 821 1505 845 ut
1539 817 1656 846 sensim
1698 817 1815 856 singuli
1849 817 1961 856 dilapsi
1997 816 2189 855 domumque

1235 858 1371 897 regressi
1395 859 1475 888 sint:
1501 864 1534 888 ut
1561 859 1666 889 hostes
1690 859 1750 889 illis
1774 859 1840 889 solo
1863 865 1990 898 aspectu
2016 859 2134 890 territis
2158 865 2190 889 et

1235 900 1354 939 fugatis
1385 899 1424 930 ad
1455 911 1596 940 pugnam
1628 902 1737 932 venire
1768 902 1900 932 minime
1932 902 2024 932 fuerit
2049 912 2188 938 necesse,

1236 954 1294 974 nec
1318 943 1355 973 de
1377 943 1607 982 persequendis
1630 944 1667 974 iis
1691 944 1844 981 laborare,
1869 945 1920 983 qui
1945 944 2010 975 solo
2034 944 2187 983 adspectu

1235 985 1374 1016 hostium
1407 986 1508 1016 territi
1543 995 1656 1026 sponte
1691 986 1928 1020 dilabebantur,
1960 993 1989 1017 et
2021 988 2095 1027 fuga
2127 986 2188 1017 sibi

1235 1029 1371 1059 salutem
1395 1028 1598 1068 quaerebant.
1634 1029 1723 1067 Quae
1747 1040 1842 1068 quum
1870 1030 1958 1060 nobis
1983 1037 2057 1059 ante
2080 1029 2190 1059 oculos

1235 1071 1456 1107 subiiciantur‚
1486 1071 1645 1101 discamus
1668 1083 1727 1102 non
1752 1072 1860 1112 egredi
1881 1071 2054 1102 modestiae
2079 1072 2189 1102 termi-

1236 1124 1301 1148 nos,
1333 1119 1363 1144 et
1394 1114 1501 1153 procul
1527 1125 1544 1143 a
1567 1115 1713 1145 conflictu
1737 1122 1766 1145 et
1796 1115 1911 1145 ictibus
1941 1114 2094 1145 collocati.
2124 1125 2187 1144 non

1235 1156 1419 1196 praedicare
1452 1156 1682 1191 fortitudinem,
1724 1168 1763 1187 ne
1798 1157 1848 1187 ubi
1882 1157 1919 1187 ad
1962 1167 2092 1187 manum
2128 1157 2189 1187 erit

1238 1205 1378 1235 ventum,
1421 1206 1507 1229 metu
1549 1200 1683 1239 perculsi
1726 1200 1911 1230 dilabamur.
1965 1199 2030 1230 Sed
2064 1205 2190 1230 mature

1235 1241 1381 1281 singulos
1404 1248 1539 1272 eventus
1562 1242 1794 1281 provideamus,
1818 1249 1847 1272 et
1872 1242 1977 1272 omnia
2000 1242 2096 1272 etiam
2122 1247 2189 1272 tuta

1236 1291 1428 1321 metuamus,
1461 1296 1499 1314 ne
1524 1284 1641 1315 incauti
1666 1284 1950 1324 deprehendamur.
1982 1291 2011 1315 et
2036 1290 2188 1323 tanquam

1237 1338 1270 1357 re
1302 1337 1383 1357 nova
1414 1334 1445 1358 et
1476 1327 1615 1365 insolita,
1644 1328 1681 1357 de
1712 1339 1771 1367 qua
1803 1337 1967 1366 nunquam
1999 1327 2190 1366 cogitaveri-

1237 1380 1307 1400 mus
1342 1370 1524 1400 obruamur.
1569 1371 1740 1400 Caeterum
1774 1369 1849 1400 hinc
1884 1370 1979 1400 etiam
2015 1371 2189 1400 observan-

1237 1413 1310 1442 dum
1336 1412 1441 1451 qualia
1465 1412 1527 1442 sint
1553 1413 1716 1443 hominnm
1742 1413 1879 1452 ingenia,
1913 1422 2009 1451 quum
2036 1412 2192 1443 dicuntur

1209 1472 1210 1479 κ
1236 1455 1402 1486 Israelitae
1425 1455 1490 1486 solo
1514 1456 1758 1486 Philistaeorum
1784 1455 1935 1494 adspectu
1959 1455 2071 1485 territi.
2097 1454 2189 1485 Sem-

1209 1498 1210 1507 *
1236 1509 1292 1537 per
1322 1498 1407 1528 enim
1432 1499 1470 1528 ad
1496 1498 1573 1529 haec
1603 1498 1753 1528 inferiora
1777 1505 1806 1528 et
1831 1498 1946 1528 caduca
1971 1497 2190 1527 convertimus

1237 1541 1352 1576 oeulos,
1386 1547 1417 1570 et
1446 1541 1471 1571 si
1502 1541 1576 1580 quid
1609 1541 1748 1571 arridere
1776 1540 1866 1570 nobis
1896 1547 1927 1570 et
1956 1540 2063 1570 favere
2086 1540 2191 1579 primo

1236 1584 1340 1614 visum
1372 1584 1477 1619 fuerit,
1512 1584 1619 1614 statim
1653 1584 1823 1620 efferimur,
1856 1589 1888 1613 et
1922 1583 2062 1622 superbe
2096 1589 2190 1622 atque

1236 1626 1414 1657 insolenter
1444 1626 1482 1656 de
1513 1627 1603 1657 nobis
1634 1626 1805 1656 sentimus:
1836 1632 1945 1656 contra
1968 1626 1993 1656 si
2017 1625 2093 1664 quid
2117 1634 2190 1665 gra·

1237 1669 1307 1699 vius
1335 1668 1513 1706 immineat,
1544 1669 1652 1699 statim
1675 1668 1879 1704 concidimus,
1910 1674 1940 1697 et
1963 1669 2067 1698 instar
2089 1677 2191 1707 aquae

1236 1712 1421 1742 diffinimus.
1479 1711 1625 1751 Denique
1660 1717 1752 1750 prout
1787 1711 1875 1741 varia
1910 1721 2015 1741 rerum
2055 1715 2190 1749 apparet

1236 1755 1368 1794 speeies,
1415 1755 1551 1785 subinde
1596 1761 1758 1784 mutamur
1802 1753 1919 1784 Proteo
1964 1753 2188 1788 instabiliores,

1236 1797 1330 1828 modo
1359 1804 1446 1828 metu
1476 1797 1659 1830 diffinimus.
1691 1796 1785 1826 modo
1816 1806 1922 1826 rerum
1952 1795 2109 1825 laetarum
2133 1795 2188 1825 ad-

1236 1846 1356 1879 spectu,
1380 1840 1560 1870 efferimur:
1584 1840 1611 1870 si
1635 1838 1773 1869 mundus
1797 1838 1951 1877 arriserit,
1975 1838 2000 1868 si
2026 1837 2191 1868 blanditiis

1237 1883 1406 1917 delinierit,
1431 1884 1456 1913 si
1481 1882 1605 1913 viribus
1624 1881 1771 1912 instructi
1794 1880 1833 1911 ad
1858 1880 2072 1911 resistendum
2092 1879 2190 1910 hosti-

1237 1926 1296 1956 bus
1321 1926 1485 1963 fuerimus,
1509 1925 1633 1955 nullum
1658 1924 1784 1954 modum
1809 1923 2019 1960 servabimus,
2043 1930 2073 1953 et
2097 1923 2188 1952 mali-

1237 1969 1313 1999 tiam
1338 1977 1373 1998 ac
1397 1968 1638 2008 perversitatem
1662 1968 1805 1997 innatam
1830 1965 2020 2005 prodemus:
2052 1965 2190 2004 denique

1237 2010 1368 2042 audacia
1404 2018 1435 2041 et
1469 2011 1651 2051 arrogantia
1685 2016 1835 2048 tanquam
1872 2008 2051 2047 phrenetici
2086 2008 2189 2048 agita-

1236 2054 1353 2086 bimur.
1398 2054 1449 2084 Ex
1480 2054 1592 2093 quibus
1620 2052 1765 2083 omnibus
1795 2058 1926 2090 apparet
1950 2062 2006 2081 nos
2029 2061 2189 2090 quaecun-

1210 2109 1212 2118 v
1236 2107 1297 2137 que
1321 2097 1410 2126 nobis
1440 2096 1657 2136 proponimus,
1686 2094 1770 2124 idola
1793 2094 1906 2126 faeere.
1937 2101 1968 2123 et
1993 2104 2041 2123 res
2065 2099 2188 2124 creatas

1237 2150 1315 2180 quas
1340 2140 1427 2169 Deus
1451 2139 1542 2169 nobis
1564 2139 1597 2168 in
1621 2137 1773 2168 auxilium
1798 2136 1927 2166 dederat
1952 2135 2093 2166 adorare.
2124 2135 2187 2166 Ne-

1236 2193 1296 2222 que
1327 2192 1401 2212 vero
1432 2182 1564 2212 stoicam
1594 2180 1789 2216 ἀναισθησίαν
1813 2178 2004 2209 invehimus.
2050 2178 2133 2209 Nam
2157 2185 2189 2208 et

1237 2225 1331 2256 rebus
1354 2224 1503 2255 secundis
1527 2223 1730 2263 gaudendum
1757 2229 1812 2257 est,
1837 2228 1867 2251 et
1892 2221 1983 2251 laetis
2006 2220 2187 2255 fruendum,

1237 2274 1268 2298 et
1298 2268 1331 2297 in
1362 2268 1400 2297 iis
1425 2266 1484 2296 Dei
1517 2268 1606 2297 favor
1629 2263 1908 2303 contemplandus:
1941 2274 2053 2294 verum
2079 2269 2187 2293 tamen

1236 2311 1280 2341 sic
1311 2316 1347 2340 ut
1379 2309 1418 2340 ad
1443 2309 1548 2339 Deum
1573 2318 1698 2347 semper
1721 2317 1934 2346 assurgamus,
1967 2314 1999 2336 et
2022 2306 2112 2336 illum
2138 2315 2187 2335 so-

1236 2353 1302 2383 lum
1326 2353 1517 2388 intueamur,
1549 2351 1588 2381 ab
1624 2351 1692 2381 istis
1723 2349 1816 2380 rebus
1840 2349 2046 2379 inferioribus
2069 2354 2100 2378 et
2123 2354 2187 2378 ter-

1236 2395 1391 2426 restribus
1414 2395 1520 2425 oculos
1544 2400 1735 2424 avertentes.
1765 2391 1847 2422 Nam
1870 2392 1954 2422 unde
1978 2392 2012 2421 fit
2038 2397 2072 2421 ut
2095 2401 2188 2429 saepe

1236 2445 1345 2469 nostra
1378 2448 1434 2477 spe
1475 2436 1668 2469 excidamus,
1711 2436 1770 2465 nisi
1806 2434 1889 2474 quod
1929 2438 2046 2464 bonore
2082 2434 2188 2464 debito

1236 2481 1340 2511 Deum
1372 2480 1554 2519 spoliamus.
1600 2477 1679 2508 Inde
1710 2476 1833 2513 accidit,
1864 2484 1899 2507 ut
1929 2477 1957 2507 si
1982 2477 2086 2506 minae
2115 2486 2188 2516 pro·

1235 2529 1403 2563 ponantur,
1434 2522 1460 2552 si
1491 2521 1632 2561 pericula
1663 2521 1825 2560 ingruant,
1854 2520 1878 2550 si
1910 2519 2005 2550 duces
2036 2529 2099 2549 non
2132 2519 2188 2549 ha-

1236 2568 1375 2599 beamus,
1406 2565 1432 2594 si
1465 2565 1658 2594 munitiones
1689 2563 1886 2593 necessariae
1916 2562 2030 2597 desint,
2062 2562 2088 2591 si
2113 2560 2188 2600 quid

1235 2609 1371 2647 denique
1394 2607 1537 2644 defuerit,
1562 2606 1669 2636 statim
1690 2611 1777 2636 metu
1797 2605 2020 2644 percellamur,
2045 2606 2189 2634 animum
