2551 3044
203 180 241 212 61
846 182 891 213 IN
917 182 942 212 1.
968 180 1055 212 LIB.
1076 180 1273 213 SAMUEL.
1299 182 1395 214 CAP.
1433 183 1523 213 XIV.
2127 186 2168 217 62

202 275 343 306 Iehova?
388 276 508 307 Annon
542 277 569 308 is
602 282 650 307 est
681 277 771 308 cuius
805 275 936 307 abstulit
970 274 1097 306 excelsa
1125 279 1157 305 et

203 317 325 356 altaria,
357 329 437 358 quae
466 318 604 351 habebat
640 318 846 359 gratissima?
892 318 1025 349 Deusne
1062 317 1156 348 illum

203 361 392 392 exaudiret?
417 372 524 393 nonne
546 361 592 392 illi
615 362 819 393 adversarius
842 360 915 392 est?
961 360 1028 391 Nae
1048 360 1154 391 istius-

203 403 289 434 modi
320 404 449 435 vocibus
479 404 580 435 bonus
608 404 662 436 ille
692 404 846 436 Ezechias
875 409 1000 444 poterat
1029 413 1047 434 a
1069 407 1156 433 recto

203 446 330 477 tramite
362 446 485 482 abduci,
517 447 544 478 si
574 457 607 478 se
635 447 673 478 ob
697 453 823 487 peccata
845 446 951 486 puniri
976 456 992 476 a
1017 445 1156 476 Domino

202 487 385 520 iudicasset:
418 499 490 519 nam
515 490 728 521 existimasset
751 489 869 521 bonum
893 488 975 529 quod
1000 487 1062 519 Dei
1085 498 1156 519 sen-

203 531 305 561 tentia
343 531 494 570 probatur
526 532 646 563 malum
680 542 756 564 esse.
802 531 1008 572 Quapropter
1040 529 1156 561 animis

203 574 320 604 nostris
350 573 435 604 istud
466 574 561 605 altius
592 575 730 606 resideat
759 584 888 606 necesse
919 578 977 609 est,
1009 573 1101 604 malis
1124 576 1156 603 et

203 615 429 647 afflictionibus
460 628 516 647 nos
546 617 773 656 prementibus,
803 621 948 656 oportere
977 620 1013 646 ut
1042 616 1074 646 in
1099 625 1155 646 nos

201 657 288 697 ipsos
311 658 538 699 ingrediamur,
574 665 602 690 et
634 671 690 691 nos
720 659 932 700 exploremus,
967 668 1028 698 qua
1057 658 1091 688 in
1121 668 1155 688 re

202 700 263 731 Dei
286 700 457 732 adversum
481 712 537 733 nos
556 702 636 732 iram
657 703 944 742 provocaverimus.
989 700 1034 732 Ac
1052 701 1079 732 si
1099 710 1155 731 nos

201 744 396 775 conscientia
420 744 602 785 redarguat,
633 745 759 785 00193111
782 745 922 784 ingenue
945 752 1155 784 agnoscamus

202 791 234 816 et
273 786 440 823 fateamur,
488 787 677 827 veniamque
714 797 732 817 a
765 786 904 817 Domino
938 786 1155 826 deprecemur.

202 827 290 867 Quin
318 829 413 860 etiam
449 829 476 860 si
506 839 634 861 causam
668 830 878 861 afflictionum
912 829 1154 870 investigantes,

201 881 264 901 non
288 871 575 903 animadvertimus
600 872 676 904 haec
700 879 755 903 aut
789 872 843 903 illa
877 876 1014 912 peccata,
1049 870 1154 902 Deum

200 913 337 945 sciamus
370 914 464 955 longe
497 925 592 954 quam
627 925 683 946 nos
716 914 833 945 habere
862 914 970 945 0011105
998 914 1156 954 perspica-

203 956 312 993 ciores,
336 961 367 988 et
389 967 448 988 nos
471 957 505 987 111
527 958 666 997 90003115
690 957 808 988 nostris
832 967 963 997 prorsus
981 956 1153 988 caecutire:

201 999 332 1039 proinde
350 999 497 1030 fraenum
516 1000 561 1030 ori
581 1005 689 1030 nostro
708 1000 918 1040 imponamus,
942 1010 982 1030 ne
1001 998 1155 1030 adversus

200 1041 330 1072 Domini
353 1042 577 1081 castigationes
600 1042 818 1082 obloquamur,
842 1053 924 1073 neve
947 1042 1096 1073 iniuriam
1115 1041 1154 1072 ab

198 1084 266 1124 ipso
297 1084 366 1115 fieri
397 1084 488 1115 nobis
519 1084 720 1115 arbitremur.
766 1085 848 1115 Tum
878 1095 954 1115 vero
983 1084 1079 1116 etiam
1102 1094 1154 1115 03-

199 1125 338 1157 vendum
362 1138 402 1157 ne
425 1127 569 1157 animum
592 1127 855 1167 despondeamus,
889 1127 961 1159 licet
984 1127 1153 1158 adversum

199 1179 256 1200 nos
286 1169 399 1200 duram
427 1174 458 1200 et
481 1179 628 1209 asperam
653 1170 752 1210 ipsius
775 1180 908 1201 manum
931 1169 1152 1210 experiamur:

199 1211 254 1242 sed
283 1211 389 1251 potius
417 1211 528 1243 haberi
560 1223 616 1243 nos
646 1214 684 1244 ab
715 1212 782 1252 ipso
806 1220 841 1243 ut
863 1212 946 1243 filios
969 1215 1151 1243 teneamus:

198 1264 235 1285 ac
257 1253 389 1293 proinde
412 1264 550 1294 aequum
572 1265 641 1286 esse
666 1260 700 1286 ut
731 1255 836 1294 lapsos
865 1255 1009 1295 castiget.
1055 1255 1151 1285 Prae-

198 1301 285 1327 terea
313 1297 408 1328 etiam
439 1308 660 1338 agnoscamus,
691 1297 947 1338 quandoquidem
978 1297 1066 1328 Deus
1096 1307 1152 1328 nos

198 1344 233 1370 ut
255 1339 339 1370 filios
362 1349 473 1380 regere
497 1339 576 1377 vult,
600 1351 661 1371 non
687 1351 754 1372 esse
774 1347 925 1380 tanquam
946 1350 1077 1381 gravem
1098 1345 1152 1371 aut

198 1381 321 1417 duram,
352 1382 536 1423 fugiendam
566 1393 789 1423 quamcunque
820 1383 909 1414 nobis
938 1383 1152 1414 conditionem

196 1425 392 1464 imposuerit,
420 1430 451 1456 et
481 1435 706 1466 quamcunque
737 1426 941 1456 afflictionem
964 1425 1150 1456 immiserit:

196 1467 251 1499 sed
274 1468 377 1507 potius
400 1478 418 1498 a
440 1468 500 1499 Dei
524 1478 622 1499 manu
645 1480 717 1500 0001
737 1469 834 1498 animi
860 1468 1072 1499 submissione
1097 1479 1151 1499 ex-

430 1517 464 1541 ut
497 1521 685 1551 quacunque
720 1511 896 1547 deduxerit,
943 1510 1064 1550 placide
1105 1521 1150 1542 se-

387 1553 535 1593 Denique
565 1564 622 1584 nos
645 1564 663 1584 a
686 1553 755 1584 Deo
779 1558 932 1593 tanquam
955 1553 1036 1585 filios
1058 1554 1150 1585 casti·

197 1595 267 1635 gari
300 1605 488 1635 persuasum
523 1596 706 1631 habeamus.
753 1607 850 1636 quum
884 1601 1015 1636 peccata
1047 1597 1150 1636 punit,

194 1637 267 1669 licet
299 1649 335 1669 03
365 1649 430 1669 non
460 1639 591 1669 omnino
621 1649 859 1680 cognoscamus.
906 1639 949 1670 Et
973 1643 1149 1678 praeterea:

195 1691 424 1721 nonnunquam
459 1681 558 1722 affligi
588 1692 646 1712 nos
669 1682 807 1713 sciamus
831 1692 849 1712 a
872 1681 942 1712 Deo
962 1682 1150 1722 patientiam

197 1729 338 1754 nostram
371 1723 570 1763 explorante.
616 1725 659 1755 Et
694 1725 850 1756 hactenus
885 1724 923 1755 de
951 1724 1057 1755 verbis
1087 1724 1151 1755 illis

196 1766 311 1806 quibus
345 1765 425 1798 Saul
460 1767 529 1798 Deo
563 1767 621 1798 sibi
654 1778 718 1798 1100
752 1767 974 1807 respondente,
1016 1767 1151 1798 iusserat

195 1810 305 1849 quaeri
339 1819 401 1849 qua
430 1809 464 1840 10
494 1820 528 1840 re
558 1809 671 1841 suisset
701 1820 737 1841 eo
767 1809 816 1840 die
845 1814 1019 1850 peccatum.
1065 1809 1151 1841 Sane

191 1856 261 1882 tum
292 1850 452 1883 Dominus
478 1851 574 1883 verba
597 1852 699 1892 ipsius
724 1852 857 1883 direxit:
888 1852 943 1884 sed
966 1852 999 1883 in
1023 1863 1058 1883 eo
1081 1853 1150 1893 ipso

191 1894 334 1934 graviter
358 1905 376 1925 a
400 1893 497 1926 Saule
521 1902 687 1934 peccatum
710 1900 767 1933 est,
793 1894 878 1935 quod
902 1905 966 1926 non
989 1896 1149 1936 cognovit.

191 1936 432 1977 Nonnunquam
462 1938 548 1968 enim
578 1948 612 1968 se
641 1938 751 1977 procul
776 1947 794 1967 a
816 1938 906 1969 nobis
930 1938 1017 1969 Deus
1040 1937 1150 1970 abesse

193 1979 364 2016 simulabit,
395 1979 470 2011 licet
500 1981 601 2011 nostri
632 1981 806 2011 maximam
830 1990 938 2011 curam
962 1981 1085 2017 habeat,
1119 1984 1150 2012 et

194 2029 322 2053 nostrae
345 2022 466 2053 salutis.
513 2023 599 2053 Male
622 2023 729 2062 itaque
753 2022 881 2063 collegit
900 2022 980 2054 Saul
999 2023 1150 2054 nimium-

194 2074 254 2104 que
282 2064 441 2105 generalis
471 2065 526 2096 illa
556 2066 715 2096 sententia
745 2071 801 2102 est,
832 2070 864 2096 et
885 2076 947 2097 non
972 2067 1150 2097 necessaria

193 2107 371 2139 conclusio:
408 2107 674 2147 Quandoquidem
715 2108 804 2138 Deus
838 2107 932 2139 hodie
965 2108 1043 2139 mihi
1086 2119 1149 2140 non

193 2150 365 2189 respondit,
395 2160 523 2181 necesse
555 2155 602 2181 est
632 2151 774 2191 graviter
797 2150 949 2182 adversus
972 2151 1149 2183 Dominum

193 2191 292 2223 fuisse
325 2198 500 2232 peccatum.
545 2192 656 2223 Potuit
691 2193 786 2229 enim,
823 2197 859 2224 ut
892 2198 965 2224 ante
998 2193 1148 2232 diximus,

194 2234 255 2264 alia
288 2234 423 2274 quadam
458 2234 496 2266 de
529 2245 624 2266 causa
658 2235 747 2267 Deus
781 2246 844 2266 non
877 2236 1078 2277 respondere,
1113 2242 1149 2268 ut

192 2287 285 2316 saepe
309 2277 390 2308 solet
412 2277 501 2308 Deus
525 2288 598 2308 suos
622 2277 704 2309 filios
728 2278 905 2318 explorare,
936 2289 1028 2310 suum
1058 2281 1148 2311 auxi-

190 2318 270 2350 lium
292 2319 476 2351 differendo.
523 2320 631 2359 Quare
650 2321 748 2351 nimia
769 2320 830 2352 fuit
849 2320 957 2352 Saulis
977 2322 1146 2354 festinatio.

191 2361 409 2393 Nihilominus
433 2367 542 2393 tamen
565 2362 624 2394 hoe
647 2363 715 2394 1000
738 2362 828 2394 Deus
851 2363 926 2395 facit
949 2364 1016 2395 eius
1043 2372 1146 2396 ratam

192 2404 396 2442 sententiam,
422 2405 512 2436 cuius
537 2404 686 2446 deinceps
705 2406 779 2436 faeti
799 2407 954 2438 rationem
971 2407 1146 2440 audiemus.

192 2446 327 2478 Interim
366 2446 452 2478 aliud
483 2448 580 2478 etiam
611 2447 720 2480 Saulis
750 2454 914 2488 peccatum
944 2449 996 2481 1110
1026 2452 1147 2482 exami-

190 2489 342 2521 nandum.
387 2489 472 2520 Nam
516 2500 573 2521 cur
615 2490 652 2522 de
687 2491 809 2522 occulto
843 2498 970 2531 peceato
1004 2493 1145 2533 inquirit,

191 2542 291 2572 quum
325 2532 436 2563 eadem
466 2538 557 2563 nocte
585 2533 721 2573 populus
749 2534 938 2566 manifestae
962 2535 1145 2575 pollutionis

191 2580 222 2605 et
252 2575 330 2615 legis
359 2575 497 2606 violatae
525 2585 598 2606 reus
629 2581 711 2607 esset
740 2576 865 2608 factus?
909 2577 992 2608 Nam
1017 2584 1048 2609 et
1071 2584 1144 2610 ante

189 2616 291 2658 legem
316 2617 414 2649 latam
429 2625 460 2648 et
483 2617 600 2649 tabulis
623 2619 853 2659 consignatam,
878 2621 1035 2661 sanguine
1058 2623 1143 2653 vesci

196 1509 384 1550 cipiendam,

197 1562 341 1593 quamur.

1208 275 1405 316 prohibitum
1439 283 1520 306 orat:
1556 287 1635 316 quae
1670 278 1709 309 ab
1743 279 1828 309 omni
1863 289 1941 310 aevo
1970 279 2168 311 consuetudo

1208 318 1400 349 obtinuerat.
1448 318 1666 351 Nihilominus
1699 326 1806 352 tamen
1838 322 1973 361 populus
2002 322 2168 354 famelicus

1208 361 1355 401 neglecta
1385 359 1446 391 Dei
1478 361 1690 400 prohibitione
1722 375 1785 394 non
1818 365 1974 395 abstinuit
2004 365 2167 405 prohibito

1209 404 1380 443 sanguine:
1416 414 1490 434 nam
1521 405 1622 435 caesis
1646 406 1818 444 pecudibus
1842 418 1951 437 earum
1976 408 2167 448 sanguinem

1209 457 1281 477 00111
1312 454 1406 476 carne
1435 446 1579 477 comedit.
1626 448 1698 486 Quo
1728 449 1810 480 facto
1842 450 2009 480 videbatur
2040 449 2098 481 sibi
2134 451 2167 481 in

1208 495 1370 528 posterum
1391 488 1476 519 viam
1496 489 1533 519 ad
1556 489 1784 521 humanitatem
1805 492 1968 523 claudere:
1992 503 2166 533 veramque

1208 531 1394 571 religionem
1428 536 1460 562 et
1489 531 1648 562 sincerum
1672 533 1733 564 Dei
1757 535 1877 565 cultum
1902 534 2099 566 adulterare:
2134 540 2167 567 et

1208 574 1242 604 in
1278 573 1457 605 adulterino
1493 574 1581 604 cultu
1616 576 1757 607 animum
1787 577 1966 608 obfirmare.
2013 577 2165 616 Quando-

1208 616 1335 656 quidem
1372 616 1474 656 igitur
1505 621 1594 647 tauta
1624 619 1775 658 9091110111
1804 620 1938 659 90110110
1969 626 2166 660 pervaserat,

1208 670 1305 699 quare
1339 669 1373 689 se
1407 659 1512 698 ipsum
1547 659 1626 690 Saul
1663 672 1724 691 uon
1760 662 1955 702 explorabat,
1990 663 2043 702 qui
2077 669 2165 694 tanto

1208 701 1291 732 malo
1329 711 1458 733 causam
1500 701 1699 741 praebuerat,
1741 705 1795 735 sed
1831 704 1869 735 de
1901 705 2024 736 occulto
2059 706 2165 745 potius

1207 748 1346 784 peccato,
1388 743 1590 775 severissime
1620 746 1791 785 puniendo,
1834 747 2021 779 laborabat?
2072 748 2165 786 Quur

1207 785 1413 818 iureiurando
1444 797 1476 817 se
1505 786 1543 817 ad
1568 798 1686 826 poenas
1708 790 1919 828 reposcendas
1942 790 2164 831 astringebat?

1207 829 1277 860 Nae
1300 829 1372 860 dolo
1392 829 1511 860 factum
1531 829 1562 860 id
1582 831 1620 861 ab
1642 831 1695 861 illo
1714 833 1827 864 merito
1847 833 1916 872 quis
1936 833 2165 872 suspicabitur:

1207 872 1396 912 praesertim
1422 882 1496 902 vero
1520 883 1617 911 quum
1643 884 1660 904 a
1684 875 1800 914 populo
1825 876 1965 906 seiunxit
1989 886 2037 906 se:
2063 886 2164 915 quan-

1208 914 1377 954 doquidem
1409 915 1442 944 in
1474 915 1625 954 populum
1656 918 1800 948 coniecta
1821 919 1907 949 omni
1932 918 2024 958 011193
2049 919 2164 949 immu-

1207 959 1339 988 nitatem
1371 957 1438 996 ipse
1469 958 1626 997 sperabat.
1673 958 1737 990 Sed
1768 965 1880 992 contra
1910 961 1979 992 eius
2002 968 2163 1001 exspecta-

1207 1001 1359 1031 tationem
1384 1000 1502 1030 factum
1523 1007 1584 1031 est:
1608 1000 1825 1033 Ionathanum
1846 1004 1930 1034 enim
1951 1010 2034 1034 sorte
2055 1004 2166 1043 depre-

1207 1043 1343 1073 hensum
1390 1043 1458 1082 ipse
1499 1053 1556 1073 suo
1590 1044 1710 1075 calculo
1745 1045 1898 1077 damnare
1933 1052 2061 1077 coactus
2100 1051 2164 1076 est:

1206 1096 1288 1125 quae
1312 1090 1483 1124 antequam
1507 1087 1734 1125 expendamus,
1760 1088 1857 1119 verba
1881 1088 1935 1119 illa
1960 1088 2070 1119 Saulis
2089 1092 2165 1119 sunt

1205 1128 1297 1159 nobis
1320 1127 1562 1165 consideranda,
1586 1129 1700 1169 quibus
1723 1130 1777 1167 ait,
1802 1133 1835 1161 ut
1856 1132 1930 1162 vivit
1954 1131 2077 1168 Iehova,
2110 1131 2164 1170 qui

1204 1173 1305 1202 servat
1318 1170 1475 1207 Israelem,
1500 1171 1620 1202 etiamsi
1638 1172 1718 1204 illud
1738 1174 1833 1212 fuerit
1855 1174 1888 1204 in
1912 1174 2083 1205 Ionatham
2099 1174 2164 1212 filio

1204 1223 1277 1253 meo,
1310 1214 1432 1245 omnino
1466 1214 1617 1244 morietur.
1662 1215 1889 1248 Iusiurandum
1925 1216 2005 1247 illud
2039 1217 2164 1247 ratione

1205 1255 1343 1296 quadam
1367 1261 1398 1287 et
1421 1256 1579 1295 aequitate
1604 1258 1660 1287 niti
1685 1259 1818 1296 videtur,
1850 1270 1923 1290 nam
1947 1259 2000 1298 qui
2024 1259 2057 1289 in
2080 1258 2164 1289 iudi-

1205 1309 1273 1330 cem
1310 1299 1430 1330 eleetus
1464 1305 1512 1329 est
1545 1300 1767 1332 sanctissimus
1801 1310 1829 1332 et
1865 1302 2060 1332 iustissimus
2095 1312 2163 1332 esse

1206 1341 1308 1380 debet,
1347 1346 1377 1373 et
1411 1351 1619 1381 personarum
1655 1344 1776 1374 nullum
1812 1344 1930 1375 habere
1964 1348 2161 1384 respectum:

1205 1384 1289 1414 Nam
1314 1384 1362 1415 105
1386 1394 1481 1415 0111110
1504 1388 1535 1415 01
1558 1394 1694 1425 3000001
1720 1387 1883 1423 evertitur,
1916 1397 2012 1426 quum
2040 1386 2163 1418 iudices

1206 1427 1255 1458 vel
1285 1426 1357 1458 odio
1380 1427 1431 1458 vel
1456 1427 1564 1458 favore
1587 1435 1807 1460 excaecantur.
1854 1429 1977 1461 Idcirco
2000 1429 2163 1460 Dominus

1206 1476 1314 1501 noster
1349 1470 1440 1501 Iesus
1475 1469 1627 1501 Christus
1661 1471 1738 1503 haec
1772 1471 1833 1503 duo
1867 1472 2007 1512 opponit,
2038 1477 2162 1503 rectum

1204 1512 1370 1552 iudicium,
1404 1518 1434 1543 et
1468 1512 1619 1543 iudicium
1655 1524 1692 1544 ex
1726 1515 1907 1555 acceptione
1942 1525 2162 1555 personarum.

1204 1554 1289 1586 Nam
1320 1556 1346 1586 si
1377 1556 1607 1596 consanguinei
1640 1557 1687 1587 vel
1719 1558 1830 1589 affines
1861 1568 1896 1589 30
1926 1557 2098 1598 propinqui
2123 1556 2163 1587 ad

1203 1597 1346 1629 favorem
1370 1598 1547 1638 impellant,
1571 1599 1597 1629 si
1620 1598 1727 1630 odium
1751 1607 1805 1631 aut
1828 1601 2015 1631 inimicitiae
2034 1598 2161 1637 adsunt,

1203 1641 1329 1671 animus
1370 1641 1433 1672 illis
1470 1641 1514 1671 ita
1547 1647 1806 1682 praeoccupatur,
1851 1649 1884 1673 ut
1919 1648 2011 1673 extra
2045 1652 2078 1672 se
2113 1642 2162 1679 sit,

1203 1681 1374 1724 Deumque
1404 1684 1512 1714 tradat
1543 1684 1706 1715 oblivioni.
1752 1685 1874 1716 Contra
1905 1686 1931 1716 si
1955 1684 2072 1722 odium,
2107 1688 2162 1715 aut

1202 1726 1228 1756 51
1258 1726 1348 1758 favor
1377 1726 1525 1763 abfuerit,
1560 1731 1627 1757 tum
1652 1738 1716 1758 non
1739 1729 1867 1759 omnino
1891 1738 1991 1768 prava
2014 1732 2089 1758 sunt
2112 1727 2160 1757 iu-

1202 1767 1294 1800 dicia.
1340 1768 1546 1809 Quapropter
1580 1771 1722 1801 maxima
1751 1771 1941 1801 iudiciorum
1972 1769 2160 1809 corruptela,

1202 1812 1252 1844 vel
1284 1812 1318 1842 in
1347 1811 1418 1843 odio
1448 1811 1499 1843 vel
1522 1812 1554 1842 in
1579 1812 1688 1844 favore
1711 1814 1813 1853 posita
1837 1819 1893 1845 est.
1939 1814 1985 1844 At
2008 1812 2087 1843 Saul
2110 1811 2163 1843 hic

1201 1860 1299 1894 negat
1329 1864 1363 1886 se
1392 1854 1458 1886 filio
1489 1855 1705 1895 parciturum:
1736 1867 1798 1895 qua
1821 1857 1853 1886 in
1878 1866 1911 1886 re
1934 1865 2085 1895 magnam
2109 1865 2162 1886 ae-

1201 1898 1358 1938 quitatem
1389 1908 1466 1938 prae
1496 1908 1530 1928 se
1561 1898 1636 1928 fert:
1669 1908 1782 1929 verum
1812 1899 1946 1929 nimium
1970 1897 2161 1937 praecipitat

1201 1939 1407 1977 sententiam,
1453 1946 1624 1980 antequam
1658 1941 1731 1971 facti
1766 1940 1849 1980 quod
1883 1946 1986 1971 morte
2021 1940 2160 1980 plectere

1201 1983 1320 2023 cogitat
1338 1983 1554 2023 cognitionem
1574 1983 1699 2014 habeat.
1735 1984 1776 2014 Et
1796 1994 1870 2014 sane
1891 1984 1921 2013 in
1941 1982 2160 2014 Ionathanum

1201 2026 1262 2058 hoc
1285 2025 1436 2056 incidisse
1460 2025 1571 2057 divina
1594 2026 1789 2065 providentia
1814 2025 1968 2061 videmus,
2004 2031 2037 2055 ut
2069 2024 2160 2056 Sauli

1201 2069 1392 2100 temeritatis
1435 2073 1509 2099 nota
1550 2069 1672 2108 turpior
1711 2069 1901 2099 inureretur.
1947 2067 2041 2106 Quod
2083 2078 2158 2098 vero

1202 2111 1408 2142 iureiurando
1433 2121 1522 2141 suam
1547 2112 1737 2143 sententiam
1761 2112 1877 2146 firmat,
1908 2110 1940 2141 id
1964 2121 2000 2141 eo
2025 2110 2099 2140 facit
2123 2114 2159 2140 ut

1202 2154 1353 2185 ostendat
1375 2165 1408 2185 se
1432 2154 1513 2184 nihil
1537 2163 1632 2194 agere
1655 2154 1812 2185 simulate.
1849 2154 1932 2184 Nam
1951 2163 2045 2192 saepe
2065 2152 2159 2183 multi

1200 2197 1303 2228 multa
1328 2196 1423 2227 verba
1446 2196 1654 2236 profundunt,
1678 2197 1792 2236 quibus
1816 2202 1923 2226 tamen
1949 2195 2048 2226 multa
2073 2195 2158 2226 inest

1201 2239 1362 2271 simulatio
1393 2244 1423 2269 et
1447 2239 1644 2279 hypocrisis:
1676 2244 1706 2269 et
1732 2239 1883 2269 virtutem
1906 2237 2000 2269 multi
2024 2248 2101 2277 prae
2125 2248 2158 2268 se

1201 2283 1317 2319 ferunt,
1349 2292 1484 2321 quorum
1509 2286 1615 2312 tamen
1640 2282 1670 2311 iu
1697 2288 1822 2321 pectore
1846 2281 1983 2320 plurima
2007 2280 2083 2311 vitia
2107 2289 2158 2310 oc-

1199 2325 1371 2356 cultantur.
1418 2324 1542 2355 Idcirco
1582 2324 1799 2355 iuramentum
1842 2324 1873 2353 in
1917 2323 2010 2354 rebus
2048 2322 2157 2362 magni

1198 2368 1352 2399 momenti
1377 2367 1599 2398 necessarium.
1640 2367 1721 2397 Nam
1742 2367 1858 2406 alioqui
1879 2365 2064 2405 frequentes
2084 2364 2157 2396 illae

1199 2410 1411 2441 deierationes
1447 2409 1484 2440 de
1520 2409 1613 2439 rebus
1648 2408 1773 2440 levibus
1819 2419 1907 2439 mera
1941 2412 2015 2439 sunt
2056 2407 2157 2438 divini

1199 2453 1337 2483 nominis
1372 2452 1567 2492 profanatio,
1604 2458 1634 2482 et
1670 2451 1771 2481 divini
1807 2451 1946 2482 nominis
1980 2451 2011 2481 iu
2038 2460 2157 2480 vanum

1198 2495 1355 2535 acceptio:
1381 2500 1576 2534 quapropter
1598 2493 1778 2524 istiusmodi
1799 2493 1945 2524 homines
1964 2493 2018 2533 qui
2038 2492 2157 2523 crebris

1198 2548 1265 2569 sese
1288 2537 1479 2568 iuramentis
1503 2537 1663 2567 devovent
1686 2536 1840 2576 sacrilega
1864 2535 1995 2567 audacia
2020 2535 2080 2565 Dei
2099 2535 2156 2566 ho-

1197 2590 1309 2611 norem
1341 2579 1497 2619 polluunt.
1545 2580 1586 2609 At
1619 2590 1680 2609 non
1713 2579 1757 2609 sic
1780 2579 1813 2609 in
1838 2578 1931 2609 rebus
1956 2578 2065 2618 magni
2089 2588 2156 2608 mo-

1197 2622 1305 2661 menti,
1336 2622 1450 2661 quibus
1483 2622 1699 2652 iuramentum
1731 2621 1910 2652 adhibitum
1942 2620 2042 2652 adfert
2068 2625 2158 2651 auto—
