<?xml version="1.0" encoding="UTF-8"?>
<!DOCTYPE html PUBLIC "-//W3C//DTD XHTML 1.0 Transitional//EN"
    "http://www.w3.org/TR/xhtml1/DTD/xhtml1-transitional.dtd">
<html xmlns="http://www.w3.org/1999/xhtml" xml:lang="en" lang="en">
 <head>
  <title>
</title>
<meta http-equiv="Content-Type" content="text/html;charset=utf-8" />
  <meta name='ocr-system' content='tesseract 3.04.00' />
  <meta name='ocr-capabilities' content='ocr_page ocr_carea ocr_par ocr_line ocrx_word'/>
</head>
<body>
  <div class='ocr_page' id='page_1' title='image "./ioanniscalviniop30calv_0103.png"; bbox 0 0 2551 3044; ppageno 0'>
   <div class='ocr_carea' id='block_1_1' title="bbox 186 194 246 225">
    <p class='ocr_par' dir='ltr' id='par_1_1' title="bbox 186 194 246 225">
     <span class='ocr_line' id='line_1_1' title="bbox 186 194 246 225; baseline 0 0"><span class='ocrx_word' id='word_1_1' title='bbox 186 194 246 225; x_wconf 72' lang='lat'>185</span> 
     </span>
    </p>
   </div>
   <div class='ocr_carea' id='block_1_2' title="bbox 185 281 1180 2667">
    <p class='ocr_par' dir='ltr' id='par_1_2' title="bbox 185 281 1180 2667">
     <span class='ocr_line' id='line_1_2' title="bbox 185 281 1180 321; baseline -0.009 -1"><span class='ocrx_word' id='word_1_2' title='bbox 185 287 372 321; x_wconf 81' lang='lat' dir='ltr'>hominibus</span> <span class='ocrx_word' id='word_1_3' title='bbox 408 286 483 317; x_wconf 85' lang='lat' dir='ltr'>vilis</span> <span class='ocrx_word' id='word_1_4' title='bbox 521 291 554 317; x_wconf 90' lang='lat' dir='ltr'>et</span> <span class='ocrx_word' id='word_1_5' title='bbox 584 286 709 317; x_wconf 86' lang='lat' dir='ltr'>abiecta</span> <span class='ocrx_word' id='word_1_6' title='bbox 736 285 874 316; x_wconf 86' lang='lat' dir='ltr'>Davidis</span> <span class='ocrx_word' id='word_1_7' title='bbox 904 288 973 315; x_wconf 83' lang='lat' dir='ltr'>erat</span> <span class='ocrx_word' id='word_1_8' title='bbox 1002 281 1153 318; x_wconf 85' lang='lat' dir='ltr'>conditio,</span> <span class='ocrx_word' id='word_1_9' title='bbox 1178 284 1180 312; x_wconf 97' lang='grc' dir='ltr'>Ι</span> 
     </span>
     <span class='ocr_line' id='line_1_3' title="bbox 188 327 1180 371; baseline -0.009 -9"><span class='ocrx_word' id='word_1_10' title='bbox 188 332 284 371; x_wconf 89' lang='lat' dir='ltr'>longe</span> <span class='ocrx_word' id='word_1_11' title='bbox 314 334 424 360; x_wconf 88' lang='lat' dir='ltr'>tamen</span> <span class='ocrx_word' id='word_1_12' title='bbox 454 328 500 359; x_wconf 92' lang='lat' dir='ltr'>illi</span> <span class='ocrx_word' id='word_1_13' title='bbox 524 328 701 360; x_wconf 86' lang='lat' dir='ltr'>consultius</span> <span class='ocrx_word' id='word_1_14' title='bbox 730 333 799 359; x_wconf 89' lang='lat' dir='ltr'>erat</span> <span class='ocrx_word' id='word_1_15' title='bbox 829 328 862 358; x_wconf 92' lang='lat' dir='ltr'>in</span> <span class='ocrx_word' id='word_1_16' title='bbox 893 327 986 358; x_wconf 89' lang='lat' dir='ltr'>domo</span> <span class='ocrx_word' id='word_1_17' title='bbox 1017 329 1153 365; x_wconf 86' lang='lat' dir='ltr'>paterna</span> <span class='ocrx_word' id='word_1_18' title='bbox 1178 333 1180 360; x_wconf 63' lang='grc'>1</span> 
     </span>
     <span class='ocr_line' id='line_1_4' title="bbox 189 366 1179 411; baseline -0.008 -7"><span class='ocrx_word' id='word_1_19' title='bbox 189 374 300 406; x_wconf 86' lang='lat' dir='ltr'>sedere</span> <span class='ocrx_word' id='word_1_20' title='bbox 327 372 367 402; x_wconf 86' lang='lat' dir='ltr'>ad</span> <span class='ocrx_word' id='word_1_21' title='bbox 398 381 526 411; x_wconf 85' lang='lat' dir='ltr'>pascua,</span> <span class='ocrx_word' id='word_1_22' title='bbox 558 381 655 410; x_wconf 85' lang='lat' dir='ltr'>quam</span> <span class='ocrx_word' id='word_1_23' title='bbox 687 371 721 401; x_wconf 90' lang='lat' dir='ltr'>in</span> <span class='ocrx_word' id='word_1_24' title='bbox 752 371 825 401; x_wconf 90' lang='lat' dir='ltr'>aula</span> <span class='ocrx_word' id='word_1_25' title='bbox 848 370 937 410; x_wconf 86' lang='lat' dir='ltr'>regia</span> <span class='ocrx_word' id='word_1_26' title='bbox 959 378 1030 400; x_wconf 90' lang='lat' dir='ltr'>cum</span> <span class='ocrx_word' id='word_1_27' title='bbox 1055 366 1152 398; x_wconf 88' lang='lat' dir='ltr'>Saule</span> <span class='ocrx_word' id='word_1_28' title='bbox 1178 373 1179 394; x_wconf 71' lang='grc'>1</span> 
     </span>
     <span class='ocr_line' id='line_1_5' title="bbox 190 410 1179 454; baseline -0.007 -8"><span class='ocrx_word' id='word_1_29' title='bbox 190 417 292 448; x_wconf 79' lang='lat' dir='ltr'>vitain</span> <span class='ocrx_word' id='word_1_30' title='bbox 321 424 425 454; x_wconf 81' lang='lat' dir='ltr'>agere.</span> <span class='ocrx_word' id='word_1_31' title='bbox 471 413 644 444; x_wconf 82' lang='lat' dir='ltr'>Caeterum</span> <span class='ocrx_word' id='word_1_32' title='bbox 676 413 729 444; x_wconf 89' lang='lat' dir='ltr'>hic</span> <span class='ocrx_word' id='word_1_33' title='bbox 752 412 922 453; x_wconf 80' lang='lat' dir='ltr'><strong>superbam</strong></span> <span class='ocrx_word' id='word_1_34' title='bbox 944 411 1032 442; x_wconf 82' lang='lat' dir='ltr'>illam</span> <span class='ocrx_word' id='word_1_35' title='bbox 1056 410 1153 440; x_wconf 85' lang='lat' dir='ltr'>iacta·</span> <span class='ocrx_word' id='word_1_36' title='bbox 1178 423 1179 445; x_wconf 64' lang='grc'>1</span> 
     </span>
     <span class='ocr_line' id='line_1_6' title="bbox 191 452 1179 490; baseline -0.009 0"><span class='ocrx_word' id='word_1_37' title='bbox 191 460 312 490; x_wconf 85' lang='lat' dir='ltr'>tionem</span> <span class='ocrx_word' id='word_1_38' title='bbox 354 467 393 487; x_wconf 87' lang='lat' dir='ltr'>ex</span> <span class='ocrx_word' id='word_1_39' title='bbox 434 456 631 486; x_wconf 81' lang='lat' dir='ltr'>contumacia</span> <span class='ocrx_word' id='word_1_40' title='bbox 672 461 705 486; x_wconf 87' lang='lat' dir='ltr'>et</span> <span class='ocrx_word' id='word_1_41' title='bbox 745 455 960 487; x_wconf 75' lang='lat' dir='ltr'>obstinatione</span> <span class='ocrx_word' id='word_1_42' title='bbox 1000 452 1153 483; x_wconf 85' lang='lat' dir='ltr'>adversus</span> <span class='ocrx_word' id='word_1_43' title='bbox 1177 452 1179 483; x_wconf 68' lang='grc'>1</span> 
     </span>
     <span class='ocr_line' id='line_1_7' title="bbox 191 497 1180 535; baseline -0.008 -3"><span class='ocrx_word' id='word_1_44' title='bbox 191 500 298 532; x_wconf 88' lang='lat' dir='ltr'>Deum</span> <span class='ocrx_word' id='word_1_45' title='bbox 331 497 418 529; x_wconf 86' lang='lat' dir='ltr'>nasci</span> <span class='ocrx_word' id='word_1_46' title='bbox 444 498 607 528; x_wconf 85' lang='lat' dir='ltr'>videmus:</span> <span class='ocrx_word' id='word_1_47' title='bbox 640 508 713 528; x_wconf 89' lang='lat' dir='ltr'>nam</span> <span class='ocrx_word' id='word_1_48' title='bbox 739 498 878 529; x_wconf 83' lang='lat' dir='ltr'>habebat</span> <span class='ocrx_word' id='word_1_49' title='bbox 900 497 977 528; x_wconf 86' lang='lat' dir='ltr'>satis</span> <span class='ocrx_word' id='word_1_50' title='bbox 1000 503 1152 535; x_wconf 87' lang='lat' dir='ltr'>magnam</span> <span class='ocrx_word' id='word_1_51' title='bbox 1178 505 1180 525; x_wconf 53' lang='grc'>1</span> 
     </span>
     <span class='ocr_line' id='line_1_8' title="bbox 192 537 1179 584; baseline -0.009 -9"><span class='ocrx_word' id='word_1_52' title='bbox 192 542 391 575; x_wconf 78' lang='lat' dir='ltr'>occasionem</span> <span class='ocrx_word' id='word_1_53' title='bbox 420 550 488 570; x_wconf 87' lang='lat' dir='ltr'>sese</span> <span class='ocrx_word' id='word_1_54' title='bbox 517 539 719 577; x_wconf 84' lang='lat' dir='ltr'>humiliandi,</span> <span class='ocrx_word' id='word_1_55' title='bbox 751 551 848 581; x_wconf 91' lang='lat' dir='ltr'>quum</span> <span class='ocrx_word' id='word_1_56' title='bbox 881 551 899 571; x_wconf 92' lang='lat' dir='ltr'>a</span> <span class='ocrx_word' id='word_1_57' title='bbox 928 538 1013 570; x_wconf 75' lang='lat' dir='ltr'>malo</span> <span class='ocrx_word' id='word_1_58' title='bbox 1037 537 1152 584; x_wconf 76' lang='lat' dir='ltr'>spiritu</span> <span class='ocrx_word' id='word_1_59' title='bbox 1178 539 1179 576; x_wconf 59' lang='grc' dir='ltr'>ζ</span> 
     </span>
     <span class='ocr_line' id='line_1_9' title="bbox 193 582 1152 624; baseline -0.008 -7"><span class='ocrx_word' id='word_1_60' title='bbox 193 586 239 617; x_wconf 82' lang='lat' dir='ltr'>sio</span> <span class='ocrx_word' id='word_1_61' title='bbox 267 583 462 624; x_wconf 78' lang='lat' dir='ltr'>agitaretur:</span> <span class='ocrx_word' id='word_1_62' title='bbox 493 587 525 613; x_wconf 88' lang='lat' dir='ltr'>et</span> <span class='ocrx_word' id='word_1_63' title='bbox 554 582 721 613; x_wconf 87' lang='lat' dir='ltr'>hominum</span> <span class='ocrx_word' id='word_1_64' title='bbox 746 583 1022 615; x_wconf 78' lang='lat' dir='ltr'>conversationem</span> <span class='ocrx_word' id='word_1_65' title='bbox 1046 585 1152 619; x_wconf 82' lang='lat' dir='ltr'>potius</span> 
     </span>
     <span class='ocr_line' id='line_1_10' title="bbox 194 621 1152 664; baseline -0.007 -6"><span class='ocrx_word' id='word_1_66' title='bbox 194 624 402 658; x_wconf 87' lang='lat' dir='ltr'>erubescendi</span> <span class='ocrx_word' id='word_1_67' title='bbox 422 635 516 664; x_wconf 87' lang='lat' dir='ltr'>quam</span> <span class='ocrx_word' id='word_1_68' title='bbox 536 635 604 655; x_wconf 83' lang='lat' dir='ltr'>sese</span> <span class='ocrx_word' id='word_1_69' title='bbox 625 626 788 656; x_wconf 83' lang='lat' dir='ltr'>efferendi.</span> <span class='ocrx_word' id='word_1_70' title='bbox 815 625 883 656; x_wconf 86' lang='lat' dir='ltr'>Nae</span> <span class='ocrx_word' id='word_1_71' title='bbox 902 634 976 655; x_wconf 87' lang='lat' dir='ltr'>suae</span> <span class='ocrx_word' id='word_1_72' title='bbox 996 621 1152 662; x_wconf 89' lang='lat' dir='ltr'>tegendae</span> 
     </span>
     <span class='ocr_line' id='line_1_11' title="bbox 192 664 1153 709; baseline -0.007 -8"><span class='ocrx_word' id='word_1_73' title='bbox 192 667 384 709; x_wconf 80' lang='lat' dir='ltr'><strong>turpitudini</strong></span> <span class='ocrx_word' id='word_1_74' title='bbox 393 667 532 697; x_wconf 84' lang='lat' dir='ltr'>latebras</span> <span class='ocrx_word' id='word_1_75' title='bbox 539 677 692 706; x_wconf 87' lang='lat' dir='ltr'>quaerere</span> <span class='ocrx_word' id='word_1_76' title='bbox 702 669 805 707; x_wconf 87' lang='lat' dir='ltr'>potius</span> <span class='ocrx_word' id='word_1_77' title='bbox 815 667 924 699; x_wconf 78' lang='lat' dir='ltr'><strong>debuit</strong></span> <span class='ocrx_word' id='word_1_78' title='bbox 933 674 965 697; x_wconf 87' lang='lat' dir='ltr'>et</span> <span class='ocrx_word' id='word_1_79' title='bbox 973 665 1056 697; x_wconf 90' lang='lat' dir='ltr'>ultro</span> <span class='ocrx_word' id='word_1_80' title='bbox 1066 664 1153 703; x_wconf 86' lang='lat' dir='ltr'>regia</span> 
     </span>
     <span class='ocr_line' id='line_1_12' title="bbox 193 708 1152 752; baseline -0.006 -10"><span class='ocrx_word' id='word_1_81' title='bbox 193 711 351 752; x_wconf 78' lang='lat' dir='ltr'>dignitate</span> <span class='ocrx_word' id='word_1_82' title='bbox 368 719 401 740; x_wconf 87' lang='lat' dir='ltr'>se</span> <span class='ocrx_word' id='word_1_83' title='bbox 418 709 576 747; x_wconf 85' lang='lat' dir='ltr'>abdicare,</span> <span class='ocrx_word' id='word_1_84' title='bbox 600 720 694 748; x_wconf 87' lang='lat' dir='ltr'>quam</span> <span class='ocrx_word' id='word_1_85' title='bbox 719 711 921 751; x_wconf 81' lang='lat' dir='ltr'>arrogantius</span> <span class='ocrx_word' id='word_1_86' title='bbox 944 708 1152 740; x_wconf 80' lang='lat' dir='ltr'>insolescere:</span> 
     </span>
     <span class='ocr_line' id='line_1_13' title="bbox 193 749 1152 792; baseline -0.006 -7"><span class='ocrx_word' id='word_1_87' title='bbox 193 755 245 785; x_wconf 90' lang='lat' dir='ltr'>vel</span> <span class='ocrx_word' id='word_1_88' title='bbox 270 751 451 784; x_wconf 87' lang='lat' dir='ltr'>Ionathano</span> <span class='ocrx_word' id='word_1_89' title='bbox 475 751 540 782; x_wconf 90' lang='lat' dir='ltr'>filio</span> <span class='ocrx_word' id='word_1_90' title='bbox 564 752 690 782; x_wconf 76' lang='lat' dir='ltr'>tradere</span> <span class='ocrx_word' id='word_1_91' title='bbox 715 754 830 792; x_wconf 68' lang='lat' dir='ltr'>potius,</span> <span class='ocrx_word' id='word_1_92' title='bbox 862 763 955 792; x_wconf 86' lang='lat' dir='ltr'>quam</span> <span class='ocrx_word' id='word_1_93' title='bbox 979 750 1062 790; x_wconf 87' lang='lat' dir='ltr'>apud</span> <span class='ocrx_word' id='word_1_94' title='bbox 1086 749 1152 789; x_wconf 89' lang='lat' dir='ltr'>ple-</span> 
     </span>
     <span class='ocr_line' id='line_1_14' title="bbox 193 791 1179 835; baseline -0.007 -7"><span class='ocrx_word' id='word_1_95' title='bbox 193 796 265 828; x_wconf 88' lang='lat' dir='ltr'>bem</span> <span class='ocrx_word' id='word_1_96' title='bbox 296 795 461 827; x_wconf 81' lang='lat' dir='ltr'>vilescere.</span> <span class='ocrx_word' id='word_1_97' title='bbox 507 793 573 825; x_wconf 89' lang='lat' dir='ltr'>Scd</span> <span class='ocrx_word' id='word_1_98' title='bbox 597 794 640 824; x_wconf 84' lang='lat' dir='ltr'>ita</span> <span class='ocrx_word' id='word_1_99' title='bbox 662 795 766 825; x_wconf 84' lang='lat' dir='ltr'>solent</span> <span class='ocrx_word' id='word_1_100' title='bbox 788 796 968 835; x_wconf 87' lang='lat' dir='ltr'>quicunque</span> <span class='ocrx_word' id='word_1_101' title='bbox 992 793 1053 823; x_wconf 90' lang='lat' dir='ltr'>Dei</span> <span class='ocrx_word' id='word_1_102' title='bbox 1077 791 1152 822; x_wconf 81' lang='lat' dir='ltr'>forti</span> <span class='ocrx_word' id='word_1_103' title='bbox 1178 821 1179 831; x_wconf 48' lang='lat'>,</span> 
     </span>
     <span class='ocr_line' id='line_1_15' title="bbox 195 835 1152 875; baseline -0.007 -4"><span class='ocrx_word' id='word_1_104' title='bbox 195 838 326 871; x_wconf 90' lang='lat' dir='ltr'>brachio</span> <span class='ocrx_word' id='word_1_105' title='bbox 349 837 499 868; x_wconf 85' lang='lat' dir='ltr'>resistere</span> <span class='ocrx_word' id='word_1_106' title='bbox 523 837 687 875; x_wconf 86' lang='lat' dir='ltr'>nituntur;</span> <span class='ocrx_word' id='word_1_107' title='bbox 711 839 769 869; x_wconf 85' lang='lat' dir='ltr'>etsi</span> <span class='ocrx_word' id='word_1_108' title='bbox 795 843 888 869; x_wconf 88' lang='lat' dir='ltr'>notus</span> <span class='ocrx_word' id='word_1_109' title='bbox 907 837 1036 868; x_wconf 90' lang='lat' dir='ltr'>illorum</span> <span class='ocrx_word' id='word_1_110' title='bbox 1055 835 1152 871; x_wconf 86' lang='lat' dir='ltr'>furor,</span> 
     </span>
     <span class='ocr_line' id='line_1_16' title="bbox 194 878 1152 920; baseline -0.006 -7"><span class='ocrx_word' id='word_1_111' title='bbox 194 888 304 913; x_wconf 85' lang='lat' dir='ltr'>tamon</span> <span class='ocrx_word' id='word_1_112' title='bbox 323 884 513 917; x_wconf 83' lang='lat' dir='ltr'>arroganter</span> <span class='ocrx_word' id='word_1_113' title='bbox 532 889 600 910; x_wconf 87' lang='lat' dir='ltr'>sese</span> <span class='ocrx_word' id='word_1_114' title='bbox 621 890 741 919; x_wconf 82' lang='lat' dir='ltr'>gerere,</span> <span class='ocrx_word' id='word_1_115' title='bbox 762 885 792 910; x_wconf 93' lang='lat' dir='ltr'>et</span> <span class='ocrx_word' id='word_1_116' title='bbox 812 889 1006 920; x_wconf 82' lang='lat' dir='ltr'>magnopere</span> <span class='ocrx_word' id='word_1_117' title='bbox 1024 878 1152 916; x_wconf 82' lang='lat' dir='ltr'>iactare,</span> 
     </span>
     <span class='ocr_line' id='line_1_17' title="bbox 194 921 1179 965; baseline -0.007 -9"><span class='ocrx_word' id='word_1_118' title='bbox 194 923 286 965; x_wconf 79' lang='lat' dir='ltr'>quasi</span> <span class='ocrx_word' id='word_1_119' title='bbox 310 922 459 954; x_wconf 90' lang='lat' dir='ltr'>omnibus</span> <span class='ocrx_word' id='word_1_120' title='bbox 482 932 575 952; x_wconf 90' lang='lat' dir='ltr'>suum</span> <span class='ocrx_word' id='word_1_121' title='bbox 600 922 764 962; x_wconf 83' lang='lat' dir='ltr'>ingenium</span> <span class='ocrx_word' id='word_1_122' title='bbox 789 923 955 963; x_wconf 87' lang='lat' dir='ltr'>prodituri.</span> <span class='ocrx_word' id='word_1_123' title='bbox 1000 921 1049 952; x_wconf 85' lang='lat' dir='ltr'>Ac</span> <span class='ocrx_word' id='word_1_124' title='bbox 1077 930 1154 951; x_wconf 88' lang='lat' dir='ltr'>sane</span> <span class='ocrx_word' id='word_1_125' title='bbox 1178 943 1179 950; x_wconf 68' lang='grc'>,</span> 
     </span>
     <span class='ocr_line' id='line_1_18' title="bbox 194 962 1180 1003; baseline -0.006 -5"><span class='ocrx_word' id='word_1_126' title='bbox 194 967 327 998; x_wconf 89' lang='lat' dir='ltr'>dubium</span> <span class='ocrx_word' id='word_1_127' title='bbox 350 975 413 995; x_wconf 89' lang='lat' dir='ltr'>non</span> <span class='ocrx_word' id='word_1_128' title='bbox 438 969 487 995; x_wconf 89' lang='lat' dir='ltr'>est</span> <span class='ocrx_word' id='word_1_129' title='bbox 510 964 587 1003; x_wconf 86' lang='lat' dir='ltr'>quin</span> <span class='ocrx_word' id='word_1_130' title='bbox 613 975 630 994; x_wconf 92' lang='lat' dir='ltr'>a</span> <span class='ocrx_word' id='word_1_131' title='bbox 655 964 794 996; x_wconf 86' lang='lat' dir='ltr'>Domino</span> <span class='ocrx_word' id='word_1_132' title='bbox 817 969 1038 1000; x_wconf 77' lang='lat' dir='ltr'>excaecentur,</span> <span class='ocrx_word' id='word_1_133' title='bbox 1063 962 1153 992; x_wconf 89' lang='lat' dir='ltr'>miris</span> <span class='ocrx_word' id='word_1_134' title='bbox 1178 972 1180 993; x_wconf 73' lang='grc'>1</span> 
     </span>
     <span class='ocr_line' id='line_1_19' title="bbox 193 1005 1153 1047; baseline -0.007 -6"><span class='ocrx_word' id='word_1_135' title='bbox 193 1009 297 1041; x_wconf 88' lang='lat' dir='ltr'>modis</span> <span class='ocrx_word' id='word_1_136' title='bbox 330 1007 447 1038; x_wconf 84' lang='lat' dir='ltr'>iudicia</span> <span class='ocrx_word' id='word_1_137' title='bbox 477 1017 535 1037; x_wconf 90' lang='lat' dir='ltr'>sua</span> <span class='ocrx_word' id='word_1_138' title='bbox 576 1013 743 1038; x_wconf 78' lang='lat' dir='ltr'>exserente</span> <span class='ocrx_word' id='word_1_139' title='bbox 777 1008 809 1038; x_wconf 91' lang='lat' dir='ltr'>in</span> <span class='ocrx_word' id='word_1_140' title='bbox 844 1019 897 1039; x_wconf 89' lang='lat' dir='ltr'>eos</span> <span class='ocrx_word' id='word_1_141' title='bbox 931 1007 983 1047; x_wconf 88' lang='lat' dir='ltr'>qui</span> <span class='ocrx_word' id='word_1_142' title='bbox 1018 1005 1153 1045; x_wconf 83' lang='lat' dir='ltr'>gloriam</span> 
     </span>
     <span class='ocr_line' id='line_1_20' title="bbox 195 1048 1153 1089; baseline -0.006 -6"><span class='ocrx_word' id='word_1_143' title='bbox 195 1051 307 1083; x_wconf 89' lang='lat' dir='ltr'>mundi</span> <span class='ocrx_word' id='word_1_144' title='bbox 337 1054 505 1085; x_wconf 81' lang='lat' dir='ltr'>venantur,</span> <span class='ocrx_word' id='word_1_145' title='bbox 540 1053 572 1079; x_wconf 91' lang='lat' dir='ltr'>et</span> <span class='ocrx_word' id='word_1_146' title='bbox 602 1049 785 1086; x_wconf 76' lang='lat' dir='ltr'>ambitione,</span> <span class='ocrx_word' id='word_1_147' title='bbox 821 1061 857 1082; x_wconf 85' lang='lat' dir='ltr'>ac</span> <span class='ocrx_word' id='word_1_148' title='bbox 885 1048 1034 1089; x_wconf 88' lang='lat' dir='ltr'>superbia</span> <span class='ocrx_word' id='word_1_149' title='bbox 1065 1058 1153 1078; x_wconf 90' lang='lat' dir='ltr'>rum-</span> 
     </span>
     <span class='ocr_line' id='line_1_21' title="bbox 193 1091 1152 1135; baseline -0.006 -10"><span class='ocrx_word' id='word_1_150' title='bbox 193 1100 324 1135; x_wconf 90' lang='lat' dir='ltr'>puntur,</span> <span class='ocrx_word' id='word_1_151' title='bbox 356 1097 391 1123; x_wconf 92' lang='lat' dir='ltr'>ut</span> <span class='ocrx_word' id='word_1_152' title='bbox 421 1092 482 1131; x_wconf 88' lang='lat' dir='ltr'>ipsi</span> <span class='ocrx_word' id='word_1_153' title='bbox 511 1091 569 1122; x_wconf 91' lang='lat' dir='ltr'>sibi</span> <span class='ocrx_word' id='word_1_154' title='bbox 603 1091 738 1123; x_wconf 77' lang='lat' dir='ltr'>dedecus</span> <span class='ocrx_word' id='word_1_155' title='bbox 763 1099 793 1123; x_wconf 88' lang='lat' dir='ltr'>et</span> <span class='ocrx_word' id='word_1_156' title='bbox 816 1093 1025 1133; x_wconf 83' lang='lat' dir='ltr'>ignominiam</span> <span class='ocrx_word' id='word_1_157' title='bbox 1047 1100 1152 1121; x_wconf 88' lang='lat' dir='ltr'>accer-</span> 
     </span>
     <span class='ocr_line' id='line_1_22' title="bbox 193 1134 1152 1175; baseline -0.007 -6"><span class='ocrx_word' id='word_1_158' title='bbox 193 1144 275 1174; x_wconf 84' lang='lat' dir='ltr'>sant,</span> <span class='ocrx_word' id='word_1_159' title='bbox 300 1142 331 1166; x_wconf 88' lang='lat' dir='ltr'>et</span> <span class='ocrx_word' id='word_1_160' title='bbox 354 1134 502 1166; x_wconf 88' lang='lat' dir='ltr'>omnibus</span> <span class='ocrx_word' id='word_1_161' title='bbox 521 1134 592 1165; x_wconf 92' lang='lat' dir='ltr'>odio</span> <span class='ocrx_word' id='word_1_162' title='bbox 612 1135 676 1165; x_wconf 86' lang='lat' dir='ltr'>sint</span> <span class='ocrx_word' id='word_1_163' title='bbox 694 1140 725 1165; x_wconf 91' lang='lat' dir='ltr'>et</span> <span class='ocrx_word' id='word_1_164' title='bbox 744 1135 950 1175; x_wconf 78' lang='lat' dir='ltr'>contemptui.</span> <span class='ocrx_word' id='word_1_165' title='bbox 982 1134 1152 1165; x_wconf 85' lang='lat' dir='ltr'>Caeterum</span> 
     </span>
     <span class='ocr_line' id='line_1_23' title="bbox 193 1175 1154 1216; baseline -0.006 -5"><span class='ocrx_word' id='word_1_166' title='bbox 193 1190 234 1211; x_wconf 87' lang='lat' dir='ltr'>ex</span> <span class='ocrx_word' id='word_1_167' title='bbox 271 1179 341 1210; x_wconf 85' lang='lat' dir='ltr'>istis</span> <span class='ocrx_word' id='word_1_168' title='bbox 378 1181 512 1216; x_wconf 88' lang='lat' dir='ltr'>apparet</span> <span class='ocrx_word' id='word_1_169' title='bbox 550 1182 653 1207; x_wconf 89' lang='lat' dir='ltr'>ratam</span> <span class='ocrx_word' id='word_1_170' title='bbox 685 1178 799 1209; x_wconf 84' lang='lat' dir='ltr'>factam</span> <span class='ocrx_word' id='word_1_171' title='bbox 830 1178 926 1209; x_wconf 87' lang='lat' dir='ltr'>fuisse</span> <span class='ocrx_word' id='word_1_172' title='bbox 954 1187 972 1208; x_wconf 87' lang='lat' dir='ltr'>a</span> <span class='ocrx_word' id='word_1_173' title='bbox 1002 1175 1154 1207; x_wconf 77' lang='lat' dir='ltr'>Samuele</span> 
     </span>
     <span class='ocr_line' id='line_1_24' title="bbox 193 1219 1153 1259; baseline -0.006 -5"><span class='ocrx_word' id='word_1_174' title='bbox 193 1222 285 1254; x_wconf 89' lang='lat' dir='ltr'>initio</span> <span class='ocrx_word' id='word_1_175' title='bbox 308 1221 404 1251; x_wconf 86' lang='lat' dir='ltr'>latam</span> <span class='ocrx_word' id='word_1_176' title='bbox 429 1220 631 1256; x_wconf 86' lang='lat' dir='ltr'>sententiam,</span> <span class='ocrx_word' id='word_1_177' title='bbox 656 1220 721 1250; x_wconf 83' lang='lat' dir='ltr'>foro</span> <span class='ocrx_word' id='word_1_178' title='bbox 747 1221 833 1251; x_wconf 85' lang='lat' dir='ltr'>istud</span> <span class='ocrx_word' id='word_1_179' title='bbox 856 1221 906 1251; x_wconf 89' lang='lat' dir='ltr'>ius</span> <span class='ocrx_word' id='word_1_180' title='bbox 930 1219 1022 1259; x_wconf 85' lang='lat' dir='ltr'>regis,</span> <span class='ocrx_word' id='word_1_181' title='bbox 1046 1223 1082 1249; x_wconf 85' lang='lat' dir='ltr'>ut</span> <span class='ocrx_word' id='word_1_182' title='bbox 1102 1228 1153 1249; x_wconf 88' lang='lat' dir='ltr'>ac-</span> 
     </span>
     <span class='ocr_line' id='line_1_25' title="bbox 194 1261 1153 1304; baseline -0.006 -8"><span class='ocrx_word' id='word_1_183' title='bbox 194 1265 317 1304; x_wconf 87' lang='lat' dir='ltr'>ciperet</span> <span class='ocrx_word' id='word_1_184' title='bbox 345 1262 548 1293; x_wconf 89' lang='lat' dir='ltr'>subditorum</span> <span class='ocrx_word' id='word_1_185' title='bbox 580 1262 712 1299; x_wconf 83' lang='lat' dir='ltr'>liberos,</span> <span class='ocrx_word' id='word_1_186' title='bbox 742 1269 772 1294; x_wconf 91' lang='lat' dir='ltr'>et</span> <span class='ocrx_word' id='word_1_187' title='bbox 802 1263 842 1293; x_wconf 84' lang='lat' dir='ltr'>iis</span> <span class='ocrx_word' id='word_1_188' title='bbox 872 1262 912 1294; x_wconf 89' lang='lat' dir='ltr'>ad</span> <span class='ocrx_word' id='word_1_189' title='bbox 943 1261 1153 1303; x_wconf 85' lang='lat' dir='ltr'>quodcunque</span> 
     </span>
     <span class='ocr_line' id='line_1_26' title="bbox 194 1302 1151 1345; baseline -0.007 -6"><span class='ocrx_word' id='word_1_190' title='bbox 194 1307 292 1339; x_wconf 88' lang='lat' dir='ltr'>vellet</span> <span class='ocrx_word' id='word_1_191' title='bbox 320 1315 401 1345; x_wconf 83' lang='lat' dir='ltr'>opus</span> <span class='ocrx_word' id='word_1_192' title='bbox 431 1310 585 1335; x_wconf 90' lang='lat' dir='ltr'>uteretur.</span> <span class='ocrx_word' id='word_1_193' title='bbox 631 1305 674 1335; x_wconf 85' lang='lat' dir='ltr'>Et</span> <span class='ocrx_word' id='word_1_194' title='bbox 704 1306 762 1337; x_wconf 90' lang='lat' dir='ltr'>hac</span> <span class='ocrx_word' id='word_1_195' title='bbox 786 1305 908 1336; x_wconf 87' lang='lat' dir='ltr'>ratione</span> <span class='ocrx_word' id='word_1_196' title='bbox 931 1305 1020 1336; x_wconf 85' lang='lat' dir='ltr'>Deus</span> <span class='ocrx_word' id='word_1_197' title='bbox 1043 1302 1151 1335; x_wconf 86' lang='lat' dir='ltr'>ulcisci</span> 
     </span>
     <span class='ocr_line' id='line_1_27' title="bbox 194 1347 1153 1390; baseline -0.004 -10"><span class='ocrx_word' id='word_1_198' title='bbox 194 1349 350 1390; x_wconf 89' lang='lat' dir='ltr'>populum</span> <span class='ocrx_word' id='word_1_199' title='bbox 388 1347 492 1378; x_wconf 90' lang='lat' dir='ltr'>voluit</span> <span class='ocrx_word' id='word_1_200' title='bbox 529 1347 673 1386; x_wconf 83' lang='lat' dir='ltr'>graviter</span> <span class='ocrx_word' id='word_1_201' title='bbox 709 1347 835 1388; x_wconf 87' lang='lat' dir='ltr'>lapsum</span> <span class='ocrx_word' id='word_1_202' title='bbox 867 1358 965 1388; x_wconf 88' lang='lat' dir='ltr'>quum</span> <span class='ocrx_word' id='word_1_203' title='bbox 996 1356 1103 1386; x_wconf 89' lang='lat' dir='ltr'>regem</span> <span class='ocrx_word' id='word_1_204' title='bbox 1134 1356 1153 1376; x_wconf 87' lang='lat' dir='ltr'>a</span> 
     </span>
     <span class='ocr_line' id='line_1_28' title="bbox 193 1388 1153 1431; baseline -0.005 -8"><span class='ocrx_word' id='word_1_205' title='bbox 193 1392 336 1424; x_wconf 90' lang='lat' dir='ltr'>Domino</span> <span class='ocrx_word' id='word_1_206' title='bbox 373 1390 562 1430; x_wconf 88' lang='lat' dir='ltr'>postulavit,</span> <span class='ocrx_word' id='word_1_207' title='bbox 598 1390 844 1431; x_wconf 81' lang='lat' dir='ltr'>libertatemque</span> <span class='ocrx_word' id='word_1_208' title='bbox 879 1390 995 1421; x_wconf 90' lang='lat' dir='ltr'>bonum</span> <span class='ocrx_word' id='word_1_209' title='bbox 1026 1388 1153 1420; x_wconf 88' lang='lat' dir='ltr'>inaesti—</span> 
     </span>
     <span class='ocr_line' id='line_1_29' title="bbox 193 1431 1152 1473; baseline -0.005 -7"><span class='ocrx_word' id='word_1_210' title='bbox 193 1434 311 1466; x_wconf 87' lang='lat' dir='ltr'>mabile</span> <span class='ocrx_word' id='word_1_211' title='bbox 341 1433 431 1473; x_wconf 89' lang='lat' dir='ltr'>parvi</span> <span class='ocrx_word' id='word_1_212' title='bbox 462 1432 582 1464; x_wconf 86' lang='lat' dir='ltr'>faciens</span> <span class='ocrx_word' id='word_1_213' title='bbox 612 1432 759 1472; x_wconf 86' lang='lat' dir='ltr'>perdidit.</span> <span class='ocrx_word' id='word_1_214' title='bbox 812 1435 860 1464; x_wconf 88' lang='lat' dir='ltr'>Ac</span> <span class='ocrx_word' id='word_1_215' title='bbox 891 1433 917 1464; x_wconf 88' lang='lat' dir='ltr'>si</span> <span class='ocrx_word' id='word_1_216' title='bbox 948 1433 1058 1463; x_wconf 84' lang='lat' dir='ltr'>suisset</span> <span class='ocrx_word' id='word_1_217' title='bbox 1086 1431 1152 1462; x_wconf 79' lang='lat' dir='ltr'>Isai</span> 
     </span>
     <span class='ocr_line' id='line_1_30' title="bbox 193 1474 1151 1516; baseline -0.005 -7"><span class='ocrx_word' id='word_1_218' title='bbox 193 1478 279 1509; x_wconf 84' lang='lat' dir='ltr'>facta</span> <span class='ocrx_word' id='word_1_219' title='bbox 301 1476 396 1516; x_wconf 90' lang='lat' dir='ltr'>optio,</span> <span class='ocrx_word' id='word_1_220' title='bbox 421 1475 549 1506; x_wconf 90' lang='lat' dir='ltr'>domine</span> <span class='ocrx_word' id='word_1_221' title='bbox 570 1475 729 1506; x_wconf 84' lang='lat' dir='ltr'>Davidem</span> <span class='ocrx_word' id='word_1_222' title='bbox 754 1476 904 1512; x_wconf 82' lang='lat' dir='ltr'>retinere,</span> <span class='ocrx_word' id='word_1_223' title='bbox 926 1485 966 1506; x_wconf 89' lang='lat' dir='ltr'>an</span> <span class='ocrx_word' id='word_1_224' title='bbox 989 1475 1022 1505; x_wconf 91' lang='lat' dir='ltr'>in</span> <span class='ocrx_word' id='word_1_225' title='bbox 1045 1474 1151 1505; x_wconf 88' lang='lat' dir='ltr'>aulam</span> 
     </span>
     <span class='ocr_line' id='line_1_31' title="bbox 195 1516 1151 1558; baseline -0.005 -7"><span class='ocrx_word' id='word_1_226' title='bbox 195 1520 324 1551; x_wconf 87' lang='lat' dir='ltr'>mittere</span> <span class='ocrx_word' id='word_1_227' title='bbox 353 1517 473 1554; x_wconf 83' lang='lat' dir='ltr'>mallet,</span> <span class='ocrx_word' id='word_1_228' title='bbox 505 1528 568 1548; x_wconf 91' lang='lat' dir='ltr'>non</span> <span class='ocrx_word' id='word_1_229' title='bbox 600 1517 731 1548; x_wconf 86' lang='lat' dir='ltr'>dubium</span> <span class='ocrx_word' id='word_1_230' title='bbox 762 1525 810 1549; x_wconf 89' lang='lat' dir='ltr'>est</span> <span class='ocrx_word' id='word_1_231' title='bbox 837 1519 912 1558; x_wconf 90' lang='lat' dir='ltr'>quin</span> <span class='ocrx_word' id='word_1_232' title='bbox 943 1518 1026 1548; x_wconf 87' lang='lat' dir='ltr'>domi</span> <span class='ocrx_word' id='word_1_233' title='bbox 1048 1516 1151 1547; x_wconf 91' lang='lat' dir='ltr'>filium</span> 
     </span>
     <span class='ocr_line' id='line_1_32' title="bbox 195 1559 1150 1601; baseline -0.003 -8"><span class='ocrx_word' id='word_1_234' title='bbox 195 1563 335 1593; x_wconf 86' lang='lat' dir='ltr'>retinere</span> <span class='ocrx_word' id='word_1_235' title='bbox 362 1571 459 1601; x_wconf 89' lang='lat' dir='ltr'>quam</span> <span class='ocrx_word' id='word_1_236' title='bbox 487 1560 521 1590; x_wconf 92' lang='lat' dir='ltr'>in</span> <span class='ocrx_word' id='word_1_237' title='bbox 551 1560 656 1591; x_wconf 86' lang='lat' dir='ltr'>aulam</span> <span class='ocrx_word' id='word_1_238' title='bbox 687 1560 793 1592; x_wconf 82' lang='lat' dir='ltr'>Saulis</span> <span class='ocrx_word' id='word_1_239' title='bbox 828 1561 956 1591; x_wconf 87' lang='lat' dir='ltr'>mittere</span> <span class='ocrx_word' id='word_1_240' title='bbox 993 1559 1150 1590; x_wconf 85' lang='lat' dir='ltr'>maluerit.</span> 
     </span>
     <span class='ocr_line' id='line_1_33' title="bbox 195 1602 1151 1643; baseline -0.005 -6"><span class='ocrx_word' id='word_1_241' title='bbox 195 1605 266 1637; x_wconf 89' lang='lat' dir='ltr'>Etsi</span> <span class='ocrx_word' id='word_1_242' title='bbox 299 1614 361 1635; x_wconf 91' lang='lat' dir='ltr'>non</span> <span class='ocrx_word' id='word_1_243' title='bbox 392 1604 462 1634; x_wconf 90' lang='lat' dir='ltr'>sine</span> <span class='ocrx_word' id='word_1_244' title='bbox 490 1602 676 1634; x_wconf 84' lang='lat' dir='ltr'>muneribus</span> <span class='ocrx_word' id='word_1_245' title='bbox 707 1614 764 1643; x_wconf 91' lang='lat' dir='ltr'>pro</span> <span class='ocrx_word' id='word_1_246' title='bbox 786 1614 863 1635; x_wconf 85' lang='lat' dir='ltr'>suae</span> <span class='ocrx_word' id='word_1_247' title='bbox 886 1603 1077 1635; x_wconf 87' lang='lat' dir='ltr'>conditionis</span> <span class='ocrx_word' id='word_1_248' title='bbox 1100 1612 1151 1632; x_wconf 88' lang='lat' dir='ltr'>ra-</span> 
     </span>
     <span class='ocr_line' id='line_1_34' title="bbox 196 1645 1152 1687; baseline -0.004 -8"><span class='ocrx_word' id='word_1_249' title='bbox 196 1649 282 1679; x_wconf 89' lang='lat' dir='ltr'>tione</span> <span class='ocrx_word' id='word_1_250' title='bbox 310 1652 401 1687; x_wconf 87' lang='lat' dir='ltr'>pater</span> <span class='ocrx_word' id='word_1_251' title='bbox 429 1656 502 1676; x_wconf 90' lang='lat' dir='ltr'>eum</span> <span class='ocrx_word' id='word_1_252' title='bbox 533 1645 670 1681; x_wconf 87' lang='lat' dir='ltr'>dimisit;</span> <span class='ocrx_word' id='word_1_253' title='bbox 700 1657 775 1677; x_wconf 88' lang='lat' dir='ltr'>nam</span> <span class='ocrx_word' id='word_1_254' title='bbox 804 1652 834 1677; x_wconf 91' lang='lat' dir='ltr'>et</span> <span class='ocrx_word' id='word_1_255' title='bbox 864 1656 946 1686; x_wconf 86' lang='lat' dir='ltr'>pane</span> <span class='ocrx_word' id='word_1_256' title='bbox 969 1650 1000 1676; x_wconf 92' lang='lat' dir='ltr'>et</span> <span class='ocrx_word' id='word_1_257' title='bbox 1021 1645 1097 1676; x_wconf 86' lang='lat' dir='ltr'>vino</span> <span class='ocrx_word' id='word_1_258' title='bbox 1121 1650 1152 1675; x_wconf 90' lang='lat' dir='ltr'>et</span> 
     </span>
     <span class='ocr_line' id='line_1_35' title="bbox 196 1688 1153 1729; baseline -0.004 -8"><span class='ocrx_word' id='word_1_259' title='bbox 196 1690 354 1722; x_wconf 80' lang='lat' dir='ltr'>similibus</span> <span class='ocrx_word' id='word_1_260' title='bbox 389 1694 524 1719; x_wconf 85' lang='lat' dir='ltr'>onustus</span> <span class='ocrx_word' id='word_1_261' title='bbox 557 1688 664 1719; x_wconf 86' lang='lat' dir='ltr'>David</span> <span class='ocrx_word' id='word_1_262' title='bbox 700 1689 738 1719; x_wconf 89' lang='lat' dir='ltr'>ad</span> <span class='ocrx_word' id='word_1_263' title='bbox 774 1699 882 1729; x_wconf 86' lang='lat' dir='ltr'>regem</span> <span class='ocrx_word' id='word_1_264' title='bbox 919 1688 1079 1728; x_wconf 83' lang='lat' dir='ltr'>pervenit,</span> <span class='ocrx_word' id='word_1_265' title='bbox 1116 1691 1153 1718; x_wconf 92' lang='lat' dir='ltr'>ut</span> 
     </span>
     <span class='ocr_line' id='line_1_36' title="bbox 195 1730 1152 1774; baseline -0.002 -11"><span class='ocrx_word' id='word_1_266' title='bbox 195 1733 326 1774; x_wconf 87' lang='lat' dir='ltr'>propria</span> <span class='ocrx_word' id='word_1_267' title='bbox 355 1730 535 1763; x_wconf 84' lang='lat' dir='ltr'>substantia</span> <span class='ocrx_word' id='word_1_268' title='bbox 565 1741 634 1761; x_wconf 86' lang='lat' dir='ltr'>sese</span> <span class='ocrx_word' id='word_1_269' title='bbox 667 1732 765 1762; x_wconf 87' lang='lat' dir='ltr'>veluti</span> <span class='ocrx_word' id='word_1_270' title='bbox 797 1731 992 1772; x_wconf 74' lang='lat' dir='ltr'>spoliaverit.</span> <span class='ocrx_word' id='word_1_271' title='bbox 1036 1730 1106 1761; x_wconf 86' lang='lat' dir='ltr'>Nae</span> <span class='ocrx_word' id='word_1_272' title='bbox 1134 1740 1152 1760; x_wconf 85' lang='lat' dir='ltr'>a</span> 
     </span>
     <span class='ocr_line' id='line_1_37' title="bbox 195 1774 1152 1814; baseline -0.003 -8"><span class='ocrx_word' id='word_1_273' title='bbox 195 1774 324 1806; x_wconf 88' lang='lat' dir='ltr'>Davide</span> <span class='ocrx_word' id='word_1_274' title='bbox 354 1784 468 1814; x_wconf 85' lang='lat' dir='ltr'>greges</span> <span class='ocrx_word' id='word_1_275' title='bbox 496 1774 528 1804; x_wconf 90' lang='lat' dir='ltr'>in</span> <span class='ocrx_word' id='word_1_276' title='bbox 559 1783 675 1813; x_wconf 81' lang='lat' dir='ltr'>pascua</span> <span class='ocrx_word' id='word_1_277' title='bbox 706 1774 842 1805; x_wconf 85' lang='lat' dir='ltr'>ducente</span> <span class='ocrx_word' id='word_1_278' title='bbox 866 1778 956 1814; x_wconf 87' lang='lat' dir='ltr'>pater</span> <span class='ocrx_word' id='word_1_279' title='bbox 978 1774 1152 1804; x_wconf 82' lang='lat' dir='ltr'>maximam</span> 
     </span>
     <span class='ocr_line' id='line_1_38' title="bbox 196 1816 1152 1856; baseline -0.003 -7"><span class='ocrx_word' id='word_1_280' title='bbox 196 1818 367 1850; x_wconf 85' lang='lat' dir='ltr'>utilitatem</span> <span class='ocrx_word' id='word_1_281' title='bbox 381 1816 584 1856; x_wconf 75' lang='lat' dir='ltr'>percipiebat,</span> <span class='ocrx_word' id='word_1_282' title='bbox 605 1826 668 1856; x_wconf 88' lang='lat' dir='ltr'>qua</span> <span class='ocrx_word' id='word_1_283' title='bbox 687 1817 748 1847; x_wconf 76' lang='lat' dir='ltr'>iam</span> <span class='ocrx_word' id='word_1_284' title='bbox 763 1818 917 1856; x_wconf 89' lang='lat' dir='ltr'>privatur,</span> <span class='ocrx_word' id='word_1_285' title='bbox 937 1817 1005 1848; x_wconf 90' lang='lat' dir='ltr'>sine</span> <span class='ocrx_word' id='word_1_286' title='bbox 1018 1816 1084 1847; x_wconf 88' lang='lat' dir='ltr'>ulla</span> <span class='ocrx_word' id='word_1_287' title='bbox 1096 1826 1152 1856; x_wconf 87' lang='lat' dir='ltr'>spe</span> 
     </span>
     <span class='ocr_line' id='line_1_39' title="bbox 195 1859 1152 1901; baseline -0.003 -9"><span class='ocrx_word' id='word_1_288' title='bbox 195 1859 476 1901; x_wconf 87' lang='lat' dir='ltr'>compensationis.</span> <span class='ocrx_word' id='word_1_289' title='bbox 501 1859 645 1889; x_wconf 83' lang='lat' dir='ltr'>Mittitur</span> <span class='ocrx_word' id='word_1_290' title='bbox 657 1870 732 1899; x_wconf 89' lang='lat' dir='ltr'>ergo</span> <span class='ocrx_word' id='word_1_291' title='bbox 748 1859 851 1890; x_wconf 87' lang='lat' dir='ltr'>David</span> <span class='ocrx_word' id='word_1_292' title='bbox 865 1870 883 1890; x_wconf 89' lang='lat' dir='ltr'>a</span> <span class='ocrx_word' id='word_1_293' title='bbox 898 1864 987 1898; x_wconf 87' lang='lat' dir='ltr'>patre</span> <span class='ocrx_word' id='word_1_294' title='bbox 999 1859 1030 1889; x_wconf 95' lang='lat' dir='ltr'>in</span> <span class='ocrx_word' id='word_1_295' title='bbox 1044 1859 1152 1889; x_wconf 88' lang='lat' dir='ltr'>aulam</span> 
     </span>
     <span class='ocr_line' id='line_1_40' title="bbox 195 1901 1151 1943; baseline -0.003 -8"><span class='ocrx_word' id='word_1_296' title='bbox 195 1914 303 1936; x_wconf 86' lang='lat' dir='ltr'>eoram</span> <span class='ocrx_word' id='word_1_297' title='bbox 318 1912 392 1943; x_wconf 89' lang='lat' dir='ltr'>rege</span> <span class='ocrx_word' id='word_1_298' title='bbox 405 1901 561 1933; x_wconf 86' lang='lat' dir='ltr'>citharam</span> <span class='ocrx_word' id='word_1_299' title='bbox 577 1902 778 1941; x_wconf 79' lang='lat' dir='ltr'>pulsaturus:</span> <span class='ocrx_word' id='word_1_300' title='bbox 792 1913 828 1933; x_wconf 91' lang='lat' dir='ltr'>ea</span> <span class='ocrx_word' id='word_1_301' title='bbox 842 1907 947 1933; x_wconf 90' lang='lat' dir='ltr'>tamen</span> <span class='ocrx_word' id='word_1_302' title='bbox 960 1901 1151 1937; x_wconf 84' lang='lat' dir='ltr'>conditione,</span> 
     </span>
     <span class='ocr_line' id='line_1_41' title="bbox 195 1944 1152 1986; baseline -0.003 -9"><span class='ocrx_word' id='word_1_303' title='bbox 195 1950 234 1977; x_wconf 89' lang='lat' dir='ltr'>ut</span> <span class='ocrx_word' id='word_1_304' title='bbox 246 1956 344 1986; x_wconf 89' lang='lat' dir='ltr'>quum</span> <span class='ocrx_word' id='word_1_305' title='bbox 357 1945 459 1976; x_wconf 90' lang='lat' dir='ltr'>officio</span> <span class='ocrx_word' id='word_1_306' title='bbox 472 1944 662 1975; x_wconf 79' lang='lat' dir='ltr'>satisfecerit</span> <span class='ocrx_word' id='word_1_307' title='bbox 675 1945 768 1982; x_wconf 86' lang='lat' dir='ltr'>filius,</span> <span class='ocrx_word' id='word_1_308' title='bbox 782 1949 970 1976; x_wconf 78' lang='lat' dir='ltr'>revertatur.</span> <span class='ocrx_word' id='word_1_309' title='bbox 995 1944 1059 1975; x_wconf 90' lang='lat' dir='ltr'>Sed</span> <span class='ocrx_word' id='word_1_310' title='bbox 1073 1944 1152 1976; x_wconf 88' lang='lat' dir='ltr'>Saul</span> 
     </span>
     <span class='ocr_line' id='line_1_42' title="bbox 196 1986 1153 2028; baseline -0.002 -8"><span class='ocrx_word' id='word_1_311' title='bbox 196 1999 270 2020; x_wconf 88' lang='lat' dir='ltr'>eum</span> <span class='ocrx_word' id='word_1_312' title='bbox 295 1987 379 2028; x_wconf 86' lang='lat' dir='ltr'>apud</span> <span class='ocrx_word' id='word_1_313' title='bbox 403 1997 436 2018; x_wconf 90' lang='lat' dir='ltr'>se</span> <span class='ocrx_word' id='word_1_314' title='bbox 458 1987 583 2025; x_wconf 84' lang='lat' dir='ltr'>retinet,</span> <span class='ocrx_word' id='word_1_315' title='bbox 607 1992 637 2018; x_wconf 87' lang='lat' dir='ltr'>et</span> <span class='ocrx_word' id='word_1_316' title='bbox 661 1988 738 2018; x_wconf 90' lang='lat' dir='ltr'>satis</span> <span class='ocrx_word' id='word_1_317' title='bbox 762 1993 950 2028; x_wconf 78' lang='lat' dir='ltr'>arroganter</span> <span class='ocrx_word' id='word_1_318' title='bbox 973 1986 1011 2017; x_wconf 86' lang='lat' dir='ltr'>de</span> <span class='ocrx_word' id='word_1_319' title='bbox 1031 1998 1064 2018; x_wconf 88' lang='lat' dir='ltr'>se</span> <span class='ocrx_word' id='word_1_320' title='bbox 1083 1998 1153 2018; x_wconf 87' lang='lat' dir='ltr'>sen-</span> 
     </span>
     <span class='ocr_line' id='line_1_43' title="bbox 195 2028 1152 2071; baseline -0.002 -9"><span class='ocrx_word' id='word_1_321' title='bbox 195 2031 289 2068; x_wconf 82' lang='lat' dir='ltr'>tiens,</span> <span class='ocrx_word' id='word_1_322' title='bbox 319 2030 430 2071; x_wconf 85' lang='lat' dir='ltr'>magni</span> <span class='ocrx_word' id='word_1_323' title='bbox 461 2028 600 2061; x_wconf 88' lang='lat' dir='ltr'>beneficii</span> <span class='ocrx_word' id='word_1_324' title='bbox 632 2030 699 2060; x_wconf 91' lang='lat' dir='ltr'>loco</span> <span class='ocrx_word' id='word_1_325' title='bbox 734 2030 838 2070; x_wconf 87' lang='lat' dir='ltr'>ponit,</span> <span class='ocrx_word' id='word_1_326' title='bbox 874 2029 955 2070; x_wconf 87' lang='lat' dir='ltr'>quod</span> <span class='ocrx_word' id='word_1_327' title='bbox 990 2030 1152 2060; x_wconf 82' lang='lat' dir='ltr'>invenerit</span> 
     </span>
     <span class='ocr_line' id='line_1_44' title="bbox 196 2072 1152 2115; baseline -0.002 -10"><span class='ocrx_word' id='word_1_328' title='bbox 196 2074 336 2115; x_wconf 86' lang='lat' dir='ltr'>gratiam</span> <span class='ocrx_word' id='word_1_329' title='bbox 366 2073 399 2103; x_wconf 91' lang='lat' dir='ltr'>in</span> <span class='ocrx_word' id='word_1_330' title='bbox 428 2072 528 2103; x_wconf 89' lang='lat' dir='ltr'>oculis</span> <span class='ocrx_word' id='word_1_331' title='bbox 558 2072 641 2104; x_wconf 85' lang='lat' dir='ltr'>suis:</span> <span class='ocrx_word' id='word_1_332' title='bbox 676 2078 862 2112; x_wconf 86' lang='lat' dir='ltr'>patremque</span> <span class='ocrx_word' id='word_1_333' title='bbox 890 2078 921 2103; x_wconf 90' lang='lat' dir='ltr'>et</span> <span class='ocrx_word' id='word_1_334' title='bbox 955 2072 1056 2103; x_wconf 86' lang='lat' dir='ltr'>filium</span> <span class='ocrx_word' id='word_1_335' title='bbox 1091 2072 1152 2103; x_wconf 90' lang='lat' dir='ltr'>sibi</span> 
     </span>
     <span class='ocr_line' id='line_1_45' title="bbox 197 2114 1151 2155; baseline -0.002 -8"><span class='ocrx_word' id='word_1_336' title='bbox 197 2117 257 2148; x_wconf 90' lang='lat' dir='ltr'>hoc</span> <span class='ocrx_word' id='word_1_337' title='bbox 277 2117 406 2147; x_wconf 91' lang='lat' dir='ltr'>nomine</span> <span class='ocrx_word' id='word_1_338' title='bbox 426 2114 600 2155; x_wconf 89' lang='lat' dir='ltr'>plurimum</span> <span class='ocrx_word' id='word_1_339' title='bbox 621 2115 786 2146; x_wconf 85' lang='lat' dir='ltr'>devinctos</span> <span class='ocrx_word' id='word_1_340' title='bbox 803 2115 986 2146; x_wconf 82' lang='lat' dir='ltr'>arbitratur.</span> <span class='ocrx_word' id='word_1_341' title='bbox 1011 2114 1151 2153; x_wconf 82' lang='lat' dir='ltr'>Scilicet,</span> 
     </span>
     <span class='ocr_line' id='line_1_46' title="bbox 197 2157 1152 2199; baseline -0.002 -9"><span class='ocrx_word' id='word_1_342' title='bbox 197 2159 230 2190; x_wconf 87' lang='lat' dir='ltr'>id</span> <span class='ocrx_word' id='word_1_343' title='bbox 254 2159 363 2199; x_wconf 87' lang='lat' dir='ltr'>magni</span> <span class='ocrx_word' id='word_1_344' title='bbox 388 2158 533 2188; x_wconf 88' lang='lat' dir='ltr'>beneficii</span> <span class='ocrx_word' id='word_1_345' title='bbox 557 2158 624 2188; x_wconf 87' lang='lat' dir='ltr'>loco</span> <span class='ocrx_word' id='word_1_346' title='bbox 648 2157 842 2195; x_wconf 84' lang='lat' dir='ltr'>habendum,</span> <span class='ocrx_word' id='word_1_347' title='bbox 864 2158 946 2197; x_wconf 91' lang='lat' dir='ltr'>quod</span> <span class='ocrx_word' id='word_1_348' title='bbox 970 2157 1088 2189; x_wconf 85' lang='lat' dir='ltr'>afflicta</span> <span class='ocrx_word' id='word_1_349' title='bbox 1111 2158 1152 2189; x_wconf 89' lang='lat' dir='ltr'>sit</span> 
     </span>
     <span class='ocr_line' id='line_1_47' title="bbox 197 2200 1153 2240; baseline 0 -8"><span class='ocrx_word' id='word_1_350' title='bbox 197 2201 336 2239; x_wconf 86' lang='lat' dir='ltr'>familia,</span> <span class='ocrx_word' id='word_1_351' title='bbox 366 2211 402 2232; x_wconf 88' lang='lat' dir='ltr'>eo</span> <span class='ocrx_word' id='word_1_352' title='bbox 431 2200 558 2231; x_wconf 90' lang='lat' dir='ltr'>sublato</span> <span class='ocrx_word' id='word_1_353' title='bbox 588 2201 641 2240; x_wconf 89' lang='lat' dir='ltr'>qui</span> <span class='ocrx_word' id='word_1_354' title='bbox 672 2201 731 2231; x_wconf 86' lang='lat' dir='ltr'>toti</span> <span class='ocrx_word' id='word_1_355' title='bbox 762 2200 901 2231; x_wconf 87' lang='lat' dir='ltr'>familiae</span> <span class='ocrx_word' id='word_1_356' title='bbox 930 2201 1090 2232; x_wconf 88' lang='lat' dir='ltr'>serviebat</span> <span class='ocrx_word' id='word_1_357' title='bbox 1121 2205 1153 2232; x_wconf 86' lang='lat' dir='ltr'>et</span> 
     </span>
     <span class='ocr_line' id='line_1_48' title="bbox 198 2243 1152 2283; baseline -0.001 -8"><span class='ocrx_word' id='word_1_358' title='bbox 198 2243 376 2279; x_wconf 77' lang='lat' dir='ltr'>laborabat,</span> <span class='ocrx_word' id='word_1_359' title='bbox 408 2247 439 2273; x_wconf 87' lang='lat' dir='ltr'>et</span> <span class='ocrx_word' id='word_1_360' title='bbox 468 2243 569 2274; x_wconf 88' lang='lat' dir='ltr'>veluti</span> <span class='ocrx_word' id='word_1_361' title='bbox 600 2248 748 2274; x_wconf 85' lang='lat' dir='ltr'>mortuus</span> <span class='ocrx_word' id='word_1_362' title='bbox 777 2243 860 2283; x_wconf 84' lang='lat' dir='ltr'>patri</span> <span class='ocrx_word' id='word_1_363' title='bbox 891 2243 997 2280; x_wconf 89' lang='lat' dir='ltr'>fuerit,</span> <span class='ocrx_word' id='word_1_364' title='bbox 1027 2254 1066 2274; x_wconf 85' lang='lat' dir='ltr'>ex</span> <span class='ocrx_word' id='word_1_365' title='bbox 1090 2254 1152 2283; x_wconf 88' lang='lat' dir='ltr'>quo</span> 
     </span>
     <span class='ocr_line' id='line_1_49' title="bbox 198 2285 1153 2326; baseline -0.001 -9"><span class='ocrx_word' id='word_1_366' title='bbox 198 2285 322 2317; x_wconf 87' lang='lat' dir='ltr'>nullam</span> <span class='ocrx_word' id='word_1_367' title='bbox 346 2285 521 2316; x_wconf 86' lang='lat' dir='ltr'>utilitatem</span> <span class='ocrx_word' id='word_1_368' title='bbox 545 2285 755 2324; x_wconf 82' lang='lat' dir='ltr'>percipiebat:</span> <span class='ocrx_word' id='word_1_369' title='bbox 779 2285 860 2325; x_wconf 90' lang='lat' dir='ltr'>quod</span> <span class='ocrx_word' id='word_1_370' title='bbox 884 2286 958 2326; x_wconf 90' lang='lat' dir='ltr'>quid</span> <span class='ocrx_word' id='word_1_371' title='bbox 982 2286 1067 2317; x_wconf 85' lang='lat' dir='ltr'>aliud</span> <span class='ocrx_word' id='word_1_372' title='bbox 1091 2287 1153 2317; x_wconf 85' lang='lat' dir='ltr'>fuit</span> 
     </span>
     <span class='ocr_line' id='line_1_50' title="bbox 198 2327 1153 2369; baseline 0 -10"><span class='ocrx_word' id='word_1_373' title='bbox 198 2339 294 2369; x_wconf 86' lang='lat' dir='ltr'>quam</span> <span class='ocrx_word' id='word_1_374' title='bbox 335 2329 490 2368; x_wconf 81' lang='lat' dir='ltr'>quaedam</span> <span class='ocrx_word' id='word_1_375' title='bbox 530 2327 687 2358; x_wconf 86' lang='lat' dir='ltr'>latrocinii</span> <span class='ocrx_word' id='word_1_376' title='bbox 730 2328 873 2367; x_wconf 86' lang='lat' dir='ltr'>species?</span> <span class='ocrx_word' id='word_1_377' title='bbox 928 2329 1014 2360; x_wconf 87' lang='lat' dir='ltr'>Hinc</span> <span class='ocrx_word' id='word_1_378' title='bbox 1053 2329 1153 2369; x_wconf 84' lang='lat' dir='ltr'>igitur</span> 
     </span>
     <span class='ocr_line' id='line_1_51' title="bbox 199 2369 1152 2412; baseline 0 -10"><span class='ocrx_word' id='word_1_379' title='bbox 199 2370 396 2412; x_wconf 86' lang='lat' dir='ltr'>agnoscendi</span> <span class='ocrx_word' id='word_1_380' title='bbox 426 2375 502 2401; x_wconf 88' lang='lat' dir='ltr'>sunt</span> <span class='ocrx_word' id='word_1_381' title='bbox 532 2369 708 2401; x_wconf 88' lang='lat' dir='ltr'>aulicorum</span> <span class='ocrx_word' id='word_1_382' title='bbox 740 2375 771 2401; x_wconf 89' lang='lat' dir='ltr'>et</span> <span class='ocrx_word' id='word_1_383' title='bbox 795 2371 965 2410; x_wconf 88' lang='lat' dir='ltr'>primariae</span> <span class='ocrx_word' id='word_1_384' title='bbox 987 2371 1152 2412; x_wconf 87' lang='lat' dir='ltr'>dignitatis</span> 
     </span>
     <span class='ocr_line' id='line_1_52' title="bbox 200 2412 1153 2452; baseline 0 -8"><span class='ocrx_word' id='word_1_385' title='bbox 200 2415 343 2444; x_wconf 90' lang='lat' dir='ltr'>virorum</span> <span class='ocrx_word' id='word_1_386' title='bbox 373 2423 488 2450; x_wconf 85' lang='lat' dir='ltr'>mores,</span> <span class='ocrx_word' id='word_1_387' title='bbox 519 2412 573 2451; x_wconf 88' lang='lat' dir='ltr'>qui</span> <span class='ocrx_word' id='word_1_388' title='bbox 603 2412 663 2443; x_wconf 88' lang='lat' dir='ltr'>sibi</span> <span class='ocrx_word' id='word_1_389' title='bbox 693 2420 784 2443; x_wconf 86' lang='lat' dir='ltr'>natos</span> <span class='ocrx_word' id='word_1_390' title='bbox 807 2424 916 2444; x_wconf 90' lang='lat' dir='ltr'>omnes</span> <span class='ocrx_word' id='word_1_391' title='bbox 945 2414 1153 2452; x_wconf 87' lang='lat' dir='ltr'>arbitrantur,</span> 
     </span>
     <span class='ocr_line' id='line_1_53' title="bbox 199 2454 1154 2495; baseline 0 -8"><span class='ocrx_word' id='word_1_392' title='bbox 199 2463 231 2487; x_wconf 88' lang='lat' dir='ltr'>et</span> <span class='ocrx_word' id='word_1_393' title='bbox 249 2467 307 2487; x_wconf 89' lang='lat' dir='ltr'>sua</span> <span class='ocrx_word' id='word_1_394' title='bbox 325 2459 483 2495; x_wconf 83' lang='lat' dir='ltr'>potestate</span> <span class='ocrx_word' id='word_1_395' title='bbox 502 2454 712 2486; x_wconf 88' lang='lat' dir='ltr'>vehementer</span> <span class='ocrx_word' id='word_1_396' title='bbox 730 2456 915 2487; x_wconf 86' lang='lat' dir='ltr'>abutuntur.</span> <span class='ocrx_word' id='word_1_397' title='bbox 949 2456 1034 2488; x_wconf 86' lang='lat' dir='ltr'>Hinc</span> <span class='ocrx_word' id='word_1_398' title='bbox 1051 2457 1154 2488; x_wconf 87' lang='lat' dir='ltr'>multa</span> 
     </span>
     <span class='ocr_line' id='line_1_54' title="bbox 200 2497 1151 2539; baseline 0 -9"><span class='ocrx_word' id='word_1_399' title='bbox 200 2500 343 2539; x_wconf 88' lang='lat' dir='ltr'>ipsorum</span> <span class='ocrx_word' id='word_1_400' title='bbox 373 2498 483 2537; x_wconf 89' lang='lat' dir='ltr'>inique</span> <span class='ocrx_word' id='word_1_401' title='bbox 511 2497 609 2533; x_wconf 85' lang='lat' dir='ltr'>facta,</span> <span class='ocrx_word' id='word_1_402' title='bbox 647 2497 722 2529; x_wconf 88' lang='lat' dir='ltr'>hinc</span> <span class='ocrx_word' id='word_1_403' title='bbox 751 2498 895 2538; x_wconf 83' lang='lat' dir='ltr'>rapinae,</span> <span class='ocrx_word' id='word_1_404' title='bbox 930 2498 1005 2530; x_wconf 84' lang='lat' dir='ltr'>hinc</span> <span class='ocrx_word' id='word_1_405' title='bbox 1032 2499 1151 2535; x_wconf 86' lang='lat' dir='ltr'>caedes,</span> 
     </span>
     <span class='ocr_line' id='line_1_55' title="bbox 199 2540 1152 2582; baseline 0 -10"><span class='ocrx_word' id='word_1_406' title='bbox 199 2551 281 2582; x_wconf 88' lang='lat' dir='ltr'>quae</span> <span class='ocrx_word' id='word_1_407' title='bbox 319 2546 425 2572; x_wconf 88' lang='lat' dir='ltr'>tamen</span> <span class='ocrx_word' id='word_1_408' title='bbox 463 2541 570 2570; x_wconf 91' lang='lat' dir='ltr'>omnia</span> <span class='ocrx_word' id='word_1_409' title='bbox 607 2540 716 2570; x_wconf 90' lang='lat' dir='ltr'>ludum</span> <span class='ocrx_word' id='word_1_410' title='bbox 748 2546 778 2571; x_wconf 89' lang='lat' dir='ltr'>et</span> <span class='ocrx_word' id='word_1_411' title='bbox 806 2541 909 2572; x_wconf 84' lang='lat' dir='ltr'>iocum</span> <span class='ocrx_word' id='word_1_412' title='bbox 939 2541 1152 2573; x_wconf 87' lang='lat' dir='ltr'>arbitrantur:</span> 
     </span>
     <span class='ocr_line' id='line_1_56' title="bbox 199 2581 1152 2624; baseline 0.001 -9"><span class='ocrx_word' id='word_1_413' title='bbox 199 2584 283 2624; x_wconf 86' lang='lat' dir='ltr'>quod</span> <span class='ocrx_word' id='word_1_414' title='bbox 312 2583 344 2614; x_wconf 87' lang='lat' dir='ltr'>in</span> <span class='ocrx_word' id='word_1_415' title='bbox 377 2583 542 2614; x_wconf 87' lang='lat' dir='ltr'>inferiores</span> <span class='ocrx_word' id='word_1_416' title='bbox 567 2581 646 2612; x_wconf 89' lang='lat' dir='ltr'>nihil</span> <span class='ocrx_word' id='word_1_417' title='bbox 670 2593 732 2613; x_wconf 86' lang='lat' dir='ltr'>non</span> <span class='ocrx_word' id='word_1_418' title='bbox 757 2582 817 2614; x_wconf 87' lang='lat' dir='ltr'>sibi</span> <span class='ocrx_word' id='word_1_419' title='bbox 841 2584 934 2615; x_wconf 84' lang='lat' dir='ltr'>licere</span> <span class='ocrx_word' id='word_1_420' title='bbox 956 2585 1152 2616; x_wconf 79' lang='lat' dir='ltr'>existiment.</span> 
     </span>
     <span class='ocr_line' id='line_1_57' title="bbox 200 2625 1153 2667; baseline 0 -9"><span class='ocrx_word' id='word_1_421' title='bbox 200 2626 419 2666; x_wconf 78' lang='lat' dir='ltr'>Quamobrem</span> <span class='ocrx_word' id='word_1_422' title='bbox 443 2635 479 2656; x_wconf 90' lang='lat' dir='ltr'>eo</span> <span class='ocrx_word' id='word_1_423' title='bbox 503 2625 638 2656; x_wconf 86' lang='lat' dir='ltr'>maiores</span> <span class='ocrx_word' id='word_1_424' title='bbox 662 2625 780 2666; x_wconf 87' lang='lat' dir='ltr'>gratias</span> <span class='ocrx_word' id='word_1_425' title='bbox 803 2636 898 2667; x_wconf 86' lang='lat' dir='ltr'>agere</span> <span class='ocrx_word' id='word_1_426' title='bbox 908 2626 978 2658; x_wconf 90' lang='lat' dir='ltr'>Deo</span> <span class='ocrx_word' id='word_1_427' title='bbox 1002 2626 1153 2659; x_wconf 88' lang='lat' dir='ltr'>debemus</span> 
     </span>
    </p>
   </div>
   <div class='ocr_carea' id='block_1_3' title="bbox 1177 593 1182 2641">
    <p class='ocr_par' dir='ltr' id='par_1_3' title="bbox 1177 593 1182 2641">
     <span class='ocr_line' id='line_1_58' title="bbox 1177 593 1182 2641; baseline 0 0"><span class='ocrx_word' id='word_1_428' title='bbox 1177 593 1182 2641; x_wconf 95' lang='lat' dir='ltr'> </span> 
     </span>
    </p>
   </div>
   <div class='ocr_carea' id='block_1_4' title="bbox 826 187 1518 221">
    <p class='ocr_par' dir='ltr' id='par_1_4' title="bbox 826 187 1518 221">
     <span class='ocr_line' id='line_1_59' title="bbox 826 187 1518 221; baseline -0.004 0"><span class='ocrx_word' id='word_1_429' title='bbox 826 190 871 221; x_wconf 85' lang='lat' dir='ltr'>IN</span> <span class='ocrx_word' id='word_1_430' title='bbox 898 190 922 221; x_wconf 86' lang='grc' dir='ltr'>Ι.</span> <span class='ocrx_word' id='word_1_431' title='bbox 947 190 1034 221; x_wconf 75' lang='lat' dir='ltr'>Lm.</span> <span class='ocrx_word' id='word_1_432' title='bbox 1062 187 1259 219; x_wconf 65' lang='lat' dir='ltr'>SAMUEL.</span> <span class='ocrx_word' id='word_1_433' title='bbox 1285 188 1380 219; x_wconf 73' lang='lat' dir='ltr'>CAIJ&#39;.</span> <span class='ocrx_word' id='word_1_434' title='bbox 1406 189 1518 219; x_wconf 80' lang='lat' dir='ltr'>XVII.</span> 
     </span>
    </p>
   </div>
   <div class='ocr_carea' id='block_1_5' title="bbox 2102 189 2161 219">
    <p class='ocr_par' dir='ltr' id='par_1_5' title="bbox 2102 189 2161 219">
     <span class='ocr_line' id='line_1_60' title="bbox 2102 189 2161 219; baseline -0.017 0"><span class='ocrx_word' id='word_1_435' title='bbox 2102 189 2161 219; x_wconf 70' lang='lat'>18⁴]</span> 
     </span>
    </p>
   </div>
   <div class='ocr_carea' id='block_1_6' title="bbox 1204 281 2163 832">
    <p class='ocr_par' dir='ltr' id='par_1_6' title="bbox 1204 281 2163 745">
     <span class='ocr_line' id='line_1_61' title="bbox 1207 281 2163 320; baseline 0.004 -11"><span class='ocrx_word' id='word_1_436' title='bbox 1207 281 1290 320; x_wconf 88' lang='lat' dir='ltr'>quod</span> <span class='ocrx_word' id='word_1_437' title='bbox 1315 292 1331 312; x_wconf 90' lang='lat' dir='ltr'>e</span> <span class='ocrx_word' id='word_1_438' title='bbox 1351 287 1415 312; x_wconf 87' lang='lat' dir='ltr'>tam</span> <span class='ocrx_word' id='word_1_439' title='bbox 1440 281 1518 312; x_wconf 85' lang='lat' dir='ltr'>dura</span> <span class='ocrx_word' id='word_1_440' title='bbox 1543 282 1699 313; x_wconf 83' lang='lat' dir='ltr'>servitute</span> <span class='ocrx_word' id='word_1_441' title='bbox 1723 288 1755 313; x_wconf 91' lang='lat' dir='ltr'>et</span> <span class='ocrx_word' id='word_1_442' title='bbox 1774 282 1901 312; x_wconf 85' lang='lat' dir='ltr'>miseria</span> <span class='ocrx_word' id='word_1_443' title='bbox 1922 291 1978 312; x_wconf 87' lang='lat' dir='ltr'>nos</span> <span class='ocrx_word' id='word_1_444' title='bbox 1998 283 2163 320; x_wconf 81' lang='lat' dir='ltr'>exemerit,</span> 
     </span>
     <span class='ocr_line' id='line_1_62' title="bbox 1206 324 2162 364; baseline 0.001 -11"><span class='ocrx_word' id='word_1_445' title='bbox 1206 329 1236 353; x_wconf 88' lang='lat' dir='ltr'>ct</span> <span class='ocrx_word' id='word_1_446' title='bbox 1257 324 1320 354; x_wconf 84' lang='lat' dir='ltr'>otia</span> <span class='ocrx_word' id='word_1_447' title='bbox 1338 324 1416 354; x_wconf 83' lang='lat' dir='ltr'>haec</span> <span class='ocrx_word' id='word_1_448' title='bbox 1437 325 1546 355; x_wconf 85' lang='lat' dir='ltr'>feccrit</span> <span class='ocrx_word' id='word_1_449' title='bbox 1565 330 1595 355; x_wconf 91' lang='lat' dir='ltr'>et</span> <span class='ocrx_word' id='word_1_450' title='bbox 1615 325 1750 363; x_wconf 79' lang='lat' dir='ltr'>singulis</span> <span class='ocrx_word' id='word_1_451' title='bbox 1768 330 1958 364; x_wconf 86' lang='lat' dir='ltr'>potestatem</span> <span class='ocrx_word' id='word_1_452' title='bbox 1979 324 2064 355; x_wconf 88' lang='lat' dir='ltr'>domi</span> <span class='ocrx_word' id='word_1_453' title='bbox 2087 334 2162 355; x_wconf 89' lang='lat' dir='ltr'>suae</span> 
     </span>
     <span class='ocr_line' id='line_1_63' title="bbox 1205 366 2162 407; baseline 0.003 -12"><span class='ocrx_word' id='word_1_454' title='bbox 1205 367 1346 404; x_wconf 84' lang='lat' dir='ltr'>quietam</span> <span class='ocrx_word' id='word_1_455' title='bbox 1368 367 1464 397; x_wconf 87' lang='lat' dir='ltr'>vitam</span> <span class='ocrx_word' id='word_1_456' title='bbox 1485 367 1609 407; x_wconf 79' lang='lat' dir='ltr'>agendi,</span> <span class='ocrx_word' id='word_1_457' title='bbox 1634 373 1664 397; x_wconf 84' lang='lat' dir='ltr'>ct</span> <span class='ocrx_word' id='word_1_458' title='bbox 1684 367 1790 397; x_wconf 84' lang='lat' dir='ltr'>liberis</span> <span class='ocrx_word' id='word_1_459' title='bbox 1812 368 1878 398; x_wconf 78' lang='lat' dir='ltr'>suis</span> <span class='ocrx_word' id='word_1_460' title='bbox 1897 378 1932 397; x_wconf 84' lang='lat' dir='ltr'>ae</span> <span class='ocrx_word' id='word_1_461' title='bbox 1956 366 2162 398; x_wconf 82' lang='lat' dir='ltr'>facultatibus</span> 
     </span>
     <span class='ocr_line' id='line_1_64' title="bbox 1205 409 2162 449; baseline 0.002 -11"><span class='ocrx_word' id='word_1_462' title='bbox 1205 409 1314 439; x_wconf 88' lang='lat' dir='ltr'>utendi</span> <span class='ocrx_word' id='word_1_463' title='bbox 1330 409 1453 439; x_wconf 84' lang='lat' dir='ltr'>fruendi</span> <span class='ocrx_word' id='word_1_464' title='bbox 1469 409 1599 440; x_wconf 84' lang='lat' dir='ltr'>dederit.</span> <span class='ocrx_word' id='word_1_465' title='bbox 1631 410 1724 448; x_wconf 77' lang='lat' dir='ltr'>Quod</span> <span class='ocrx_word' id='word_1_466' title='bbox 1738 416 1894 449; x_wconf 86' lang='lat' dir='ltr'>quantum</span> <span class='ocrx_word' id='word_1_467' title='bbox 1909 410 1949 439; x_wconf 88' lang='lat' dir='ltr'>sit</span> <span class='ocrx_word' id='word_1_468' title='bbox 1962 410 2162 447; x_wconf 86' lang='lat' dir='ltr'>beneficium,</span> 
     </span>
     <span class='ocr_line' id='line_1_65' title="bbox 1205 451 2161 490; baseline 0.003 -10"><span class='ocrx_word' id='word_1_469' title='bbox 1205 451 1379 490; x_wconf 82' lang='lat' dir='ltr'>quantique</span> <span class='ocrx_word' id='word_1_470' title='bbox 1403 452 1591 489; x_wconf 80' lang='lat' dir='ltr'>faciendum,</span> <span class='ocrx_word' id='word_1_471' title='bbox 1620 453 1823 489; x_wconf 81' lang='lat' dir='ltr'>sentiremus,</span> <span class='ocrx_word' id='word_1_472' title='bbox 1854 453 1878 482; x_wconf 79' lang='lat' dir='ltr'>si</span> <span class='ocrx_word' id='word_1_473' title='bbox 1904 452 1995 482; x_wconf 84' lang='lat' dir='ltr'>Deus</span> <span class='ocrx_word' id='word_1_474' title='bbox 2025 464 2042 482; x_wconf 87' lang='lat' dir='ltr'>a</span> <span class='ocrx_word' id='word_1_475' title='bbox 2073 452 2161 483; x_wconf 88' lang='lat' dir='ltr'>nobis</span> 
     </span>
     <span class='ocr_line' id='line_1_66' title="bbox 1206 494 2160 535; baseline 0.003 -12"><span class='ocrx_word' id='word_1_476' title='bbox 1206 494 1360 523; x_wconf 71' lang='lat' dir='ltr'>auferret:</span> <span class='ocrx_word' id='word_1_477' title='bbox 1374 495 1578 532; x_wconf 80' lang='lat' dir='ltr'>quamebrem</span> <span class='ocrx_word' id='word_1_478' title='bbox 1594 496 1725 525; x_wconf 85' lang='lat' dir='ltr'>nimium</span> <span class='ocrx_word' id='word_1_479' title='bbox 1741 505 1857 535; x_wconf 83' lang='lat' dir='ltr'>magna</span> <span class='ocrx_word' id='word_1_480' title='bbox 1871 500 1978 525; x_wconf 84' lang='lat' dir='ltr'>nestra</span> <span class='ocrx_word' id='word_1_481' title='bbox 1991 500 2039 525; x_wconf 85' lang='lat' dir='ltr'>est</span> <span class='ocrx_word' id='word_1_482' title='bbox 2053 495 2160 535; x_wconf 84' lang='lat' dir='ltr'>ingra-</span> 
     </span>
     <span class='ocr_line' id='line_1_67' title="bbox 1205 536 2159 577; baseline 0.002 -12"><span class='ocrx_word' id='word_1_483' title='bbox 1205 536 1316 572; x_wconf 77' lang='lat' dir='ltr'>titudo,</span> <span class='ocrx_word' id='word_1_484' title='bbox 1335 536 1416 575; x_wconf 82' lang='lat' dir='ltr'>quod</span> <span class='ocrx_word' id='word_1_485' title='bbox 1431 542 1552 567; x_wconf 84' lang='lat' dir='ltr'>tantam</span> <span class='ocrx_word' id='word_1_486' title='bbox 1568 537 1626 567; x_wconf 86' lang='lat' dir='ltr'>Dei</span> <span class='ocrx_word' id='word_1_487' title='bbox 1649 548 1723 577; x_wconf 77' lang='lat' dir='ltr'>erga</span> <span class='ocrx_word' id='word_1_488' title='bbox 1744 549 1801 568; x_wconf 76' lang='lat' dir='ltr'>nos</span> <span class='ocrx_word' id='word_1_489' title='bbox 1823 537 2075 567; x_wconf 85' lang='lat' dir='ltr'>benevolentiam</span> <span class='ocrx_word' id='word_1_490' title='bbox 2099 549 2159 568; x_wconf 90' lang='lat' dir='ltr'>non</span> 
     </span>
     <span class='ocr_line' id='line_1_68' title="bbox 1204 579 2160 619; baseline 0.002 -11"><span class='ocrx_word' id='word_1_491' title='bbox 1204 579 1414 617; x_wconf 79' lang='lat' dir='ltr'>agnoscimus.</span> <span class='ocrx_word' id='word_1_492' title='bbox 1444 590 1504 617; x_wconf 85' lang='lat' dir='ltr'>qua</span> <span class='ocrx_word' id='word_1_493' title='bbox 1526 589 1584 610; x_wconf 85' lang='lat' dir='ltr'>nos</span> <span class='ocrx_word' id='word_1_494' title='bbox 1607 580 1646 610; x_wconf 87' lang='lat' dir='ltr'>ab</span> <span class='ocrx_word' id='word_1_495' title='bbox 1670 580 1848 610; x_wconf 74' lang='lat' dir='ltr'>istiusmodi</span> <span class='ocrx_word' id='word_1_496' title='bbox 1874 580 2087 619; x_wconf 86' lang='lat' dir='ltr'>potentiorum</span> <span class='ocrx_word' id='word_1_497' title='bbox 2112 581 2160 610; x_wconf 91' lang='lat' dir='ltr'>in-</span> 
     </span>
     <span class='ocr_line' id='line_1_69' title="bbox 1205 621 2160 662; baseline 0.002 -11"><span class='ocrx_word' id='word_1_498' title='bbox 1205 621 1296 651; x_wconf 87' lang='lat' dir='ltr'>iuriis</span> <span class='ocrx_word' id='word_1_499' title='bbox 1326 622 1476 661; x_wconf 71' lang='lat' dir='ltr'>protegit,</span> <span class='ocrx_word' id='word_1_500' title='bbox 1507 628 1537 652; x_wconf 89' lang='lat' dir='ltr'>et</span> <span class='ocrx_word' id='word_1_501' title='bbox 1567 633 1585 652; x_wconf 88' lang='lat' dir='ltr'>a</span> <span class='ocrx_word' id='word_1_502' title='bbox 1616 622 1705 653; x_wconf 71' lang='lat' dir='ltr'>nobis</span> <span class='ocrx_word' id='word_1_503' title='bbox 1739 623 1801 653; x_wconf 85' lang='lat' dir='ltr'>vim</span> <span class='ocrx_word' id='word_1_504' title='bbox 1826 632 1951 653; x_wconf 89' lang='lat' dir='ltr'>omnem</span> <span class='ocrx_word' id='word_1_505' title='bbox 1975 627 2007 653; x_wconf 90' lang='lat' dir='ltr'>et</span> <span class='ocrx_word' id='word_1_506' title='bbox 2030 623 2160 662; x_wconf 77' lang='lat' dir='ltr'>rapinas</span> 
     </span>
     <span class='ocr_line' id='line_1_70' title="bbox 1205 664 2159 702; baseline 0.002 -9"><span class='ocrx_word' id='word_1_507' title='bbox 1205 669 1300 698; x_wconf 86' lang='lat' dir='ltr'>arcet,</span> <span class='ocrx_word' id='word_1_508' title='bbox 1333 669 1365 693; x_wconf 87' lang='lat' dir='ltr'>ct</span> <span class='ocrx_word' id='word_1_509' title='bbox 1388 674 1426 693; x_wconf 90' lang='lat' dir='ltr'>ne</span> <span class='ocrx_word' id='word_1_510' title='bbox 1451 664 1524 694; x_wconf 83' lang='lat' dir='ltr'>lana</span> <span class='ocrx_word' id='word_1_511' title='bbox 1547 665 1585 695; x_wconf 86' lang='lat' dir='ltr'>de</span> <span class='ocrx_word' id='word_1_512' title='bbox 1609 664 1702 695; x_wconf 75' lang='lat' dir='ltr'>dorso</span> <span class='ocrx_word' id='word_1_513' title='bbox 1727 666 1825 702; x_wconf 82' lang='lat' dir='ltr'>nobis,</span> <span class='ocrx_word' id='word_1_514' title='bbox 1857 672 1892 695; x_wconf 89' lang='lat' dir='ltr'>ut</span> <span class='ocrx_word' id='word_1_515' title='bbox 1915 665 2005 695; x_wconf 89' lang='lat' dir='ltr'>aiunt</span> <span class='ocrx_word' id='word_1_516' title='bbox 2028 665 2159 696; x_wconf 87' lang='lat' dir='ltr'>tondea-</span> 
     </span>
     <span class='ocr_line' id='line_1_71' title="bbox 1205 707 1431 745; baseline 0 -9"><span class='ocrx_word' id='word_1_517' title='bbox 1205 712 1265 743; x_wconf 85' lang='lat' dir='ltr'>tur,</span> <span class='ocrx_word' id='word_1_518' title='bbox 1290 707 1431 745; x_wconf 87' lang='lat' dir='ltr'>impedit.</span> 
     </span>
    </p>

    <p class='ocr_par' dir='ltr' id='par_1_7' title="bbox 1205 748 2160 832">
     <span class='ocr_line' id='line_1_72' title="bbox 1290 748 2158 790; baseline 0.002 -12"><span class='ocrx_word' id='word_1_519' title='bbox 1290 748 1412 787; x_wconf 79' lang='lat' dir='ltr'>Quaeri</span> <span class='ocrx_word' id='word_1_520' title='bbox 1444 759 1518 779; x_wconf 86' lang='lat' dir='ltr'>vero</span> <span class='ocrx_word' id='word_1_521' title='bbox 1553 755 1653 788; x_wconf 81' lang='lat' dir='ltr'>potest</span> <span class='ocrx_word' id='word_1_522' title='bbox 1688 749 1745 780; x_wconf 84' lang='grc'><strong>1100</strong></span> <span class='ocrx_word' id='word_1_523' title='bbox 1782 751 1856 784; x_wconf 79' lang='lat' dir='ltr'>loeo.</span> <span class='ocrx_word' id='word_1_524' title='bbox 1892 751 2020 790; x_wconf 84' lang='lat' dir='ltr'>quinam</span> <span class='ocrx_word' id='word_1_525' title='bbox 2052 749 2158 780; x_wconf 86' lang='lat' dir='ltr'>David</span> 
     </span>
     <span class='ocr_line' id='line_1_73' title="bbox 1205 791 2160 832; baseline 0 -10"><span class='ocrx_word' id='word_1_526' title='bbox 1205 791 1314 822; x_wconf 78' lang='lat' dir='ltr'>Saulis</span> <span class='ocrx_word' id='word_1_527' title='bbox 1344 793 1485 831; x_wconf 80' lang='lat' dir='ltr'>armiger</span> <span class='ocrx_word' id='word_1_528' title='bbox 1515 792 1617 822; x_wconf 82' lang='lat' dir='ltr'>factus</span> <span class='ocrx_word' id='word_1_529' title='bbox 1649 793 1699 827; x_wconf 83' lang='lat' dir='ltr'>sit,</span> <span class='ocrx_word' id='word_1_530' title='bbox 1729 793 1984 832; x_wconf 83' lang='lat' dir='ltr'>quandoquidem</span> <span class='ocrx_word' id='word_1_531' title='bbox 2007 792 2045 822; x_wconf 83' lang='lat' dir='ltr'>ad</span> <span class='ocrx_word' id='word_1_532' title='bbox 2071 792 2160 823; x_wconf 91' lang='lat' dir='ltr'>illum</span> 
     </span>
    </p>
   </div>
   <div class='ocr_carea' id='block_1_7' title="bbox 1178 833 2160 873">
    <p class='ocr_par' dir='ltr' id='par_1_8' title="bbox 1178 833 2160 873">
     <span class='ocr_line' id='line_1_74' title="bbox 1178 833 2160 873; baseline 0.001 -9"><span class='ocrx_word' id='word_1_533' title='bbox 1178 833 1179 839; x_wconf 55' lang='lat'>¹</span> <span class='ocrx_word' id='word_1_534' title='bbox 1205 845 1306 873; x_wconf 87' lang='lat' dir='ltr'>usque</span> <span class='ocrx_word' id='word_1_535' title='bbox 1330 834 1412 864; x_wconf 83' lang='lat' dir='ltr'>diem</span> <span class='ocrx_word' id='word_1_536' title='bbox 1436 835 1469 864; x_wconf 87' lang='lat' dir='ltr'>in</span> <span class='ocrx_word' id='word_1_537' title='bbox 1494 836 1617 873; x_wconf 72' lang='lat' dir='ltr'>pascuis</span> <span class='ocrx_word' id='word_1_538' title='bbox 1646 836 1744 865; x_wconf 88' lang='lat' dir='ltr'>vitam</span> <span class='ocrx_word' id='word_1_539' title='bbox 1776 842 1893 872; x_wconf 63' lang='lat' dir='ltr'>offerat,</span> <span class='ocrx_word' id='word_1_540' title='bbox 1928 844 1957 865; x_wconf 88' lang='lat' dir='ltr'>et</span> <span class='ocrx_word' id='word_1_541' title='bbox 1989 835 2027 865; x_wconf 86' lang='lat' dir='ltr'>ad</span> <span class='ocrx_word' id='word_1_542' title='bbox 2053 836 2160 865; x_wconf 89' lang='lat' dir='ltr'>ovium</span> 
     </span>
    </p>
   </div>
   <div class='ocr_carea' id='block_1_8' title="bbox 1204 876 2163 1079">
    <p class='ocr_par' dir='ltr' id='par_1_9' title="bbox 1204 876 2163 1079">
     <span class='ocr_line' id='line_1_75' title="bbox 1205 876 2160 916; baseline 0.002 -10"><span class='ocrx_word' id='word_1_543' title='bbox 1205 882 1295 916; x_wconf 85' lang='lat' dir='ltr'>septa</span> <span class='ocrx_word' id='word_1_544' title='bbox 1325 876 1461 913; x_wconf 84' lang='lat' dir='ltr'>sederat,</span> <span class='ocrx_word' id='word_1_545' title='bbox 1492 876 1569 907; x_wconf 87' lang='lat' dir='ltr'>adeo</span> <span class='ocrx_word' id='word_1_546' title='bbox 1600 882 1634 907; x_wconf 88' lang='lat' dir='ltr'>ut</span> <span class='ocrx_word' id='word_1_547' title='bbox 1664 878 1702 907; x_wconf 70' lang='lat' dir='ltr'>ad</span> <span class='ocrx_word' id='word_1_548' title='bbox 1726 878 1871 908; x_wconf 84' lang='lat' dir='ltr'>militiam</span> <span class='ocrx_word' id='word_1_549' title='bbox 1897 878 2073 908; x_wconf 77' lang='lat' dir='ltr'>instructus</span> <span class='ocrx_word' id='word_1_550' title='bbox 2098 889 2160 908; x_wconf 93' lang='lat' dir='ltr'>non</span> 
     </span>
     <span class='ocr_line' id='line_1_76' title="bbox 1204 919 2160 959; baseline 0.002 -10"><span class='ocrx_word' id='word_1_551' title='bbox 1204 920 1304 949; x_wconf 85' lang='lat' dir='ltr'>fuisse</span> <span class='ocrx_word' id='word_1_552' title='bbox 1335 919 1492 949; x_wconf 87' lang='lat' dir='ltr'>videatur.</span> <span class='ocrx_word' id='word_1_553' title='bbox 1544 919 1666 950; x_wconf 85' lang='lat' dir='ltr'>Verum</span> <span class='ocrx_word' id='word_1_554' title='bbox 1697 931 1776 959; x_wconf 80' lang='lat' dir='ltr'>quae</span> <span class='ocrx_word' id='word_1_555' title='bbox 1807 920 1844 950; x_wconf 87' lang='lat' dir='ltr'>de</span> <span class='ocrx_word' id='word_1_556' title='bbox 1875 920 2002 951; x_wconf 82' lang='lat' dir='ltr'>Davide</span> <span class='ocrx_word' id='word_1_557' title='bbox 2032 920 2084 951; x_wconf 88' lang='lat' dir='ltr'>hic</span> <span class='ocrx_word' id='word_1_558' title='bbox 2114 921 2160 951; x_wconf 88' lang='lat' dir='ltr'>di-</span> 
     </span>
     <span class='ocr_line' id='line_1_77' title="bbox 1205 961 2161 1002; baseline 0.001 -10"><span class='ocrx_word' id='word_1_559' title='bbox 1205 969 1333 1001; x_wconf 79' lang='lat' dir='ltr'>cuntur,</span> <span class='ocrx_word' id='word_1_560' title='bbox 1358 968 1388 992; x_wconf 83' lang='lat' dir='ltr'>et</span> <span class='ocrx_word' id='word_1_561' title='bbox 1411 972 1490 1000; x_wconf 88' lang='lat' dir='ltr'>quae</span> <span class='ocrx_word' id='word_1_562' title='bbox 1514 961 1623 992; x_wconf 83' lang='lat' dir='ltr'>laudes</span> <span class='ocrx_word' id='word_1_563' title='bbox 1645 963 1703 1002; x_wconf 77' lang='lat' dir='ltr'>ipsi</span> <span class='ocrx_word' id='word_1_564' title='bbox 1728 963 1922 998; x_wconf 88' lang='lat' dir='ltr'>tribuuntur,</span> <span class='ocrx_word' id='word_1_565' title='bbox 1952 963 2029 993; x_wconf 83' lang='lat' dir='ltr'>satis</span> <span class='ocrx_word' id='word_1_566' title='bbox 2053 968 2161 994; x_wconf 87' lang='lat' dir='ltr'>osten-</span> 
     </span>
     <span class='ocr_line' id='line_1_78' title="bbox 1206 1005 2163 1042; baseline 0.002 -8"><span class='ocrx_word' id='word_1_567' title='bbox 1206 1005 1286 1035; x_wconf 89' lang='lat' dir='ltr'>dunt</span> <span class='ocrx_word' id='word_1_568' title='bbox 1316 1014 1379 1034; x_wconf 92' lang='lat' dir='ltr'>non</span> <span class='ocrx_word' id='word_1_569' title='bbox 1411 1005 1510 1035; x_wconf 83' lang='lat' dir='ltr'>fuisse</span> <span class='ocrx_word' id='word_1_570' title='bbox 1541 1005 1629 1034; x_wconf 88' lang='lat' dir='ltr'>illum</span> <span class='ocrx_word' id='word_1_571' title='bbox 1661 1005 1738 1035; x_wconf 84' lang='lat' dir='ltr'>adeo</span> <span class='ocrx_word' id='word_1_572' title='bbox 1762 1005 1914 1036; x_wconf 85' lang='lat' dir='ltr'>rusticum</span> <span class='ocrx_word' id='word_1_573' title='bbox 1939 1010 1970 1035; x_wconf 89' lang='lat' dir='ltr'>et</span> <span class='ocrx_word' id='word_1_574' title='bbox 1993 1005 2163 1042; x_wconf 88' lang='lat' dir='ltr'>incultum,</span> 
     </span>
     <span class='ocr_line' id='line_1_79' title="bbox 1204 1047 2162 1079; baseline 0.001 -2"><span class='ocrx_word' id='word_1_575' title='bbox 1204 1053 1241 1077; x_wconf 88' lang='lat' dir='ltr'>ut</span> <span class='ocrx_word' id='word_1_576' title='bbox 1271 1057 1335 1077; x_wconf 88' lang='lat' dir='ltr'>non</span> <span class='ocrx_word' id='word_1_577' title='bbox 1367 1047 1464 1077; x_wconf 80' lang='lat' dir='ltr'>fuerit</span> <span class='ocrx_word' id='word_1_578' title='bbox 1496 1048 1724 1078; x_wconf 78' lang='lat' dir='ltr'>excellentibus</span> <span class='ocrx_word' id='word_1_579' title='bbox 1748 1048 1837 1078; x_wconf 80' lang='lat' dir='ltr'>donis</span> <span class='ocrx_word' id='word_1_580' title='bbox 1862 1054 1891 1078; x_wconf 90' lang='lat' dir='ltr'>et</span> <span class='ocrx_word' id='word_1_581' title='bbox 1915 1048 2090 1079; x_wconf 86' lang='lat' dir='ltr'>virtutibus</span> <span class='ocrx_word' id='word_1_582' title='bbox 2113 1050 2162 1078; x_wconf 92' lang='lat' dir='ltr'>in-</span> 
     </span>
    </p>
   </div>
   <div class='ocr_carea' id='block_1_9' title="bbox 1178 1090 2160 1129">
    <p class='ocr_par' dir='ltr' id='par_1_10' title="bbox 1178 1090 2160 1129">
     <span class='ocr_line' id='line_1_80' title="bbox 1178 1090 2160 1129; baseline 0 -8"><span class='ocrx_word' id='word_1_583' title='bbox 1178 1109 1181 1122; x_wconf 50' lang='lat'>«.</span> <span class='ocrx_word' id='word_1_584' title='bbox 1205 1090 1315 1129; x_wconf 86' lang='lat' dir='ltr'>signis,</span> <span class='ocrx_word' id='word_1_585' title='bbox 1347 1090 1407 1120; x_wconf 86' lang='lat' dir='ltr'>etsi</span> <span class='ocrx_word' id='word_1_586' title='bbox 1438 1100 1501 1120; x_wconf 90' lang='lat' dir='ltr'>non</span> <span class='ocrx_word' id='word_1_587' title='bbox 1532 1090 1615 1129; x_wconf 87' lang='lat' dir='ltr'>apud</span> <span class='ocrx_word' id='word_1_588' title='bbox 1646 1101 1755 1120; x_wconf 70' lang='lat' dir='ltr'>ornnes</span> <span class='ocrx_word' id='word_1_589' title='bbox 1784 1090 1885 1129; x_wconf 78' lang='lat' dir='ltr'>ipsius</span> <span class='ocrx_word' id='word_1_590' title='bbox 1915 1092 1997 1121; x_wconf 85' lang='lat' dir='ltr'>facta</span> <span class='ocrx_word' id='word_1_591' title='bbox 2021 1090 2160 1121; x_wconf 85' lang='lat' dir='ltr'>celebra-</span> 
     </span>
    </p>
   </div>
   <div class='ocr_carea' id='block_1_10' title="bbox 1204 1131 2160 2663">
    <p class='ocr_par' dir='ltr' id='par_1_11' title="bbox 1204 1131 2160 2663">
     <span class='ocr_line' id='line_1_81' title="bbox 1205 1131 2158 1172; baseline 0.002 -10"><span class='ocrx_word' id='word_1_592' title='bbox 1205 1139 1328 1163; x_wconf 88' lang='lat' dir='ltr'>rentur.</span> <span class='ocrx_word' id='word_1_593' title='bbox 1375 1131 1535 1171; x_wconf 86' lang='lat' dir='ltr'>Equidem</span> <span class='ocrx_word' id='word_1_594' title='bbox 1565 1138 1596 1162; x_wconf 89' lang='lat' dir='ltr'>et</span> <span class='ocrx_word' id='word_1_595' title='bbox 1624 1133 1656 1163; x_wconf 93' lang='lat' dir='ltr'>in</span> <span class='ocrx_word' id='word_1_596' title='bbox 1688 1133 1756 1172; x_wconf 81' lang='lat' dir='ltr'>ipsa</span> <span class='ocrx_word' id='word_1_597' title='bbox 1782 1140 1915 1171; x_wconf 83' lang='lat' dir='ltr'>paterna</span> <span class='ocrx_word' id='word_1_598' title='bbox 1939 1133 2031 1163; x_wconf 89' lang='lat' dir='ltr'>domo</span> <span class='ocrx_word' id='word_1_599' title='bbox 2056 1134 2158 1164; x_wconf 88' lang='lat' dir='ltr'>fateor</span> 
     </span>
     <span class='ocr_line' id='line_1_82' title="bbox 1205 1175 2158 1214; baseline 0.001 -9"><span class='ocrx_word' id='word_1_600' title='bbox 1205 1186 1277 1206; x_wconf 90' lang='lat' dir='ltr'>enm</span> <span class='ocrx_word' id='word_1_601' title='bbox 1313 1175 1411 1206; x_wconf 84' lang='lat' dir='ltr'>fuisse</span> <span class='ocrx_word' id='word_1_602' title='bbox 1444 1175 1731 1214; x_wconf 82' lang='lat' dir='ltr'>contemptibilem,</span> <span class='ocrx_word' id='word_1_603' title='bbox 1773 1175 2040 1214; x_wconf 86' lang='lat' dir='ltr'>quemadmodum</span> <span class='ocrx_word' id='word_1_604' title='bbox 2083 1181 2158 1206; x_wconf 87' lang='lat' dir='ltr'>ante</span> 
     </span>
     <span class='ocr_line' id='line_1_83' title="bbox 1206 1217 2158 1249; baseline 0 -1"><span class='ocrx_word' id='word_1_605' title='bbox 1206 1217 1354 1249; x_wconf 81' lang='lat' dir='ltr'>vidimus.</span> <span class='ocrx_word' id='word_1_606' title='bbox 1408 1217 1489 1248; x_wconf 85' lang='lat' dir='ltr'>Nam</span> <span class='ocrx_word' id='word_1_607' title='bbox 1521 1218 1585 1248; x_wconf 73' lang='lat' dir='ltr'>Isa&#39;t·</span> <span class='ocrx_word' id='word_1_608' title='bbox 1624 1218 1730 1248; x_wconf 85' lang='lat' dir='ltr'>liberis</span> <span class='ocrx_word' id='word_1_609' title='bbox 1767 1218 1832 1248; x_wconf 87' lang='lat' dir='ltr'>suis</span> <span class='ocrx_word' id='word_1_610' title='bbox 1869 1228 1976 1248; x_wconf 87' lang='lat' dir='ltr'>coram</span> <span class='ocrx_word' id='word_1_611' title='bbox 2006 1218 2158 1249; x_wconf 84' lang='lat' dir='ltr'>Samuele</span> 
     </span>
     <span class='ocr_line' id='line_1_84' title="bbox 1206 1259 2159 1300; baseline 0.001 -9"><span class='ocrx_word' id='word_1_612' title='bbox 1206 1266 1327 1300; x_wconf 87' lang='lat' dir='ltr'>septem</span> <span class='ocrx_word' id='word_1_613' title='bbox 1359 1259 1532 1299; x_wconf 83' lang='lat' dir='ltr'>productis,</span> <span class='ocrx_word' id='word_1_614' title='bbox 1567 1260 1698 1291; x_wconf 67' lang='lat' dir='ltr'>havidis</span> <span class='ocrx_word' id='word_1_615' title='bbox 1727 1260 1856 1297; x_wconf 87' lang='lat' dir='ltr'>nnllam,</span> <span class='ocrx_word' id='word_1_616' title='bbox 1887 1261 1977 1300; x_wconf 84' lang='lat' dir='ltr'>quasi</span> <span class='ocrx_word' id='word_1_617' title='bbox 2001 1272 2040 1291; x_wconf 92' lang='lat' dir='ltr'>ne</span> <span class='ocrx_word' id='word_1_618' title='bbox 2065 1266 2159 1292; x_wconf 87' lang='lat' dir='ltr'>natus</span> 
     </span>
     <span class='ocr_line' id='line_1_85' title="bbox 1205 1303 2158 1343; baseline 0 -10"><span class='ocrx_word' id='word_1_619' title='bbox 1205 1303 1333 1343; x_wconf 87' lang='lat' dir='ltr'>quidem</span> <span class='ocrx_word' id='word_1_620' title='bbox 1366 1307 1459 1341; x_wconf 89' lang='lat' dir='ltr'>esset,</span> <span class='ocrx_word' id='word_1_621' title='bbox 1489 1303 1683 1333; x_wconf 74' lang='lat' dir='ltr'>mentionem</span> <span class='ocrx_word' id='word_1_622' title='bbox 1714 1303 1796 1334; x_wconf 88' lang='lat' dir='ltr'>fecit.</span> <span class='ocrx_word' id='word_1_623' title='bbox 1850 1303 1901 1333; x_wconf 82' lang='lat' dir='ltr'>Ex</span> <span class='ocrx_word' id='word_1_624' title='bbox 1933 1314 1994 1343; x_wconf 89' lang='lat' dir='ltr'>quo</span> <span class='ocrx_word' id='word_1_625' title='bbox 2025 1310 2158 1343; x_wconf 85' lang='lat' dir='ltr'>apparet</span> 
     </span>
     <span class='ocr_line' id='line_1_86' title="bbox 1205 1346 2158 1386; baseline 0 -10"><span class='ocrx_word' id='word_1_626' title='bbox 1205 1356 1301 1385; x_wconf 88' lang='lat' dir='ltr'>quam</span> <span class='ocrx_word' id='word_1_627' title='bbox 1331 1355 1424 1385; x_wconf 80' lang='lat' dir='ltr'>saepe</span> <span class='ocrx_word' id='word_1_628' title='bbox 1455 1346 1620 1376; x_wconf 87' lang='lat' dir='ltr'>hominum</span> <span class='ocrx_word' id='word_1_629' title='bbox 1644 1346 1765 1375; x_wconf 89' lang='lat' dir='ltr'>malitia</span> <span class='ocrx_word' id='word_1_630' title='bbox 1788 1351 1819 1375; x_wconf 86' lang='lat' dir='ltr'>et</span> <span class='ocrx_word' id='word_1_631' title='bbox 1842 1346 2073 1386; x_wconf 84' lang='lat' dir='ltr'>ingratitudine</span> <span class='ocrx_word' id='word_1_632' title='bbox 2096 1346 2158 1377; x_wconf 91' lang='lat' dir='ltr'>Dei</span> 
     </span>
     <span class='ocr_line' id='line_1_87' title="bbox 1206 1388 2159 1428; baseline 0 -9"><span class='ocrx_word' id='word_1_633' title='bbox 1206 1389 1288 1419; x_wconf 85' lang='lat' dir='ltr'>dona</span> <span class='ocrx_word' id='word_1_634' title='bbox 1318 1388 1392 1418; x_wconf 88' lang='lat' dir='ltr'>licet</span> <span class='ocrx_word' id='word_1_635' title='bbox 1420 1389 1453 1418; x_wconf 90' lang='lat' dir='ltr'>in</span> <span class='ocrx_word' id='word_1_636' title='bbox 1484 1388 1587 1427; x_wconf 90' lang='lat' dir='ltr'>aliquo</span> <span class='ocrx_word' id='word_1_637' title='bbox 1618 1388 1708 1419; x_wconf 88' lang='lat' dir='ltr'>valde</span> <span class='ocrx_word' id='word_1_638' title='bbox 1739 1389 1907 1428; x_wconf 86' lang='lat' dir='ltr'>conspicua</span> <span class='ocrx_word' id='word_1_639' title='bbox 1930 1388 2159 1419; x_wconf 87' lang='lat' dir='ltr'>conculcentur</span> 
     </span>
     <span class='ocr_line' id='line_1_88' title="bbox 1205 1431 2158 1470; baseline 0 -8"><span class='ocrx_word' id='word_1_640' title='bbox 1205 1436 1237 1462; x_wconf 86' lang='lat' dir='ltr'>et</span> <span class='ocrx_word' id='word_1_641' title='bbox 1258 1431 1347 1462; x_wconf 85' lang='lat' dir='ltr'>flocci</span> <span class='ocrx_word' id='word_1_642' title='bbox 1368 1432 1454 1465; x_wconf 84' lang='lat' dir='ltr'>fiant,</span> <span class='ocrx_word' id='word_1_643' title='bbox 1479 1431 1517 1462; x_wconf 87' lang='lat' dir='ltr'>ab</span> <span class='ocrx_word' id='word_1_644' title='bbox 1536 1431 1575 1461; x_wconf 88' lang='lat' dir='ltr'>iis</span> <span class='ocrx_word' id='word_1_645' title='bbox 1594 1431 1646 1470; x_wconf 84' lang='lat' dir='ltr'>qni</span> <span class='ocrx_word' id='word_1_646' title='bbox 1665 1442 1701 1461; x_wconf 89' lang='lat' dir='ltr'>ea</span> <span class='ocrx_word' id='word_1_647' title='bbox 1721 1441 1784 1461; x_wconf 91' lang='lat' dir='ltr'>non</span> <span class='ocrx_word' id='word_1_648' title='bbox 1806 1431 1884 1461; x_wconf 84' lang='lat' dir='ltr'>tanti</span> <span class='ocrx_word' id='word_1_649' title='bbox 1906 1431 2028 1461; x_wconf 80' lang='lat' dir='ltr'>faciunt</span> <span class='ocrx_word' id='word_1_650' title='bbox 2047 1431 2158 1470; x_wconf 89' lang='lat' dir='ltr'>quanti</span> 
     </span>
     <span class='ocr_line' id='line_1_89' title="bbox 1205 1473 2158 1514; baseline 0 -10"><span class='ocrx_word' id='word_1_651' title='bbox 1205 1478 1376 1514; x_wconf 88' lang='lat' dir='ltr'>oporteret.</span> <span class='ocrx_word' id='word_1_652' title='bbox 1430 1473 1628 1504; x_wconf 83' lang='lat' dir='ltr'>Nominatiin</span> <span class='ocrx_word' id='word_1_653' title='bbox 1663 1474 1745 1504; x_wconf 87' lang='lat' dir='ltr'>enim</span> <span class='ocrx_word' id='word_1_654' title='bbox 1782 1473 1986 1504; x_wconf 82' lang='lat' dir='ltr'>honorificam</span> <span class='ocrx_word' id='word_1_655' title='bbox 2022 1473 2158 1505; x_wconf 85' lang='lat' dir='ltr'>Davidis</span> 
     </span>
     <span class='ocr_line' id='line_1_90' title="bbox 1205 1515 2157 1555; baseline -0.001 -7"><span class='ocrx_word' id='word_1_656' title='bbox 1205 1517 1275 1548; x_wconf 90' lang='lat' dir='ltr'>fieri</span> <span class='ocrx_word' id='word_1_657' title='bbox 1294 1516 1488 1547; x_wconf 87' lang='lat' dir='ltr'>mentionem</span> <span class='ocrx_word' id='word_1_658' title='bbox 1508 1515 1663 1555; x_wconf 80' lang='lat' dir='ltr'>videmus,</span> <span class='ocrx_word' id='word_1_659' title='bbox 1685 1522 1714 1547; x_wconf 80' lang='lat' dir='ltr'>et</span> <span class='ocrx_word' id='word_1_660' title='bbox 1734 1516 1793 1546; x_wconf 85' lang='lat' dir='ltr'>diei</span> <span class='ocrx_word' id='word_1_661' title='bbox 1813 1516 2021 1546; x_wconf 87' lang='lat' dir='ltr'>fortissimum</span> <span class='ocrx_word' id='word_1_662' title='bbox 2036 1517 2157 1554; x_wconf 86' lang='lat' dir='ltr'>robore,</span> 
     </span>
     <span class='ocr_line' id='line_1_91' title="bbox 1205 1558 2158 1599; baseline 0 -9"><span class='ocrx_word' id='word_1_663' title='bbox 1205 1560 1313 1590; x_wconf 92' lang='lat' dir='ltr'>virum</span> <span class='ocrx_word' id='word_1_664' title='bbox 1338 1559 1532 1595; x_wconf 78' lang='lat' dir='ltr'>bellicosum,</span> <span class='ocrx_word' id='word_1_665' title='bbox 1556 1564 1587 1589; x_wconf 91' lang='lat' dir='ltr'>et</span> <span class='ocrx_word' id='word_1_666' title='bbox 1609 1560 1796 1599; x_wconf 87' lang='lat' dir='ltr'>prudentem</span> <span class='ocrx_word' id='word_1_667' title='bbox 1822 1559 1855 1588; x_wconf 89' lang='grc'>111</span> <span class='ocrx_word' id='word_1_668' title='bbox 1879 1558 1994 1596; x_wconf 81' lang='lat' dir='ltr'>verbis,</span> <span class='ocrx_word' id='word_1_669' title='bbox 2017 1559 2158 1590; x_wconf 85' lang='lat' dir='ltr'>cithara-</span> 
     </span>
     <span class='ocr_line' id='line_1_92' title="bbox 1204 1601 2158 1642; baseline 0 -9"><span class='ocrx_word' id='word_1_670' title='bbox 1204 1613 1264 1642; x_wconf 88' lang='lat' dir='ltr'>que</span> <span class='ocrx_word' id='word_1_671' title='bbox 1294 1602 1374 1633; x_wconf 88' lang='lat' dir='ltr'>bene</span> <span class='ocrx_word' id='word_1_672' title='bbox 1404 1601 1603 1641; x_wconf 85' lang='lat' dir='ltr'>psallentem.</span> <span class='ocrx_word' id='word_1_673' title='bbox 1649 1602 1739 1640; x_wconf 78' lang='lat' dir='ltr'>Quae</span> <span class='ocrx_word' id='word_1_674' title='bbox 1769 1611 1845 1631; x_wconf 86' lang='lat' dir='ltr'>sane</span> <span class='ocrx_word' id='word_1_675' title='bbox 1876 1611 1940 1631; x_wconf 87' lang='lat' dir='ltr'>non</span> <span class='ocrx_word' id='word_1_676' title='bbox 1965 1611 2064 1640; x_wconf 86' lang='lat' dir='ltr'>parva</span> <span class='ocrx_word' id='word_1_677' title='bbox 2087 1602 2158 1633; x_wconf 86' lang='lat' dir='ltr'>laus</span> 
     </span>
     <span class='ocr_line' id='line_1_93' title="bbox 1204 1643 2158 1676; baseline -0.001 -1"><span class='ocrx_word' id='word_1_678' title='bbox 1204 1646 1264 1676; x_wconf 85' lang='lat' dir='ltr'>fuit</span> <span class='ocrx_word' id='word_1_679' title='bbox 1283 1644 1435 1675; x_wconf 81' lang='lat' dir='ltr'>Davidis:</span> <span class='ocrx_word' id='word_1_680' title='bbox 1458 1654 1531 1675; x_wconf 84' lang='lat' dir='ltr'>raro</span> <span class='ocrx_word' id='word_1_681' title='bbox 1554 1645 1638 1675; x_wconf 90' lang='lat' dir='ltr'>enim</span> <span class='ocrx_word' id='word_1_682' title='bbox 1662 1645 1695 1674; x_wconf 92' lang='lat' dir='ltr'>in</span> <span class='ocrx_word' id='word_1_683' title='bbox 1718 1644 1887 1674; x_wconf 87' lang='lat' dir='ltr'>iuvenibus</span> <span class='ocrx_word' id='word_1_684' title='bbox 1911 1643 2062 1675; x_wconf 81' lang='lat' dir='ltr'>fortitudo</span> <span class='ocrx_word' id='word_1_685' title='bbox 2085 1655 2158 1675; x_wconf 90' lang='lat' dir='ltr'>cum</span> 
     </span>
     <span class='ocr_line' id='line_1_94' title="bbox 1204 1686 2159 1727; baseline -0.002 -9"><span class='ocrx_word' id='word_1_686' title='bbox 1204 1686 1376 1727; x_wconf 82' lang='lat' dir='ltr'>prudentia</span> <span class='ocrx_word' id='word_1_687' title='bbox 1395 1688 1560 1725; x_wconf 84' lang='lat' dir='ltr'>convenit;</span> <span class='ocrx_word' id='word_1_688' title='bbox 1579 1687 1783 1726; x_wconf 88' lang='lat' dir='ltr'>quamobrem</span> <span class='ocrx_word' id='word_1_689' title='bbox 1804 1696 1840 1717; x_wconf 91' lang='lat' dir='ltr'>eo</span> <span class='ocrx_word' id='word_1_690' title='bbox 1859 1687 1919 1717; x_wconf 90' lang='lat' dir='ltr'>fuit</span> <span class='ocrx_word' id='word_1_691' title='bbox 1938 1686 2159 1717; x_wconf 83' lang='lat' dir='ltr'>admirabilior</span> 
     </span>
     <span class='ocr_line' id='line_1_95' title="bbox 1204 1729 2159 1769; baseline 0 -9"><span class='ocrx_word' id='word_1_692' title='bbox 1204 1729 1342 1761; x_wconf 86' lang='lat' dir='ltr'>Davidis</span> <span class='ocrx_word' id='word_1_693' title='bbox 1382 1730 1503 1769; x_wconf 90' lang='lat' dir='ltr'>virtus,</span> <span class='ocrx_word' id='word_1_694' title='bbox 1544 1730 1582 1760; x_wconf 86' lang='lat' dir='ltr'>ad</span> <span class='ocrx_word' id='word_1_695' title='bbox 1625 1739 1719 1769; x_wconf 85' lang='lat' dir='ltr'>quam</span> <span class='ocrx_word' id='word_1_696' title='bbox 1752 1739 1885 1768; x_wconf 82' lang='lat' dir='ltr'>prosper</span> <span class='ocrx_word' id='word_1_697' title='bbox 1918 1729 2016 1759; x_wconf 88' lang='lat' dir='ltr'>etiam</span> <span class='ocrx_word' id='word_1_698' title='bbox 2051 1740 2159 1760; x_wconf 87' lang='lat' dir='ltr'>rerum</span> 
     </span>
     <span class='ocr_line' id='line_1_96' title="bbox 1204 1771 2158 1812; baseline -0.002 -9"><span class='ocrx_word' id='word_1_699' title='bbox 1204 1777 1340 1804; x_wconf 90' lang='lat' dir='ltr'>eventus</span> <span class='ocrx_word' id='word_1_700' title='bbox 1369 1783 1466 1812; x_wconf 89' lang='lat' dir='ltr'>quum</span> <span class='ocrx_word' id='word_1_701' title='bbox 1498 1772 1659 1803; x_wconf 85' lang='lat' dir='ltr'>accederet</span> <span class='ocrx_word' id='word_1_702' title='bbox 1688 1782 1836 1812; x_wconf 83' lang='lat' dir='ltr'>maguam</span> <span class='ocrx_word' id='word_1_703' title='bbox 1868 1782 1943 1801; x_wconf 82' lang='lat' dir='ltr'>sane</span> <span class='ocrx_word' id='word_1_704' title='bbox 1973 1771 2011 1802; x_wconf 90' lang='lat' dir='ltr'>de</span> <span class='ocrx_word' id='word_1_705' title='bbox 2040 1782 2074 1802; x_wconf 88' lang='lat' dir='ltr'>se</span> <span class='ocrx_word' id='word_1_706' title='bbox 2106 1771 2158 1801; x_wconf 89' lang='lat' dir='ltr'>ad-</span> 
     </span>
     <span class='ocr_line' id='line_1_97' title="bbox 1205 1814 2160 1854; baseline -0.002 -8"><span class='ocrx_word' id='word_1_707' title='bbox 1205 1816 1411 1846; x_wconf 88' lang='lat' dir='ltr'>mirationem</span> <span class='ocrx_word' id='word_1_708' title='bbox 1435 1816 1540 1854; x_wconf 88' lang='lat' dir='ltr'>ipsum</span> <span class='ocrx_word' id='word_1_709' title='bbox 1565 1815 1740 1846; x_wconf 82' lang='lat' dir='ltr'>concitasse</span> <span class='ocrx_word' id='word_1_710' title='bbox 1763 1825 1825 1844; x_wconf 88' lang='lat' dir='ltr'>non</span> <span class='ocrx_word' id='word_1_711' title='bbox 1850 1814 1967 1844; x_wconf 85' lang='lat' dir='ltr'>mirum</span> <span class='ocrx_word' id='word_1_712' title='bbox 1992 1818 2050 1845; x_wconf 89' lang='lat' dir='ltr'>est.</span> <span class='ocrx_word' id='word_1_713' title='bbox 2095 1814 2160 1844; x_wconf 90' lang='lat' dir='ltr'>Ne-</span> 
     </span>
     <span class='ocr_line' id='line_1_98' title="bbox 1205 1857 2159 1898; baseline -0.003 -9"><span class='ocrx_word' id='word_1_714' title='bbox 1205 1869 1266 1898; x_wconf 91' lang='lat' dir='ltr'>que</span> <span class='ocrx_word' id='word_1_715' title='bbox 1296 1858 1381 1888; x_wconf 88' lang='lat' dir='ltr'>enim</span> <span class='ocrx_word' id='word_1_716' title='bbox 1412 1858 1491 1888; x_wconf 86' lang='lat' dir='ltr'>istae</span> <span class='ocrx_word' id='word_1_717' title='bbox 1523 1858 1657 1888; x_wconf 84' lang='lat' dir='ltr'>virtutes</span> <span class='ocrx_word' id='word_1_718' title='bbox 1685 1862 1758 1887; x_wconf 86' lang='lat' dir='ltr'>sunt</span> <span class='ocrx_word' id='word_1_719' title='bbox 1782 1857 1973 1887; x_wconf 76' lang='lat' dir='ltr'>rusticorum</span> <span class='ocrx_word' id='word_1_720' title='bbox 1997 1857 2159 1896; x_wconf 82' lang='lat' dir='ltr'>propriae:</span> 
     </span>
     <span class='ocr_line' id='line_1_99' title="bbox 1205 1899 2159 1941; baseline -0.003 -10"><span class='ocrx_word' id='word_1_721' title='bbox 1205 1901 1461 1941; x_wconf 86' lang='lat' dir='ltr'>quandoquidem</span> <span class='ocrx_word' id='word_1_722' title='bbox 1483 1905 1599 1931; x_wconf 84' lang='lat' dir='ltr'>natura</span> <span class='ocrx_word' id='word_1_723' title='bbox 1621 1899 1735 1939; x_wconf 80' lang='lat' dir='ltr'>timidi,</span> <span class='ocrx_word' id='word_1_724' title='bbox 1758 1905 1908 1939; x_wconf 81' lang='lat' dir='ltr'>agrestes,</span> <span class='ocrx_word' id='word_1_725' title='bbox 1933 1899 2050 1929; x_wconf 87' lang='lat' dir='ltr'>idiotae</span> <span class='ocrx_word' id='word_1_726' title='bbox 2074 1904 2159 1937; x_wconf 88' lang='lat' dir='ltr'>sunt,</span> 
     </span>
     <span class='ocr_line' id='line_1_100' title="bbox 1205 1941 2158 1982; baseline -0.002 -8"><span class='ocrx_word' id='word_1_727' title='bbox 1205 1950 1237 1975; x_wconf 91' lang='lat' dir='ltr'>et</span> <span class='ocrx_word' id='word_1_728' title='bbox 1260 1943 1455 1980; x_wconf 85' lang='lat' dir='ltr'>fortitudine,</span> <span class='ocrx_word' id='word_1_729' title='bbox 1480 1943 1658 1982; x_wconf 87' lang='lat' dir='ltr'>prudentia,</span> <span class='ocrx_word' id='word_1_730' title='bbox 1682 1942 1820 1976; x_wconf 79' lang='lat' dir='ltr'>consilio,</span> <span class='ocrx_word' id='word_1_731' title='bbox 1850 1941 2010 1972; x_wconf 84' lang='lat' dir='ltr'>industria</span> <span class='ocrx_word' id='word_1_732' title='bbox 2034 1947 2066 1972; x_wconf 90' lang='lat' dir='ltr'>et</span> <span class='ocrx_word' id='word_1_733' title='bbox 2089 1952 2158 1973; x_wconf 85' lang='lat' dir='ltr'>cae-</span> 
     </span>
     <span class='ocr_line' id='line_1_101' title="bbox 1205 1984 2159 2024; baseline -0.004 -7"><span class='ocrx_word' id='word_1_734' title='bbox 1205 1987 1281 2017; x_wconf 86' lang='lat' dir='ltr'>teris</span> <span class='ocrx_word' id='word_1_735' title='bbox 1310 1985 1492 2017; x_wconf 89' lang='lat' dir='ltr'>istiusmodi</span> <span class='ocrx_word' id='word_1_736' title='bbox 1523 1985 1698 2016; x_wconf 81' lang='lat' dir='ltr'>virtutibus</span> <span class='ocrx_word' id='word_1_737' title='bbox 1730 1996 1791 2015; x_wconf 89' lang='lat' dir='ltr'>non</span> <span class='ocrx_word' id='word_1_738' title='bbox 1815 1990 1890 2014; x_wconf 71' lang='lat' dir='ltr'>sunt</span> <span class='ocrx_word' id='word_1_739' title='bbox 1913 1984 2058 2023; x_wconf 89' lang='lat' dir='ltr'>praediti,</span> <span class='ocrx_word' id='word_1_740' title='bbox 2090 1985 2159 2024; x_wconf 88' lang='lat' dir='ltr'>qui-</span> 
     </span>
     <span class='ocr_line' id='line_1_102' title="bbox 1206 2027 2158 2068; baseline -0.003 -8"><span class='ocrx_word' id='word_1_741' title='bbox 1206 2029 1263 2060; x_wconf 87' lang='lat' dir='ltr'>bus</span> <span class='ocrx_word' id='word_1_742' title='bbox 1287 2029 1380 2059; x_wconf 85' lang='lat' dir='ltr'>aulici</span> <span class='ocrx_word' id='word_1_743' title='bbox 1401 2029 1589 2068; x_wconf 89' lang='lat' dir='ltr'>plerumque</span> <span class='ocrx_word' id='word_1_744' title='bbox 1613 2033 1643 2058; x_wconf 89' lang='lat' dir='ltr'>et</span> <span class='ocrx_word' id='word_1_745' title='bbox 1664 2028 1717 2058; x_wconf 87' lang='lat' dir='ltr'>alii</span> <span class='ocrx_word' id='word_1_746' title='bbox 1740 2027 1885 2057; x_wconf 86' lang='lat' dir='ltr'>homines</span> <span class='ocrx_word' id='word_1_747' title='bbox 1908 2027 2050 2066; x_wconf 86' lang='lat' dir='ltr'>insignes</span> <span class='ocrx_word' id='word_1_748' title='bbox 2074 2033 2158 2057; x_wconf 90' lang='lat' dir='ltr'>sunt.</span> 
     </span>
     <span class='ocr_line' id='line_1_103' title="bbox 1205 2069 2160 2111; baseline -0.003 -8"><span class='ocrx_word' id='word_1_749' title='bbox 1205 2072 1379 2103; x_wconf 84' lang='lat' dir='ltr'>Praeterea</span> <span class='ocrx_word' id='word_1_750' title='bbox 1414 2071 1467 2111; x_wconf 89' lang='lat' dir='ltr'>qui</span> <span class='ocrx_word' id='word_1_751' title='bbox 1502 2071 1634 2101; x_wconf 79' lang='lat' dir='ltr'>consilio</span> <span class='ocrx_word' id='word_1_752' title='bbox 1667 2070 1803 2110; x_wconf 85' lang='lat' dir='ltr'>pollent,</span> <span class='ocrx_word' id='word_1_753' title='bbox 1844 2074 1875 2100; x_wconf 92' lang='lat' dir='ltr'>et</span> <span class='ocrx_word' id='word_1_754' title='bbox 1916 2069 1979 2099; x_wconf 88' lang='lat' dir='ltr'>iuri</span> <span class='ocrx_word' id='word_1_755' title='bbox 2021 2069 2160 2100; x_wconf 82' lang='lat' dir='ltr'>dicundo</span> 
     </span>
     <span class='ocr_line' id='line_1_104' title="bbox 1205 2112 2159 2155; baseline -0.003 -10"><span class='ocrx_word' id='word_1_756' title='bbox 1205 2121 1370 2155; x_wconf 84' lang='lat' dir='ltr'>praesunt,</span> <span class='ocrx_word' id='word_1_757' title='bbox 1385 2124 1448 2144; x_wconf 93' lang='lat' dir='ltr'>non</span> <span class='ocrx_word' id='word_1_758' title='bbox 1463 2119 1539 2143; x_wconf 86' lang='lat' dir='ltr'>sunt</span> <span class='ocrx_word' id='word_1_759' title='bbox 1552 2113 1739 2153; x_wconf 87' lang='lat' dir='ltr'>plerumque</span> <span class='ocrx_word' id='word_1_760' title='bbox 1752 2112 1887 2143; x_wconf 84' lang='lat' dir='ltr'>audaces</span> <span class='ocrx_word' id='word_1_761' title='bbox 1901 2122 2003 2151; x_wconf 88' lang='lat' dir='ltr'>neque</span> <span class='ocrx_word' id='word_1_762' title='bbox 2018 2112 2056 2142; x_wconf 86' lang='lat' dir='ltr'>ad</span> <span class='ocrx_word' id='word_1_763' title='bbox 2071 2122 2159 2142; x_wconf 85' lang='lat' dir='ltr'>arma</span> 
     </span>
     <span class='ocr_line' id='line_1_105' title="bbox 1205 2155 2157 2194; baseline -0.002 -6"><span class='ocrx_word' id='word_1_764' title='bbox 1205 2157 1373 2188; x_wconf 87' lang='lat' dir='ltr'>tractanda</span> <span class='ocrx_word' id='word_1_765' title='bbox 1398 2156 1529 2192; x_wconf 87' lang='lat' dir='ltr'>habiles,</span> <span class='ocrx_word' id='word_1_766' title='bbox 1559 2156 1613 2186; x_wconf 86' lang='lat' dir='ltr'>sed</span> <span class='ocrx_word' id='word_1_767' title='bbox 1645 2155 1767 2186; x_wconf 78' lang='lat' dir='ltr'>ratione</span> <span class='ocrx_word' id='word_1_768' title='bbox 1798 2161 1828 2185; x_wconf 90' lang='lat' dir='ltr'>et</span> <span class='ocrx_word' id='word_1_769' title='bbox 1851 2155 1982 2185; x_wconf 85' lang='lat' dir='ltr'>consilio</span> <span class='ocrx_word' id='word_1_770' title='bbox 2005 2155 2157 2194; x_wconf 85' lang='lat' dir='ltr'>insigues.</span> 
     </span>
     <span class='ocr_line' id='line_1_106' title="bbox 1206 2197 2159 2239; baseline -0.002 -9"><span class='ocrx_word' id='word_1_771' title='bbox 1206 2200 1293 2239; x_wconf 77' lang='lat' dir='ltr'>Quin</span> <span class='ocrx_word' id='word_1_772' title='bbox 1317 2204 1347 2230; x_wconf 88' lang='lat' dir='ltr'>et</span> <span class='ocrx_word' id='word_1_773' title='bbox 1370 2199 1488 2230; x_wconf 88' lang='lat' dir='ltr'>multos</span> <span class='ocrx_word' id='word_1_774' title='bbox 1511 2199 1594 2229; x_wconf 87' lang='lat' dir='ltr'>viros</span> <span class='ocrx_word' id='word_1_775' title='bbox 1619 2197 1716 2229; x_wconf 86' lang='lat' dir='ltr'>bonos</span> <span class='ocrx_word' id='word_1_776' title='bbox 1740 2197 1850 2227; x_wconf 86' lang='lat' dir='ltr'>videas</span> <span class='ocrx_word' id='word_1_777' title='bbox 1873 2203 1979 2228; x_wconf 87' lang='lat' dir='ltr'>tamen</span> <span class='ocrx_word' id='word_1_778' title='bbox 2004 2207 2066 2227; x_wconf 93' lang='lat' dir='ltr'>non</span> <span class='ocrx_word' id='word_1_779' title='bbox 2091 2208 2159 2228; x_wconf 88' lang='lat' dir='ltr'>esse</span> 
     </span>
     <span class='ocr_line' id='line_1_107' title="bbox 1204 2239 2158 2280; baseline -0.005 -6"><span class='ocrx_word' id='word_1_780' title='bbox 1204 2242 1396 2274; x_wconf 88' lang='lat' dir='ltr'>industrios:</span> <span class='ocrx_word' id='word_1_781' title='bbox 1421 2252 1461 2272; x_wconf 86' lang='lat' dir='ltr'>ex</span> <span class='ocrx_word' id='word_1_782' title='bbox 1484 2241 1599 2280; x_wconf 88' lang='lat' dir='ltr'>quibus</span> <span class='ocrx_word' id='word_1_783' title='bbox 1621 2242 1659 2271; x_wconf 86' lang='lat' dir='ltr'>fit</span> <span class='ocrx_word' id='word_1_784' title='bbox 1682 2240 1771 2271; x_wconf 90' lang='lat' dir='ltr'>nobis</span> <span class='ocrx_word' id='word_1_785' title='bbox 1794 2240 2018 2278; x_wconf 85' lang='lat' dir='ltr'>conspicuum:</span> <span class='ocrx_word' id='word_1_786' title='bbox 2051 2239 2158 2270; x_wconf 88' lang='lat' dir='ltr'>Deum</span> 
     </span>
     <span class='ocr_line' id='line_1_108' title="bbox 1205 2283 2157 2316; baseline -0.004 0"><span class='ocrx_word' id='word_1_787' title='bbox 1205 2285 1458 2316; x_wconf 79' lang='lat' dir='ltr'>extraordinarie</span> <span class='ocrx_word' id='word_1_788' title='bbox 1482 2283 1640 2314; x_wconf 87' lang='lat' dir='ltr'>Davidem</span> <span class='ocrx_word' id='word_1_789' title='bbox 1671 2283 1739 2313; x_wconf 88' lang='lat' dir='ltr'>istis</span> <span class='ocrx_word' id='word_1_790' title='bbox 1771 2283 1942 2313; x_wconf 87' lang='lat' dir='ltr'>virtutibus</span> <span class='ocrx_word' id='word_1_791' title='bbox 1970 2292 2157 2313; x_wconf 81' lang='lat' dir='ltr'>exornasse:</span> 
     </span>
     <span class='ocr_line' id='line_1_109' title="bbox 1204 2324 2158 2368; baseline -0.005 -9"><span class='ocrx_word' id='word_1_792' title='bbox 1204 2338 1284 2368; x_wconf 89' lang='lat' dir='ltr'>quae</span> <span class='ocrx_word' id='word_1_793' title='bbox 1313 2333 1419 2358; x_wconf 89' lang='lat' dir='ltr'>tamen</span> <span class='ocrx_word' id='word_1_794' title='bbox 1444 2327 1474 2357; x_wconf 89' lang='lat' dir='ltr'>in</span> <span class='ocrx_word' id='word_1_795' title='bbox 1503 2326 1557 2356; x_wconf 92' lang='lat' dir='ltr'>illo</span> <span class='ocrx_word' id='word_1_796' title='bbox 1580 2325 1732 2365; x_wconf 86' lang='lat' dir='ltr'>quamdiu</span> <span class='ocrx_word' id='word_1_797' title='bbox 1755 2324 1792 2354; x_wconf 90' lang='lat' dir='ltr'>ad</span> <span class='ocrx_word' id='word_1_798' title='bbox 1818 2335 1934 2364; x_wconf 86' lang='lat' dir='ltr'>pascua</span> <span class='ocrx_word' id='word_1_799' title='bbox 1967 2325 2050 2355; x_wconf 87' lang='lat' dir='ltr'>sedit</span> <span class='ocrx_word' id='word_1_800' title='bbox 2080 2335 2158 2364; x_wconf 90' lang='lat' dir='ltr'>quo-</span> 
     </span>
     <span class='ocr_line' id='line_1_110' title="bbox 1205 2367 2159 2407; baseline -0.004 -6"><span class='ocrx_word' id='word_1_801' title='bbox 1205 2369 1374 2401; x_wconf 86' lang='lat' dir='ltr'>dammodo</span> <span class='ocrx_word' id='word_1_802' title='bbox 1401 2368 1688 2400; x_wconf 89' lang='lat' dir='ltr'>contemnebantur</span> <span class='ocrx_word' id='word_1_803' title='bbox 1711 2375 1743 2398; x_wconf 86' lang='lat' dir='ltr'>et</span> <span class='ocrx_word' id='word_1_804' title='bbox 1766 2367 1970 2398; x_wconf 84' lang='lat' dir='ltr'>vilescebant.</span> <span class='ocrx_word' id='word_1_805' title='bbox 1997 2367 2091 2398; x_wconf 91' lang='lat' dir='ltr'>Unde</span> <span class='ocrx_word' id='word_1_806' title='bbox 2106 2377 2159 2407; x_wconf 88' lang='lat' dir='ltr'>ap-</span> 
     </span>
     <span class='ocr_line' id='line_1_111' title="bbox 1204 2409 2159 2453; baseline -0.004 -9"><span class='ocrx_word' id='word_1_807' title='bbox 1204 2416 1296 2453; x_wconf 84' lang='lat' dir='ltr'>paret</span> <span class='ocrx_word' id='word_1_808' title='bbox 1323 2422 1436 2443; x_wconf 90' lang='lat' dir='ltr'>verum</span> <span class='ocrx_word' id='word_1_809' title='bbox 1466 2411 1497 2441; x_wconf 92' lang='lat' dir='ltr'>id</span> <span class='ocrx_word' id='word_1_810' title='bbox 1528 2421 1596 2441; x_wconf 85' lang='lat' dir='ltr'>esse</span> <span class='ocrx_word' id='word_1_811' title='bbox 1628 2410 1711 2449; x_wconf 87' lang='lat' dir='ltr'>quod</span> <span class='ocrx_word' id='word_1_812' title='bbox 1742 2410 1835 2449; x_wconf 84' lang='lat' dir='ltr'>paulo</span> <span class='ocrx_word' id='word_1_813' title='bbox 1867 2416 1941 2440; x_wconf 88' lang='lat' dir='ltr'>ante</span> <span class='ocrx_word' id='word_1_814' title='bbox 1969 2409 2046 2446; x_wconf 87' lang='lat' dir='ltr'>dixi,</span> <span class='ocrx_word' id='word_1_815' title='bbox 2077 2410 2159 2441; x_wconf 89' lang='lat' dir='ltr'>dona</span> 
     </span>
     <span class='ocr_line' id='line_1_112' title="bbox 1205 2452 2159 2492; baseline -0.003 -6"><span class='ocrx_word' id='word_1_816' title='bbox 1205 2456 1266 2487; x_wconf 90' lang='lat' dir='ltr'>Dei</span> <span class='ocrx_word' id='word_1_817' title='bbox 1291 2455 1365 2485; x_wconf 90' lang='lat' dir='ltr'>licet</span> <span class='ocrx_word' id='word_1_818' title='bbox 1387 2455 1419 2484; x_wconf 90' lang='lat' dir='ltr'>in</span> <span class='ocrx_word' id='word_1_819' title='bbox 1440 2453 1550 2484; x_wconf 88' lang='lat' dir='ltr'>multis</span> <span class='ocrx_word' id='word_1_820' title='bbox 1568 2454 1745 2492; x_wconf 85' lang='lat' dir='ltr'>conspicua,</span> <span class='ocrx_word' id='word_1_821' title='bbox 1769 2462 1831 2482; x_wconf 90' lang='lat' dir='ltr'>non</span> <span class='ocrx_word' id='word_1_822' title='bbox 1852 2457 1959 2482; x_wconf 87' lang='lat' dir='ltr'>tamen</span> <span class='ocrx_word' id='word_1_823' title='bbox 1982 2463 2038 2491; x_wconf 89' lang='lat' dir='ltr'>pro</span> <span class='ocrx_word' id='word_1_824' title='bbox 2058 2452 2159 2492; x_wconf 87' lang='lat' dir='ltr'>‹ligni-</span> 
     </span>
     <span class='ocr_line' id='line_1_113' title="bbox 1206 2495 2159 2536; baseline -0.003 -7"><span class='ocrx_word' id='word_1_825' title='bbox 1206 2504 1270 2529; x_wconf 83' lang='lat' dir='ltr'>tatc</span> <span class='ocrx_word' id='word_1_826' title='bbox 1302 2497 1409 2536; x_wconf 86' lang='lat' dir='ltr'>recipi,</span> <span class='ocrx_word' id='word_1_827' title='bbox 1440 2502 1472 2527; x_wconf 88' lang='lat' dir='ltr'>et</span> <span class='ocrx_word' id='word_1_828' title='bbox 1500 2496 1666 2526; x_wconf 70' lang='lat' dir='ltr'>hominum</span> <span class='ocrx_word' id='word_1_829' title='bbox 1691 2495 1921 2534; x_wconf 89' lang='lat' dir='ltr'>ingratitudine</span> <span class='ocrx_word' id='word_1_830' title='bbox 1944 2495 2012 2525; x_wconf 91' lang='lat' dir='ltr'>fieri</span> <span class='ocrx_word' id='word_1_831' title='bbox 2037 2500 2072 2526; x_wconf 84' lang='lat' dir='ltr'>ut</span> <span class='ocrx_word' id='word_1_832' title='bbox 2095 2506 2159 2526; x_wconf 93' lang='lat' dir='ltr'>non</span> 
     </span>
     <span class='ocr_line' id='line_1_114' title="bbox 1206 2537 2158 2581; baseline -0.004 -9"><span class='ocrx_word' id='word_1_833' title='bbox 1206 2544 1431 2581; x_wconf 79' lang='lat' dir='ltr'>agnoscantur.</span> <span class='ocrx_word' id='word_1_834' title='bbox 1478 2539 1599 2568; x_wconf 88' lang='lat' dir='ltr'>Verum</span> <span class='ocrx_word' id='word_1_835' title='bbox 1631 2538 1794 2569; x_wconf 91' lang='lat' dir='ltr'>enimvero</span> <span class='ocrx_word' id='word_1_836' title='bbox 1825 2537 1898 2568; x_wconf 89' lang='lat' dir='ltr'>licet</span> <span class='ocrx_word' id='word_1_837' title='bbox 1927 2537 1973 2568; x_wconf 86' lang='lat' dir='ltr'>ita</span> <span class='ocrx_word' id='word_1_838' title='bbox 1996 2537 2074 2568; x_wconf 81' lang='lat' dir='ltr'>haee</span> <span class='ocrx_word' id='word_1_839' title='bbox 2097 2549 2158 2568; x_wconf 90' lang='lat' dir='ltr'>usu</span> 
     </span>
     <span class='ocr_line' id='line_1_115' title="bbox 1206 2579 2160 2618; baseline -0.003 -4"><span class='ocrx_word' id='word_1_840' title='bbox 1206 2583 1348 2618; x_wconf 80' lang='lat' dir='ltr'>veniant,</span> <span class='ocrx_word' id='word_1_841' title='bbox 1379 2582 1466 2612; x_wconf 79' lang='lat' dir='ltr'>viros</span> <span class='ocrx_word' id='word_1_842' title='bbox 1496 2587 1602 2611; x_wconf 86' lang='lat' dir='ltr'>tamen</span> <span class='ocrx_word' id='word_1_843' title='bbox 1626 2580 1724 2611; x_wconf 90' lang='lat' dir='ltr'>bonos</span> <span class='ocrx_word' id='word_1_844' title='bbox 1747 2580 1861 2618; x_wconf 89' lang='lat' dir='ltr'>quibus</span> <span class='ocrx_word' id='word_1_845' title='bbox 1884 2590 1942 2611; x_wconf 87' lang='lat' dir='ltr'>sua</span> <span class='ocrx_word' id='word_1_846' title='bbox 1964 2579 2046 2611; x_wconf 85' lang='lat' dir='ltr'>dona</span> <span class='ocrx_word' id='word_1_847' title='bbox 2069 2580 2160 2611; x_wconf 87' lang='lat' dir='ltr'>Deus</span> 
     </span>
     <span class='ocr_line' id='line_1_116' title="bbox 1206 2622 2159 2663; baseline -0.003 -6"><span class='ocrx_word' id='word_1_848' title='bbox 1206 2625 1374 2661; x_wconf 85' lang='lat' dir='ltr'>distribuit,</span> <span class='ocrx_word' id='word_1_849' title='bbox 1395 2624 1482 2655; x_wconf 86' lang='lat' dir='ltr'>decet</span> <span class='ocrx_word' id='word_1_850' title='bbox 1501 2624 1595 2655; x_wconf 87' lang='lat' dir='ltr'>istam</span> <span class='ocrx_word' id='word_1_851' title='bbox 1614 2622 1879 2663; x_wconf 86' lang='lat' dir='ltr'>ingratitudinem</span> <span class='ocrx_word' id='word_1_852' title='bbox 1900 2623 2059 2663; x_wconf 86' lang='lat' dir='ltr'>patienter</span> <span class='ocrx_word' id='word_1_853' title='bbox 2077 2623 2159 2654; x_wconf 86' lang='lat' dir='ltr'>ferre</span> 
     </span>
    </p>
   </div>
  </div>
 </body>
</html>
