2551 3044
345 199 386 230 55

347 293 464 334 quibus
494 292 723 323 sacrificiorum
754 290 872 322 veritas
901 295 933 322 et
963 290 1152 331 simplicitas
1182 287 1306 319 adulte-

349 343 494 367 raretur:
518 334 655 375 singulis
678 333 717 364 ad
742 343 840 364 novos
863 332 945 364 ritus
963 343 1041 372 quos
1059 333 1119 364 sibi
1139 331 1307 362 finxissent

351 378 534 415 deflexuris,
568 385 600 408 et
634 388 673 408 ex
707 376 838 407 arbitrio
871 386 928 406 suo
962 375 1032 406 Deo
1065 374 1241 411 servituris,
1275 378 1334 411 et,

350 420 455 452 cultus
488 420 590 451 divini
626 429 725 450 novas
762 418 901 450 rationes
934 418 1141 449 instituturis.
1187 414 1335 461 Quam-fi

351 463 460 494 obrem
494 463 521 494 si
554 461 633 494 Saul
667 471 787 492 novum
823 460 922 492 altare
956 461 1178 498 exstruxisset,
1219 457 1334 496 nulla,

352 505 558 537 excusatione
582 505 702 536 factum
725 513 878 536 excusare
902 504 1066 543 potuisset,
1090 502 1173 543 quod
1197 506 1308 533 contra
1332 502 1335 536 ἓ

351 548 546 589 legislatoris
581 547 699 579 summi
737 546 934 578 voluntatem
973 546 1072 577 altare
1103 544 1335 603 aedificassessi

352 590 570 631 populumque
589 591 621 621 in
641 599 783 620 errorem
801 596 834 620 et
847 589 1105 628 superstitionem
1120 587 1306 618 induxisset.

353 634 447 665 Licet
479 634 585 673 itaque
611 633 727 663 bonum
752 632 848 663 finem
871 631 963 663 istius
987 631 1098 662 altaris
1121 628 1307 661 aedificandi

354 676 434 708 Saul
464 675 525 708 sibi
549 675 775 715 proposuisset,
807 684 920 714 nempe
942 674 1108 715 solennem
1132 673 1307 712 gratiarum

353 720 510 751 actionem
545 728 602 758 pro
636 717 750 758 adepta
784 717 924 753 victoria,
958 727 1051 756 quam
1086 716 1145 746 sibi
1176 714 1308 746 coelitus

353 761 520 793 advenisse
551 761 734 800 profitetur:
770 768 875 790 tamen
907 759 1017 790 debuit
1047 765 1171 789 tantum
1203 757 1307 788 obiter

354 804 494 845 aggestis
527 803 717 843 quibusdam
748 801 907 843 lapidibus
937 809 967 832 et
998 801 1098 842 glebis
1121 800 1308 837 sacrificare,

354 855 389 878 ut
425 847 505 878 sacto
535 846 690 877 sacrificio
719 852 870 886 congesta
898 845 1032 875 materia
1061 843 1307 883 dispergeretur,

355 900 395 920 ne
431 890 462 919 in
496 895 660 928 posterum
692 888 757 919 ulla
786 892 991 919 remanerent
1021 887 1131 918 altaris
1163 885 1307 925 vestigia.

354 931 469 972 Itaque
500 931 526 962 si
551 930 614 963 tale
636 931 737 962 altare
759 930 939 962 construxit
962 929 1041 961 Saul
1064 927 1309 968 reprehenditur

357 975 416 1006 hoc
447 974 514 1005 loco
537 973 576 1005 ob
599 977 821 1006 constructum
844 972 956 1012 altare,
989 973 1078 1003 cuius
1101 972 1201 1002 instar
1223 969 1308 1001 aedi-

357 1017 419 1048 ficii
450 1022 613 1048 structura
642 1022 860 1056 permaneret:
895 1025 977 1055 quae
1006 1016 1038 1045 in
1062 1015 1195 1045 abusum
1219 1012 1309 1044 dein-

354 1070 429 1100 ceps
458 1065 489 1090 et
517 1059 760 1099 superstitiones
792 1058 956 1089 transferri
987 1062 1118 1097 poterat.
1163 1056 1213 1087 Ex
1237 1055 1308 1095 qui—

354 1102 413 1133 bus
437 1109 569 1142 apparet
592 1108 787 1142 quantopere
809 1111 924 1132 cavere
948 1099 1126 1136 debeamus,
1151 1110 1190 1129 ne
1212 1108 1307 1139 quam

354 1145 490 1185 posteris
523 1145 720 1176 occasionem
749 1143 969 1183 relinquamus
992 1154 1010 1173 a
1033 1148 1119 1173 recta
1143 1142 1194 1172 via
1217 1141 1307 1172 aber-

355 1187 460 1225 randi,
482 1192 513 1218 et
533 1197 552 1218 a
572 1187 659 1218 verbi
679 1186 777 1217 divini
797 1185 1003 1225 simplicitate
1022 1184 1198 1216 recedendi.
1223 1183 1308 1215 Sunt

355 1230 441 1261 enim
477 1229 624 1261 homines
647 1235 762 1260 natura
785 1229 919 1259 nimium
943 1227 1101 1268 proclives
1132 1227 1170 1258 ud
1201 1237 1308 1266 super-

354 1273 535 1304 stitionem:
566 1277 598 1304 et
621 1271 759 1312 aliquam
783 1270 962 1302 libertatem
985 1270 1129 1306 assecuti,
1160 1271 1190 1300 in
1215 1279 1309 1300 omne

355 1315 516 1356 flagitium
547 1321 655 1346 ruunt.
701 1313 918 1353 Quamobrem
949 1312 1122 1353 singularis
1144 1312 1195 1344 hic
1218 1311 1307 1343 adhi-

358 1357 462 1389 benda
493 1357 665 1397 prudentia
688 1362 719 1388 et
743 1356 847 1388 cautio
871 1362 927 1391 est,
958 1366 997 1386 ne
1021 1355 1075 1395 qui
1099 1355 1178 1386 ritus
1201 1355 1233 1386 in
1259 1365 1308 1386 ec-

358 1400 488 1432 clesiam
512 1399 716 1437 inducantur,
746 1399 860 1439 quibus
884 1397 946 1429 Dei
969 1398 1074 1430 cultus
1098 1398 1197 1438 possit
1219 1397 1307 1428 adul-

358 1443 465 1481 terari,
496 1449 527 1473 et
558 1442 702 1473 homines
732 1452 750 1472 a
781 1451 856 1472 vera
886 1440 1039 1481 religione
1069 1441 1100 1471 in
1130 1451 1230 1471 vanas
1260 1451 1309 1472 su-

357 1485 562 1526 perstitiones
592 1484 715 1521 abduci,
750 1490 783 1515 ut
810 1484 869 1514 sibi
901 1494 1015 1514 novam
1047 1483 1230 1523 religionem
1256 1483 1309 1514 ho-

358 1528 462 1559 mines
490 1528 623 1568 fingant,
655 1533 685 1558 et
715 1538 732 1558 a
761 1526 964 1566 simplicitate
994 1525 1080 1557 verbi
1103 1526 1202 1557 divini
1227 1536 1310 1557 rece-

359 1570 446 1601 dant.
491 1571 534 1601 Et
557 1570 595 1601 de
618 1570 710 1601 istius
730 1569 839 1600 altaris
862 1568 1079 1600 exstructione
1103 1569 1266 1600 hactenus.

444 1612 598 1652 Sequitur
627 1612 774 1652 deinceps
804 1611 995 1643 deliberasse
1025 1611 1156 1642 Saulem
1180 1611 1216 1641 de
1240 1621 1308 1651 per-

359 1655 529 1695 sequendis
553 1655 696 1686 hostibus
719 1659 823 1685 noctu.
867 1653 962 1686 Unde
985 1660 1115 1694 apparet
1134 1655 1232 1693 ipsius
1251 1654 1310 1685 for-

359 1698 472 1733 titudo,
507 1704 541 1729 ut
576 1708 639 1728 non
674 1697 729 1728 abs
762 1707 796 1728 re
830 1708 848 1727 a
878 1695 1018 1728 Domino
1041 1704 1123 1728 esset
1146 1697 1179 1727 in
1204 1707 1310 1737 regem

360 1741 490 1772 electus.
536 1740 618 1771 Nam
659 1740 718 1771 etsi
759 1744 860 1770 totum
894 1739 976 1770 diem
1010 1739 1207 1775 conflixerat,
1252 1738 1311 1770 sibi

361 1790 468 1815 tamen
490 1794 551 1814 non
571 1783 680 1823 parcit,
701 1793 758 1814 nec
775 1782 868 1822 genio
887 1780 1049 1822 indulget:
1069 1781 1125 1813 sed
1146 1782 1310 1812 victoriam

363 1826 451 1866 cupit
473 1826 630 1865 persequi,
654 1830 690 1856 ut
713 1830 802 1856 tanta
825 1830 932 1865 strage
956 1824 1145 1856 Philistaeos
1167 1825 1312 1856 conficiat

363 1880 401 1900 ne
425 1868 564 1908 amplius
587 1868 741 1899 adversus
763 1867 928 1899 Israelitas
952 1867 1070 1898 bellum
1095 1866 1312 1907 redintegrare

364 1912 493 1952 possint.
540 1910 718 1942 Laudanda
741 1920 817 1942 sane
841 1911 873 1941 in
896 1919 930 1941 se
954 1909 1073 1941 virtus:
1105 1909 1159 1941 scd
1183 1910 1311 1940 interim

363 1954 571 1993 conspicuum
602 1953 633 1984 in
665 1954 732 1993 ipso
762 1953 798 1984 fit
828 1963 909 1993 quae
939 1952 980 1984 sit
1009 1952 1175 1983 hominum
1200 1952 1311 1989 virtus,

361 2007 462 2037 quum
485 2006 560 2027 suae
584 1995 760 2027 industriae
779 2000 835 2026 aut
853 1994 1042 2036 prudentiae
1060 2002 1091 2026 et
1110 1994 1313 2026 facultatibus

361 2039 482 2071 fidunt:
505 2038 762 2079 quandoquidem
785 2038 818 2069 in
842 2039 910 2079 ipso
933 2037 1043 2069 limine
1065 2037 1173 2069 statim
1198 2038 1312 2077 impin-

362 2087 458 2124 gunt:
489 2080 572 2121 quod
602 2081 682 2112 nihil
713 2081 835 2121 possint
859 2090 916 2112 nec
939 2080 1075 2111 debeant
1098 2080 1228 2120 aggredi
1253 2081 1312 2111 nisi

362 2125 452 2165 prius
489 2124 634 2155 invocato
666 2123 727 2154 Dei
758 2124 894 2155 nomine.
938 2123 1020 2154 Tum
1048 2123 1155 2163 itaque
1185 2121 1312 2153 demum

363 2166 566 2199 consiliorum
600 2171 631 2197 et
664 2167 824 2197 rationum
859 2171 1041 2197 nostrarum
1075 2165 1152 2196 felix
1187 2165 1313 2196 futurus

364 2216 411 2241 est
430 2210 536 2240 exitus
555 2209 581 2240 si
600 2209 688 2240 Deus
709 2209 776 2249 ipse
796 2219 853 2240 nos
874 2214 971 2249 regat,
991 2214 1021 2239 et
1035 2207 1314 2240 deliberationibus

363 2253 492 2293 praesit.
537 2250 630 2290 Quod
654 2251 780 2291 quidem
806 2261 898 2282 nemo
921 2251 1102 2291 impetrarit
1121 2250 1181 2281 nisi
1202 2250 1314 2281 arden·
1338 2254 1339 2262 ¹

364 2295 449 2326 tibus
468 2294 506 2325 ad
529 2294 632 2325 Deum
654 2294 734 2325 votis
753 2294 926 2334 confugiat,
946 2299 976 2325 et
996 2294 1193 2325 voluntatem
1213 2293 1314 2333 ipsius
1339 2315 1341 2329 .

365 2338 536 2377 diligenter
580 2337 766 2375 interroget.
813 2336 921 2375 Quare
962 2336 1013 2368 hic
1049 2335 1174 2376 quidem
1210 2335 1315 2367 Saulis

365 2380 520 2420 quaedam
552 2385 682 2419 apparet
714 2379 814 2410 virtus
836 2384 867 2410 et
889 2379 1139 2419 magnanimitas
1159 2388 1216 2409 sua
1238 2388 1315 2410 sane

364 2422 458 2454 laude
482 2422 594 2462 digna:
619 2421 672 2453 sed
697 2422 846 2461 quoniam
871 2422 1016 2462 precibus
1036 2421 1140 2452 Deum
1160 2420 1316 2453 advocare

365 2465 477 2497 ducem
509 2475 572 2495 non
602 2464 756 2500 meminit,
788 2464 942 2496 fortitudo
966 2464 1019 2495 illa
1042 2475 1099 2504 per
1121 2475 1153 2496 sc
1176 2463 1314 2504 alioquin

364 2506 635 2543 commendabilis,
666 2517 728 2537 non
754 2512 855 2546 potest
880 2508 939 2538 nisi
965 2507 1148 2547 vituperari,
1171 2512 1201 2537 et
1219 2511 1316 2538 teme-

368 2551 445 2581 ritas
474 2549 579 2590 potius
602 2559 697 2589 quam
721 2549 888 2581 laudabilis
913 2548 1044 2582 audacia
1068 2550 1144 2582 dici:
1176 2548 1315 2590 quando-

368 2592 494 2631 quidem
518 2591 556 2623 de
580 2592 640 2622 Dei
664 2592 765 2632 gloria
788 2598 819 2623 et
841 2592 961 2623 honore
985 2592 1121 2623 multum
1146 2602 1182 2623 ea
1196 2592 1316 2623 ratione

368 2635 556 2665 detrahitur.
602 2633 818 2673 Quamobrem
850 2636 931 2666 serio
963 2634 1000 2666 de
1030 2635 1122 2666 nobis
1152 2634 1202 2666 hic
1232 2634 1315 2675 cogi-
1339 2641 1343 2663 1

1158 193 1360 227 HOMILIA
1382 193 1510 226 XLIX.

2273 193 2313 224 56

1358 287 1493 319 tandum
1517 293 1575 326 est,
1597 297 1633 319 ac
1656 294 1752 328 prout
1775 288 1909 328 quisque
1933 286 1986 318 vel
2005 286 2144 327 ingenio,
2168 286 2220 317 vel
2240 296 2316 318 con-

1358 330 1428 362 silio
1456 336 1487 361 et
1515 329 1696 370 prudentia,
1727 330 1777 362 vel
1809 330 1940 366 viribus,
1973 328 2022 359 vel
2053 329 2188 360 audacia
2210 329 2315 361 excel-

1358 373 1465 410 luerit,
1489 372 1679 413 cavendum,
1703 383 1742 403 ne
1766 382 1849 404 vana
1867 379 1899 404 et
1918 371 2004 403 inani
2024 371 2126 413 gloria
2145 371 2314 403 efferatur:

1360 421 1393 447 et
1416 426 1455 446 ne
1479 414 1554 455 quid
1579 420 1698 446 temere
1723 415 1783 446 nisi
1814 415 1904 455 prius
1933 415 2080 446 invocato
2103 413 2163 444 Dei
2187 414 2316 446 nomine

1359 457 1528 498 suscipiat:
1562 467 1598 489 ac
1629 457 1703 489 licet
1726 458 1850 489 viribus
1873 457 1999 498 polleat,
2034 457 2119 488 intra
2141 456 2316 488 modestiae

1359 506 1468 531 tamen
1498 501 1653 532 terminos
1682 510 1716 532 se
1738 501 1909 538 contineat,
1945 506 1978 531 ut
2001 510 2040 531 ne
2062 499 2161 530 latum
2185 499 2315 539 quidem

1359 542 1473 583 pedem
1497 542 1599 580 abeat,
1624 543 1801 584 digitumve
1824 548 1961 580 moveat,
1995 542 2055 573 nisi
2079 542 2168 582 prius
2191 542 2230 573 de
2255 542 2316 573 Dei

1359 585 1526 617 voluntate
1555 585 1673 617 certior
1702 586 1814 622 factus,
1844 586 1936 618 cuius
1967 585 2064 616 unius
2095 585 2242 625 auspiciis
2267 595 2315 616 re-

1360 634 1466 669 gatur.
1511 628 1658 668 Denique
1686 628 1833 660 discunto
1856 638 1966 659 omnes
1989 638 2058 659 sese
2081 628 2127 658 ita
2149 628 2316 659 continere

1360 672 1393 702 in
1423 671 1527 702 officio
1550 676 1588 701 ut
1611 670 1692 702 nihil
1715 671 1830 710 ausint,
1860 670 1941 701 nihil
1964 670 2202 711 aggrediantur,
2231 670 2316 711 quod

1361 724 1423 744 non
1458 714 1525 753 ipse
1559 713 1648 754 prius
1681 713 1820 745 iusserit.
1866 713 2025 753 Exemplo
2058 718 2125 744 esto
2159 712 2238 744 Saul
2263 713 2315 745 hic

1360 755 1541 788 deliberans
1564 755 1603 787 de
1626 756 1852 796 persequendis
1872 755 2026 794 hostibus,
2048 755 2164 796 populo
2182 766 2314 787 consen-

1360 799 1468 836 tiente,
1510 804 1541 830 et
1579 809 1612 830 se
1652 798 1691 830 ad
1725 798 1832 830 hostes
1865 797 2077 838 insequendos
2099 805 2313 838 comparante.

1361 840 1426 874 Sed
1456 852 1550 881 quem
1581 840 1727 873 sacerdos
1754 841 1897 873 cohibuit
1927 846 1957 871 et
1981 841 2159 877 revocavit,
2190 841 2316 881 Deique

1361 884 1561 915 voluntatem
1590 884 1789 924 interrogare
1812 889 1842 915 et
1866 883 2033 923 explorare
2056 883 2158 915 iussit.
2203 883 2315 922 Porro,

1361 932 1395 958 ut
1425 933 1498 957 ante
1522 926 1671 963 diximus,
1702 926 1838 966 speciale
1862 927 1921 957 fuit
1944 926 2007 957 illis
2031 926 2228 966 temporibus
2250 927 2315 966 pri-

1361 969 1514 1009 vilegium
1544 969 1660 1009 populo
1683 979 1881 1006 concessum,
1911 974 1947 999 ut
1970 969 2064 999 rebus
2088 968 2192 1000 dubiis
2215 975 2247 1000 et
2270 969 2317 1000 in-

1361 1013 1457 1044 certis
1482 1012 1542 1042 Dei
1566 1011 1717 1043 voluntas
1740 1022 1795 1052 per
1818 1011 1921 1052 ephod
1943 1011 2175 1052 exploraretur,
2199 1018 2231 1043 et
2250 1011 2316 1043 Do-

1361 1055 1467 1086 minus
1491 1054 1566 1094 quid
1591 1054 1709 1085 factum
1733 1054 1829 1085 vellet
1848 1055 2111 1094 interrogaretur.
2158 1054 2317 1086 Sacerdos

1361 1098 1446 1129 enim
1477 1107 1599 1128 sacram
1631 1096 1718 1127 illam
1748 1097 1898 1132 tunicam,
1929 1107 2009 1136 quae
2032 1096 2135 1136 ephod
2159 1096 2245 1129 dicta
2267 1102 2318 1129 est

1360 1140 1553 1171 induebatur
1579 1138 1617 1170 ad
1648 1139 1755 1170 Deum
1787 1149 1984 1171 accessurus:
2014 1147 2044 1170 et
2073 1149 2106 1171 se
2137 1141 2175 1170 ad
2209 1150 2316 1172 arcam

1361 1183 1502 1218 sistebat,
1533 1181 1617 1213 unde
1642 1182 1731 1213 Deus
1754 1192 1942 1223 responsum
1966 1181 2070 1219 dabat,
2102 1188 2133 1213 et
2155 1182 2231 1222 quid
2254 1182 2318 1214 fac-

1361 1232 1429 1257 tum
1454 1225 1549 1256 vellet
1573 1224 1786 1265 significabat.
1831 1225 1882 1255 Ex
1905 1225 1970 1261 illo,
2001 1224 2143 1265 inquam,
2174 1236 2262 1257 more
2285 1231 2317 1257 et

1360 1269 1423 1299 ritu
1443 1267 1590 1299 sacerdos
1610 1267 1740 1299 Saulem
1760 1267 1799 1298 ab
1823 1267 1970 1298 instituto
1993 1274 2119 1299 revocat
2147 1268 2317 1309 Deumque

1361 1312 1560 1352 interrogare
1590 1309 1693 1341 iubet:
1727 1315 1764 1340 ut
1787 1310 1812 1341 si
1837 1310 1926 1341 Deus
1948 1310 2185 1350 persequendos
2209 1310 2318 1343 hostes

1362 1353 1538 1390 declararit,
1569 1353 1627 1384 toti
1656 1353 1689 1383 in
1712 1352 1804 1383 illum
1827 1352 2031 1391 recumbant,
2064 1352 2232 1393 Deumque
2256 1353 2317 1384 sibi

1361 1396 1576 1437 persuadeant
1598 1405 1785 1436 prosperum
1809 1396 1930 1426 exitum
1949 1395 2107 1432 daturum,
2132 1395 2214 1435 quod
2235 1396 2317 1427 nihil

1361 1439 1423 1470 nisi
1458 1439 1556 1478 ipsius
1586 1438 1683 1469 ductu
1714 1438 1920 1478 susceperint,
1957 1439 2085 1478 eiusque
2118 1438 2316 1470 voluntatem

1362 1481 1597 1521 inquisiverint.
1645 1479 1729 1512 Sane
1768 1480 1869 1511 fateor
1910 1486 2053 1512 nostram
2096 1481 2190 1512 hodie
2224 1481 2317 1513 dissi-

1362 1525 1468 1555 milem
1494 1534 1562 1554 esse
1585 1523 1817 1555 conditionem:
1840 1533 1944 1563 neque
1968 1523 2053 1554 enim
2077 1523 2255 1564 peculiares
2278 1523 2317 1556 de

1362 1566 1457 1598 rebus
1487 1566 1623 1607 singulis
1653 1565 1864 1597 revelationes
1895 1565 1986 1597 nobis
2017 1565 2106 1597 Deus
2130 1566 2199 1597 dat:
2234 1567 2318 1607 quod

1362 1616 1469 1641 tamen
1502 1609 1674 1640 molestum
1705 1608 1796 1639 nobis
1819 1619 1888 1640 esse
1911 1619 1974 1640 non
1999 1608 2127 1640 debeat:
2159 1609 2317 1649 siquidem

1363 1653 1414 1684 vel
1438 1652 1566 1683 unicum
1590 1651 1724 1683 verbum
1748 1650 1894 1683 sufficere
1918 1651 2011 1682 debet
2034 1661 2096 1691 quo
2120 1652 2181 1683 Dei
2205 1652 2319 1684 volun-

1362 1701 1461 1727 tatem
1485 1694 1635 1726 docemur
1658 1694 1691 1725 in
1712 1693 1878 1734 evangelio
1901 1694 1959 1725 filii
1978 1695 2036 1733 sui,
2060 1694 2319 1735 quandoquidem

1363 1738 1455 1779 longe
1485 1737 1703 1777 praestantius
1733 1735 1811 1767 illud
1843 1742 1888 1768 est
1919 1747 2012 1776 quam
2044 1737 2186 1777 reliquae
2209 1748 2319 1769 omnes

1366 1780 1577 1813 revelationes
1599 1789 1803 1820 quascunque
1823 1779 1953 1810 tandem
1973 1780 2210 1820 expetierimus.
2235 1780 2319 1812 Nam

1363 1824 1421 1855 etsi
1454 1822 1638 1863 prophetias
1668 1832 1733 1853 non
1763 1821 1936 1853 habeamus
1965 1822 2074 1862 quales
2104 1823 2233 1854 fuerunt
2260 1823 2319 1854 sub

1364 1867 1442 1907 lege,
1487 1871 1594 1896 tamen
1636 1864 1755 1905 aliquid
1789 1865 1927 1905 amplius
1960 1864 2122 1903 habemns,
2168 1865 2320 1896 nimirum

1364 1908 1590 1950 perfectionem
1615 1907 1702 1938 illam
1725 1907 1887 1939 doctrinae
1910 1908 1942 1938 in
1965 1918 2028 1948 qua
2051 1906 2318 1948 acquiescendum

1365 1952 1454 1983 nobis
1478 1956 1534 1982 est.
1579 1950 1650 1981 Etsi
1680 1950 1765 1981 enim
1797 1960 1859 1980 non
1888 1951 2044 1991 contingit
2074 1951 2136 1981 iam
2168 1951 2200 1981 in
2223 1950 2319 1982 rebus

1365 1995 1482 2026 nostris
1505 1993 1649 2034 angustis
1673 1992 1702 2023 id
1727 1993 1849 2032 assequi
1869 1993 1952 2033 quod
1973 1993 2109 2033 populus
2127 1993 2319 2025 israeliticus

1364 2037 1552 2073 obtinuerat,
1583 2041 1619 2066 ut
1649 2035 1781 2066 Domini
1805 2035 2003 2066 voluntatem
2034 2036 2256 2076 interrogaret,
2285 2039 2319 2066 et

1366 2080 1454 2111 Deus
1482 2078 1557 2119 quid
1587 2079 1668 2109 facto
1691 2086 1774 2109 esset
1797 2088 1875 2118 opus
1899 2078 2074 2109 revelaret:
2104 2084 2210 2109 tamen
2233 2077 2318 2118 quod

1365 2123 1459 2163 longe
1482 2125 1531 2152 est
1553 2121 1724 2161 pretiosius
1747 2121 1937 2159 obtinemus,
1959 2131 2074 2161 nempe
2093 2121 2206 2152 factam
2227 2120 2318 2152 nobis

1367 2164 1615 2205 promissionem,
1639 2163 1745 2194 Deum
1769 2174 1803 2194 se
1826 2164 1858 2194 in
1880 2164 2065 2204 integritate
2085 2168 2116 2194 et
2134 2163 2318 2194 sinceritate

1367 2207 1594 2247 quaerentibus
1617 2206 1783 2238 consilium
1808 2206 1967 2244 daturum,
1989 2211 2020 2237 et
2038 2206 2071 2236 in
2091 2205 2239 2237 omnibus
2257 2206 2319 2237 viis

1367 2251 1577 2282 directurum:
1606 2248 1698 2280 modo
1721 2248 1760 2280 ad
1784 2249 1886 2289 ipsum
1911 2259 1951 2280 ex
1975 2249 2073 2288 ipsius
2096 2249 2186 2279 verbi
2209 2259 2319 2289 praes-

1366 2293 1467 2333 cripto
1506 2292 1702 2333 confugiant.
1747 2290 1996 2322 Observandum
2030 2291 2115 2322 enim
2154 2291 2320 2323 Israelitas

1367 2346 1428 2366 non
1460 2334 1610 2366 habuisse
1635 2340 1699 2365 tam
1723 2334 1933 2374 perspicuam,
1964 2344 2066 2374 neque
2091 2339 2155 2364 tam
2179 2333 2320 2374 amplam

1367 2383 1396 2408 ct
1431 2377 1601 2418 perfectam
1637 2377 1879 2408 instructionem
1913 2386 2007 2416 quam
2038 2376 2192 2408 habemus
2215 2376 2318 2408 hodie.

1368 2420 1448 2451 Nam
1469 2420 1630 2451 Samuelis
1648 2424 1789 2460 tempore
1809 2418 1887 2449 nihil
1908 2418 1969 2450 nisi
1984 2418 2033 2449 lex
2048 2419 2179 2450 Domini
2193 2419 2319 2460 scriptis

1367 2469 1435 2493 erat
1457 2462 1619 2493 traditum.
1657 2462 1722 2493 Nos
1743 2472 1816 2492 vero
1836 2461 1934 2492 libros
1953 2461 2190 2501 prophetarum,
2210 2462 2320 2493 libros-

1368 2516 1427 2545 que
1450 2505 1625 2543 historicos,
1649 2505 1763 2546 quibus
1782 2504 1896 2544 prioris
1914 2503 2000 2535 illius
2013 2504 2163 2535 ecclesiae
2175 2505 2319 2545 regimen

1369 2554 1398 2578 et
1422 2547 1578 2578 institutio
1603 2548 1741 2585 docetur,
1769 2546 1961 2586 tandemque
1985 2547 2103 2587 scripta
2126 2547 2319 2588 evangelica,

1368 2590 1481 2630 quibus
1506 2590 1687 2621 divinarum
1710 2589 1956 2630 promissionum
1978 2589 2119 2630 impletio
2138 2591 2320 2620 continetur

1370 2633 1532 2663 habemus.
1577 2632 1684 2672 Quare
1708 2631 1798 2663 nobis
1817 2632 1877 2663 ista
1897 2632 2079 2663 satisfacere
2098 2632 2175 2664 satis
2193 2632 2319 2673 copiose
