2551 3044
230 172 291 203 265
857 171 903 202 IN
929 172 951 202 I.
978 171 1063 202 LIB.
1089 169 1286 201 SAMUEL.
1311 170 1406 201 OAP.
1432 171 1560 202 XVIII.
2126 170 2188 201 215ίὶ

228 273 276 299 est
316 267 445 298 inscius.
491 266 577 306 Quid
615 276 692 308 ergo
725 265 809 298 aliud
839 275 912 296 eum
953 264 1058 295 facere
1099 263 1182 294 velle

229 309 415 347 dixerimus,
429 320 523 350 quam
539 310 598 341 Dei
611 309 772 341 decretum
786 307 974 344 rescindere,
987 311 1018 337 et
1027 306 1182 337 invictam

230 353 330 392 ipsius
353 353 552 384 voluntatem
576 353 608 383 in
631 352 832 383 mendacium
855 349 1004 381 vertere?
1028 348 1093 380 Sed
1113 349 1183 380 istis

230 396 352 427 artibus
375 395 523 435 sperabat
546 405 578 426 se
599 395 667 425 Deo
687 394 781 426 etiam
800 393 902 424 invito
919 402 1054 432 regnum
1074 396 1182 422 reten·
1208 424 1209 427 Ἰ

230 443 349 469 turum.
393 438 436 468 Et
459 437 534 477 quid
558 437 686 468 tandem
711 437 790 467 lucri
813 435 897 472 fecit,
920 434 982 465 nisi
1005 433 1088 473 quod
1108 433 1183 464 hor-

231 480 362 511 rendam
403 486 434 510 et
473 479 665 520 stupendam
699 484 833 510 mortem
867 478 901 508 in
934 487 968 508 se
1001 475 1182 507 derivavit?

231 523 362 554 Saulem
387 522 493 562 itaque
516 523 662 553 videmus
685 522 755 553 istis
777 521 842 553 suis
865 520 947 550 dolis
967 524 999 550 et
1021 519 1114 549 malis
1133 528 1183 548 ar-

231 565 315 596 tibus
344 565 414 595 Deo
448 575 574 604 semper
596 565 768 595 restitisse:
797 570 828 594 et
850 573 906 604 pro
930 561 1049 593 viribus
1072 571 1184 601 procu-

230 618 317 639 rasse
339 613 374 638 ut
398 607 437 638 ad
457 607 674 638 Ionathanum
693 607 793 638 filium
813 611 882 646 post
900 615 933 636 se
951 604 1043 644 regni
1063 613 1182 643 posses-

229 651 350 681 sionem
382 650 628 680 transmitteret.
674 648 738 681 Sed
769 649 888 680 frustra
917 647 987 677 Deo
1011 646 1182 677 resistitur.

1209 560 1211 580 l

230 693 398 724 Patienter
424 693 506 723 ferre
529 692 665 723 debebat
688 692 850 722 decretum
874 690 937 721 Dei
959 688 1042 729 quod
1066 689 1183 719 immu-
1210 720 1212 729 ,

230 741 299 766 tare
321 745 385 765 non
409 740 543 774 poterat,
565 740 597 766 et
619 734 878 774 quandoquidem
901 732 1004 763 officio
1026 741 1091 762 nou
1114 731 1184 762 fue-

229 784 279 808 rat
312 777 491 814 defunctus,
527 782 558 808 et
591 781 721 816 propter
756 776 987 807 contumaciam
1021 784 1111 805 suam
1146 773 1211 811 de,

230 830 328 860 regno
359 820 449 851 deiici
478 820 612 850 meritus
642 821 755 855 fuerat,
789 819 826 849 ad
851 818 912 849 Dei
934 816 1183 848 misericordiam

230 863 401 903 confugere
421 867 452 893 et
469 862 595 893 divinae
614 861 822 902 castigatione
841 861 980 892 cervices
996 859 1184 891 submittere

231 905 374 941 debebat,
398 905 590 944 veniamque
612 904 792 944 deprecari:
818 909 855 934 ut
873 912 992 943 poenae
1010 902 1184 942 mitigatio·

231 958 304 978 nem
336 947 533 987 impetraret.
578 946 643 978 Sed
672 946 747 977 dum
776 946 883 976 odium
906 946 1058 976 adversus
1081 943 1182 975 Davi-

231 990 302 1021 dem
326 990 423 1029 fovet‚
447 994 477 1020 et
500 988 655 1020 adversus
677 989 781 1028 ipsum
806 988 928 1019 invidia
946 988 1094 1028 ringitur,
1118 986 1183 1017 bel-

231 1033 361 1072 lumque
390 1033 532 1072 suscipit,
563 1031 638 1071 quid
669 1031 754 1062 aliud
785 1035 953 1071 promovet
981 1040 1075 1070 quam
1099 1030 1183 1069 quod

231 1075 352 1106 malum
385 1085 478 1105 suum
512 1073 629 1114 auget?
664 1074 707 1104 Et
737 1080 845 1104 tamen
867 1078 934 1104 tam
957 1073 1037 1104 altas
1059 1072 1184 1103 radices

231 1118 297 1158 egit
319 1117 353 1148 in
376 1117 475 1157 ipsius
498 1124 626 1156 pectore
644 1116 798 1147 adversus
818 1116 974 1147 Davidem
992 1115 1089 1147 semel
1109 1124 1183 1145 con-

231 1165 359 1200 ceptum
382 1159 500 1196 odium,
528 1164 562 1189 ut
585 1169 748 1199 nunquam
772 1159 936 1199 exstingui
958 1159 1106 1198 potuerit,
1129 1156 1184 1188 sed

232 1203 337 1243 potius
360 1203 392 1233 in
411 1201 478 1233 dies
497 1202 662 1232 exarserit.
706 1201 794 1233 Hinc
813 1202 868 1232 illa
887 1201 1055 1240 simulatio,
1075 1206 1107 1231 et
1125 1200 1184 1240 hy-

231 1245 371 1285 pocrisis,
395 1244 479 1284 quod
504 1244 672 1281 Davidem,
696 1254 790 1284 quem
813 1244 925 1275 oderat
947 1253 1024 1275 cane
1045 1243 1135 1283 peius
1154 1248 1185 1272 et

231 1297 344 1328 angue,
378 1292 486 1317 tamen
520 1286 604 1326 apud
637 1297 670 1318 se
704 1288 842 1317 retineat
875 1293 908 1317 ut
941 1286 1050 1317 favore
1078 1286 1184 1326 ipsum

231 1330 387 1369 conplecti
406 1329 562 1365 videatur,
582 1334 613 1360 et
632 1330 720 1361 varia
739 1329 891 1360 mandata
909 1328 1019 1369 magni
1031 1327 1185 1359 momenti

231 1372 293 1409 det,
324 1372 384 1403 etsi
415 1382 582 1411 nunquam
612 1372 708 1403 rectis
731 1372 829 1403 oculis
852 1382 925 1402 eum
948 1371 1132 1411 inspexerit,
1167 1380 1185 1401 a

231 1425 294 1455 qua
323 1415 374 1445 die
406 1414 516 1445 laudes
546 1414 618 1445 illas
648 1414 784 1446 Davidis
814 1414 937 1445 audivit
959 1424 977 1444 a
999 1413 1186 1445 mulieribus

230 1456 417 1497 praedicari.
462 1457 575 1497 Neque
618 1458 705 1488 enim
741 1457 809 1488 eius
845 1456 1020 1488 commodis
1053 1455 1185 1492 studuit,

231 1510 325 1540 quem
358 1499 454 1531 rectis
487 1500 588 1531 oculis
622 1509 686 1531 non
723 1499 812 1537 vidit,
845 1500 905 1530 etsi
928 1499 1011 1530 domi
1034 1498 1184 1530 retinuit:

232 1542 287 1574 sed
314 1543 420 1582 potius
443 1543 510 1572 eius
532 1542 667 1573 exitium
691 1553 749 1582 pro
772 1542 896 1573 viribus
918 1542 1085 1582 quaesivit.
1129 1541 1184 1572 In-

234 1585 328 1616 terim
350 1595 428 1615 vero
451 1584 541 1616 Deus
562 1596 635 1616 eum
658 1585 808 1621 cohibuit,
839 1585 1087 1624 munificumque
1109 1594 1186 1623 erga

233 1638 305 1659 eum
329 1637 424 1667 quem
445 1627 556 1658 oderat
577 1638 647 1659 esse
670 1628 722 1658 vel
745 1628 884 1659 invitum
906 1628 1020 1668 coegit.
1065 1626 1184 1666 Quam-

231 1671 340 1701 obrem
370 1680 410 1701 ex
439 1670 502 1701 ista
531 1670 640 1702 Saulis
670 1670 833 1711 hypocrisi
868 1670 1026 1702 discamus
1063 1680 1183 1710 sapere,

232 1719 264 1744 et
285 1713 319 1744 in
342 1713 529 1743 memoriam
552 1723 738 1744 revocemus
761 1713 881 1744 dictum
904 1712 983 1743 illud
1001 1712 1131 1743 Ioannis
1150 1712 1184 1742 in

233 1755 338 1795 priore
360 1765 418 1786 sua
439 1756 600 1793 canonica,
636 1766 695 1786 nos
728 1755 799 1786 odio
829 1755 983 1786 habentes
1010 1756 1184 1795 proximos,

233 1808 299 1829 non
328 1808 420 1838 posse
448 1798 518 1829 fieri
548 1798 640 1839 regni
669 1798 813 1829 caelestis
836 1798 1005 1830 haeredes:
1041 1797 1125 1838 quod
1153 1803 1185 1828 et

235 1840 275 1871 D.
303 1840 426 1872 Paulus
456 1841 557 1871 altera
587 1841 786 1872 memorabili
817 1841 977 1872 sententia
999 1841 1183 1871 confirmat:

232 1884 317 1914 Eum
350 1883 404 1923 qui
427 1884 558 1915 fratrem
582 1883 649 1914 odit
671 1894 740 1915 esse
763 1884 964 1915 homicidam.
1008 1884 1101 1915 Licet
1122 1883 1185 1914 ita·

231 1936 293 1966 que
315 1926 498 1966 proximum
521 1937 584 1957 non
608 1926 784 1957 afficiamus
808 1927 936 1964 iniuria,
964 1936 1066 1967 neque
1088 1926 1184 1957 minis

232 1974 410 2000 terreamus
433 1975 586 2009 tanquam
610 1969 744 2000 iniurias
768 1969 873 2000 illatas
896 1969 1005 2006 ulturi,
1027 1974 1135 2000 tamen
1157 1969 1184 2000 si

231 2016 358 2051 pectore
387 2011 494 2042 odium
517 2012 713 2043 occultemus
736 2017 768 2042 et
789 2012 962 2049 foveamus,
991 2012 1055 2042 iam
1078 2021 1183 2043 coram

232 2054 371 2085 Domino
404 2053 609 2085 condemnati
642 2065 763 2090 sumus,
797 2060 829 2085 et
859 2055 957 2096 digna
987 2065 1107 2086 merces
1136 2063 1185 2086 est

231 2097 349 2128 nostris
362 2097 455 2128 factis
474 2097 697 2137 exspectanda.
731 2097 902 2128 Discamus
921 2098 1020 2138 igitur
1038 2097 1184 2138 exemplo

232 2139 350 2175 Saulis,
380 2140 443 2178 qui,
473 2139 555 2179 quod
583 2139 742 2170 Davidem
766 2140 894 2180 quidem
918 2140 1037 2171 honore
1060 2140 1185 2172 afficere

232 2181 403 2217 videretur,
434 2188 465 2212 et
492 2182 603 2213 favore
632 2183 799 2222 complecti
830 2193 1001 2223 amareque
1030 2193 1063 2214 se
1085 2183 1183 2214 simu-

232 2223 322 2259 laret,
347 2224 593 2264 hominibusque
611 2225 720 2256 fucum
739 2225 866 2263 faceret,
890 2225 998 2256 odium
1016 2230 1124 2256 tamen
1137 2226 1185 2256 in-

231 2271 285 2297 tus
307 2266 437 2302 foveret,
469 2277 487 2297 a
509 2267 580 2298 Deo
602 2267 833 2299 condemnatus
863 2273 911 2299 est
933 2268 1075 2299 cordium
1099 2279 1187 2300 scru-

232 2313 351 2339 tatore:
375 2309 428 2340 eui
450 2309 541 2340 nulla
563 2320 615 2341 res
638 2315 745 2341 creata
766 2315 872 2350 potest
889 2311 1064 2351 imponere,
1087 2321 1187 2352 quan-

233 2350 402 2398 doquidem
430 2351 597 2383 hominum
627 2352 723 2384 corda
751 2353 784 2384 in
813 2358 969 2393 potestate
991 2353 1096 2391 habet,
1126 2365 1188 2394 qua

233 2404 302 2433 ipsa
332 2394 546 2426 remotissima
568 2395 673 2426 cordis
695 2396 873 2435 penetralia
896 2397 1041 2435 rimatur,
1071 2402 1102 2428 et
1124 2407 1188 2428 non

233 2435 354 2468 iudicat
376 2447 416 2468 ex
440 2447 547 2468 rerum
572 2443 780 2469 externarum
803 2438 918 2479 specie.

316 2479 385 2511 Iam
411 2490 487 2510 vero
511 2480 606 2520 agite,
629 2482 680 2511 etc.

1495 266 1550 304 11(
1558 266 1735 305 ›MILIA
1762 265 1925 305 LXV11.

1322 348 1370 378 10.
1407 348 1478 379 Post
1505 350 1585 381 diem
1614 353 1713 381 autem
1744 350 1880 383 alteram,
1916 350 2029 380 invasit
2056 349 2189 388 spiritus

1237 391 1297 422 Dm·
1320 391 1421 422 malus
1446 392 1529 427 Saul,
1555 395 1579 422 et
1593 392 1794 431 prophetabat
1812 393 1845 423 in
1863 393 1960 423 medio
1978 392 2085 423 domu.»-
2103 402 2188 423 suae.

1236 433 1342 464 David
1373 436 1471 464 autem
1496 435 1645 473 psallebat
1668 445 1761 465 manzo
1783 446 1850 471 sua,
1880 435 1957 465 sicat
1975 445 2032 474 per
2054 434 2191 474 &infidos

1236 476 1310 507 dies.
1359 476 1548 515 Tenebatquc
1580 478 1658 508 Saul
1680 478 1821 508 lanceam.
1869 479 1916 508 11.
1941 477 1982 508 Ec
2004 478 2090 508 misit
2112 487 2189 508 eam.

1231 521 1349 557 putans
1379 519 1457 558 quod
1486 520 1629 559 consistere
1655 523 1757 559 posset
1780 520 1886 551 David
1908 530 1976 551 cum
1996 520 2133 558 pariete:
2163 522 2190 550 et

1236 561 1398 591 declinat-it
1423 561 1528 591 David
1550 573 1569 592 α
1590 563 1669 601 facie
1691 563 1756 593 cius
1775 563 1912 593 secundo.
1959 563 2006 593 12.
2029 562 2071 592 Et
2089 562 2190 592 timuit

1239 603 1319 634 Saul
1341 614 1360 633 a
1381 604 1460 642 facie
1482 603 1599 642 David,
1630 615 1661 634 eo
1683 605 1761 644 quod
1784 605 1938 636 Dominus
1961 608 2036 636 esset
2058 614 2127 635 cum
2149 614 2190 642 eo,

1237 648 1263 676 et
1288 657 1306 676 a
1329 655 1361 677 se
1382 647 1560 677 recessisset.
1607 647 1654 678 13.
1678 648 1802 678 Amovit
1824 658 1892 687 erqo
1915 658 1982 678 eum
2007 646 2085 677 Saul
2107 657 2127 677 a
2149 656 2189 683 se,

1238 691 1264 718 et
1291 688 1361 727 fecis
1391 699 1458 719 eum
1481 689 1636 719 tribunum
1658 700 1751 728 super
1773 690 1854 720 mille
1876 691 1976 721 viros:
2009 692 2035 720 et
2058 689 2189 728 eqredie-

1237 730 1327 761 batur
1354 733 1381 761 et
1410 731 1640 771 inyrediebatur
1664 733 1694 762 in
1716 736 1873 771 conspectu
1900 732 2019 772 populi.
2065 732 2114 762 14.
2151 731 2189 761 Iu

1238 773 1376 804 omnibus
1399 784 1513 812 quoque
1535 774 1595 805 viis
1619 775 1685 805 suis
1707 775 1815 805 David
1833 776 2002 813 prudenter
2023 775 2139 814 ayebat,
2162 777 2190 804 et

1237 815 1394 847 Dominus
1423 819 1487 846 erat
1515 826 1581 847 cum
1611 827 1651 847 eo.
1698 817 1746 847 15.
1780 817 1861 848 Vidit
1885 819 1986 856 itaque
2010 816 2087 848 Saul
2110 816 2190 855 quod

1233 859 1374 897 prudens
1395 861 1471 889 esset
1492 859 1595 898 nimis,
1620 863 1644 889 ot
1667 861 1757 899 coepit
1775 869 1877 890 cavere
1896 870 1974 890 eum.
2007 860 2055 890 16.
2083 859 2191 890 Omnis

1238 904 1339 932 autem
1374 901 1475 932 Israi³l
1503 904 1528 931 et
1558 901 1641 932 Ιιιᾱα
1670 902 1814 941 diliyobat
1842 902 1965 933 David:
1998 903 2063 942 ipso
2092 904 2191 932 autem

1237 944 1447 983 eyrediebatur
1468 947 1494 974 et
1516 944 1743 983 inqrediebatzcr
1765 947 1833 975 ante
1855 955 1911 976 eos.

1323 1028 1564 1060 Consideranda
1586 1030 1675 1060 nobis
1697 1029 1835 1061 occurrit
1857 1028 2045 1060 admiranda
2064 1030 2191 1059 viarum

1236 1071 1369 1102 Domini
1392 1071 1485 1108 ratio,
1508 1079 1539 1102 et
1561 1071 1676 1111 quibus
1699 1072 1801 1103 modis
1820 1082 1877 1103 sua
1896 1072 2026 1103 consilia
2045 1072 2190 1111 perficiat

1237 1119 1269 1144 et
1291 1113 1330 1144 ad
1354 1124 1446 1144 suum
1471 1115 1593 1145 exitum
1617 1114 1784 1154 perducat:
1808 1125 1902 1154 quam
1921 1114 1960 1145 ob
1979 1125 2107 1145 causam
2127 1113 2191 1144 Da-

1237 1157 1344 1187 videm
1379 1156 1480 1188 voluit
1513 1156 1597 1196 apud
1632 1156 1761 1188 Saulem
1796 1167 1935 1195 manere,
1964 1157 2039 1188 licet
2069 1167 2131 1187 non
2155 1167 2192 1186 ea

1238 1204 1322 1230 esset
1344 1209 1436 1230 mens
1459 1204 1490 1230 et
1514 1199 1662 1231 voluntas
1686 1200 1803 1231 Saulis.
1850 1199 1914 1231 Sed
1937 1201 1981 1230 ita
2003 1199 2084 1230 solet
2102 1199 2192 1230 Deus

1238 1242 1423 1273 hominibus
1454 1247 1580 1281 praeter
1609 1242 1749 1282 ipsorum
1779 1243 1909 1273 consilia
1931 1247 1961 1273 et
1985 1243 2192 1283 cogitationes

1238 1285 1295 1315 uti.
1340 1284 1477 1315 Interim
1500 1285 1603 1315 videri
1634 1289 1757 1325 poterat
1786 1284 1895 1315 David
1926 1285 2019 1324 longe
2042 1284 2192 1315 remotior

1239 1337 1333 1367 quam
1356 1328 1565 1367 propinquior
1589 1327 1663 1358 huic
1686 1328 1752 1367 fini,
1776 1327 2033 1367 quandoquidem
2057 1338 2076 1358 a
2096 1326 2192 1357 Saule

1238 1369 1339 1401 veluti
1361 1371 1508 1410 captivus
1532 1376 1586 1400 aut
1609 1371 1803 1410 mancipium
1822 1370 1978 1410 quoddam
1998 1369 2191 1400 habebatur:

1238 1423 1314 1443 nam
1343 1412 1403 1443 sibi
1433 1412 1600 1444 videbatur
1631 1412 1710 1444 Saul
1738 1413 1798 1443 Dei
1829 1414 1964 1453 gratiam
1995 1422 2086 1452 posse
2116 1422 2191 1451 quo-

1239 1455 1407 1486 dammodo
1442 1456 1563 1486 vincire
1597 1456 1623 1486 si
1658 1455 1741 1486 domi
1776 1456 1934 1486 Davidem
1964 1456 2128 1493 retineret,
2161 1460 2191 1484 et

1239 1499 1345 1528 omnia
1378 1497 1479 1537 ipsius
1503 1499 1584 1528 facta
1608 1498 1779 1537 diligenter
1801 1498 1991 1538 exploraret.
2036 1496 2102 1528 Sed
2124 1498 2190 1536 opi-

1238 1541 1333 1571 nione
1356 1551 1414 1571 sua
1436 1540 1563 1578 excidit,
1590 1547 1625 1571 ut
1647 1541 1726 1572 solet
1745 1541 1833 1571 Deus
1852 1540 2069 1580 improborum
2089 1540 2191 1570 homi-

1239 1594 1316 1614 num
1340 1583 1474 1615 consilia.
1496 1584 1644 1623 frangere
1668 1589 1699 1614 et
1722 1584 1754 1613 in
1773 1584 1967 1614 contrarium
1986 1588 2191 1613 commutare.

1238 1626 1472 1657 Verumtamen
1501 1625 1669 1657 hominum
1699 1625 1814 1657 iudicio
1845 1625 1952 1656 David
1981 1625 2152 1656 videbatur
2175 1634 2193 1654 a

1238 1669 1396 1709 dignitate
1416 1669 1503 1709 regia
1522 1670 1761 1704 remotissimus,
1785 1675 1897 1699 contra
1913 1678 2000 1707 spem
2014 1667 2061 1698 illi
2073 1668 2192 1698 factam

1237 1721 1255 1741 a
1279 1711 1438 1743 Samuele.
1471 1711 1632 1751 Deinceps
1655 1711 1808 1751 sequitur,
1830 1711 1976 1749 spiritum
1995 1710 2057 1741 Dei
2076 1710 2192 1740 »mlum

1236 1755 1391 1785 invasisse
1429 1754 1570 1785 Saulem:
1615 1765 1653 1785 ex
1688 1764 1749 1793 quo
1783 1759 1914 1793 apparet
1947 1764 2009 1783 non
2041 1753 2192 1784 continue

1237 1798 1336 1828 fuisse
1356 1797 1509 1828 afflictum
1530 1796 1669 1828 Saulem.
1693 1796 1747 1827 sed
1767 1807 1824 1836 per
1842 1796 2022 1833 intervalla,
2046 1796 2116 1826 Deo
2135 1795 2192 1826 ali-

1238 1840 1314 1880 quid
1349 1839 1388 1870 de
1417 1840 1501 1870 iusta
1530 1850 1587 1870 sua
1618 1839 1757 1870 vindicta
1785 1839 1968 1869 remittente
1999 1844 2031 1868 et
2054 1838 2193 1877 aliquam

1238 1883 1379 1923 quietem
1411 1882 1503 1913 Sauli
1533 1882 1735 1913 concedente.
1782 1880 1835 1912 Sic
1858 1881 2006 1912 videmus
2029 1880 2193 1920 improbos

1239 1925 1375 1957 subinde
1405 1924 1594 1965 quibusdam
1624 1925 1836 1955 conscientiae
1859 1923 2016 1954 morsibus
2040 1923 2192 1954 excitari:

1238 1973 1270 2000 et
1299 1969 1359 1999 Dei
1390 1968 1605 2007 praesentiam
1629 1967 1768 2005 horrere,
1798 1973 1829 1997 et
1852 1972 1938 1997 metu
1961 1966 2114 1996 attonitos
2137 1965 2193 1996 ob—

1238 2016 1439 2051 stupescere:
1469 2010 1583 2041 deinde
1614 2010 1682 2040 Deo
1706 2008 1823 2049 aliquid
1847 2009 2029 2039 remittente
2052 2013 2083 2039 et
2105 2008 2193 2048 quie-

1238 2059 1302 2085 tem
1337 2054 1478 2093 aliquam
1512 2053 1713 2090 concedente,
1747 2052 1786 2082 ad
1818 2052 1985 2091 ingenium
2014 2050 2128 2088 redire,
2163 2056 2195 2081 et

1239 2097 1299 2128 sibi
1322 2096 1548 2136 impunitatem
1570 2095 1755 2135 pollicentes
1784 2096 1884 2133 magis
1907 2104 1943 2125 ac
1966 2094 2069 2134 magis
2098 2092 2195 2124 indu-

1238 2140 1320 2170 rari:
1351 2139 1473 2179 sibique
1503 2138 1694 2178 persuadere
1725 2137 1849 2168 nullum
1879 2136 2017 2176 amplius
2039 2136 2073 2166 in
2097 2135 2193 2167 coelis

1240 2183 1346 2213 Deum
1380 2182 1471 2213 cuius
1498 2191 1596 2212 manu
1626 2186 1659 2211 et
1687 2181 1807 2211 virtute
1837 2189 1901 2209 non
1933 2184 2099 2219 urgentur.
2144 2178 2195 2208 Ita

1241 2224 1319 2257 Saul
1344 2235 1442 2265 quum
1462 2224 1545 2254 malo
1564 2223 1625 2254 Dei
1644 2223 1758 2263 spiritu
1776 2223 1961 2263 agitaretur.
2005 2221 2070 2252 Hic
2086 2226 2193 2252 autem

1239 2268 1273 2299 in
1308 2268 1494 2298 memoriam
1524 2265 1704 2297 revocanda
1734 2275 1813 2305 quae
1843 2270 1937 2295 antea
1966 2273 2195 2295 commemora-

1241 2312 1356 2347 vimus,
1394 2320 1507 2349 nempe
1546 2308 1631 2339 hunc
1660 2308 1808 2348 spiritum
1839 2307 1960 2337 malum
1996 2306 2103 2338 vocari
2132 2305 2195 2336 Dei

1241 2353 1406 2394 spiritum:
1448 2351 1705 2391 quandoquidem
1748 2350 1838 2380 Deus
1870 2350 1949 2389 ipsis
1983 2348 2116 2380 diabolis
2150 2349 2196 2378 uti

1242 2396 1323 2428 solet
1341 2395 1497 2426 ministris
1516 2404 1646 2425 suorum
1665 2392 1867 2423 iudiciorum.
1908 2391 2003 2430 Quod
2022 2392 2084 2422 nisi
2104 2391 2196 2422 nobis

1243 2448 1432 2479 persuasum
1456 2442 1546 2474 esset,
1570 2435 1673 2475 qualis
1696 2441 1814 2472 nostra,
1838 2444 1963 2474 quaeso,
1988 2435 2067 2465 foret
2090 2433 2197 2465 condi-

1215 2476 1218 2501 ¹
1243 2481 1311 2512 tio?
1358 2480 1439 2511 Nam
1468 2480 1494 2510 si
1524 2478 1649 2515 diaboli,
1684 2478 1737 2518 qui
1765 2483 1841 2508 sunt
1868 2477 1971 2508 instar
1999 2476 2196 2518 rugientium

1244 2524 1369 2555 leonum
1393 2521 1528 2562 praedae
1551 2531 1676 2560 semper
1691 2520 1894 2558 inhiantium,
1917 2530 1974 2559 pro
1992 2519 2123 2551 arbitrio
2140 2518 2198 2549 im-

1244 2572 1354 2607 petum
1384 2565 1416 2596 in
1447 2575 1506 2595 nos
1534 2563 1685 2601 facerent,
1719 2569 1842 2593 certum
1864 2567 1913 2593 est
1935 2572 1994 2594 nos
2015 2562 2080 2594 illis
2102 2562 2197 2594 resis-

1245 2609 1341 2641 tendo
1360 2607 1455 2648 longe
1473 2607 1619 2647 impares,
1639 2605 1918 2645 conditionemque
1936 2609 2082 2636 nostram
2102 2605 2197 2645 longe
