2551 3044
350 188 408 218 155

345 280 502 322 plantavit
526 278 749 309 eradicabitur.
795 277 887 316 Quae
917 278 1044 317 quidem
1076 279 1176 308 fateor
1206 276 1304 307 verba

345 323 471 364 proprie
491 322 528 351 de
549 322 613 351 vita
633 326 764 351 aeterna
787 326 863 351 sunt
885 320 1104 359 intelligenda.
1130 329 1242 358 nempe
1265 319 1303 350 ab

345 365 478 396 ecclesia
509 363 696 394 reiiciendos
728 363 910 402 quicunque
939 374 1002 393 non
1036 363 1155 392 fuerint
1178 362 1210 391 in
1233 362 1303 402 ipso

347 408 487 439 Domino
518 406 667 437 radicati:
701 405 755 435 sed
786 415 868 444 quae
899 413 1006 436 tamen
1036 406 1131 436 etiam
1163 403 1234 434 licet
1265 403 1304 435 de

344 450 512 490 quibusvis
532 449 734 487 temporariis
753 446 914 479 beneficiis
932 458 1107 488 exponere:
1130 453 1162 477 et
1184 447 1304 486 specia-

345 494 418 524 liter
461 492 498 522 ad
535 492 645 522 Sauiis
680 500 815 530 regnum
849 490 1098 522 accommodare.

344 536 429 567 enim
454 535 562 565 Saulis
586 532 668 573 quod
693 531 733 564 ad
757 540 883 573 tempus
906 533 998 564 Deus
1022 541 1126 563 ratum
1149 532 1222 562 fecit
1245 531 1304 562 im-

345 578 492 618 portunis
521 576 628 616 populi
658 575 911 615 flagitationibus
939 575 1145 611 sollicitatus,
1175 582 1206 604 et
1229 584 1304 613 quo-

344 620 514 652 dammod..
547 620 661 653 victus,
693 628 756 648 000
785 618 842 649 fuit
865 624 975 649 tamen
1000 618 1195 651 diuturnum.
1220 617 1304 656 quod

345 674 409 694 non
442 670 525 694 esset
549 662 738 701 legitimum,
769 671 873 699 neque
896 659 1025 691 divinae
1049 659 1206 690 voluntati
1229 669 1303 690 con-

344 711 546 737 sentancum.
580 703 645 735 Sed
670 703 762 743 longe
785 702 872 734 aliud
896 704 1041 734 futurum
1065 709 1113 734 est
1134 701 1219 733 istud
1240 701 1305 732 Da-

347 749 431 779 vidis
456 757 601 787 regnum,
625 745 710 785 quod
733 756 798 777 non
821 746 1014 786 importunis
1036 744 1142 785 populi
1163 743 1305 782 vocibus,
1332 760 1333 764 =
1514 787 1533 818 d

1332 799 1333 811 ³
1359 798 1453 819 suum
1494 799 1512 818 a

344 802 403 822 sua
432 790 613 822 conditione
638 799 702 820 non
725 789 878 825 contenti,
910 796 945 819 ut
969 790 1075 820 Saulis
1097 786 1176 818 illud
1198 792 1304 818 extor—

345 842 424 867 tum.
458 843 494 864 ac
525 831 658 872 proinde
691 840 755 862 non
790 830 994 862 diuturnum:
1027 830 1082 861 sed
1116 830 1243 860 firmum
1274 836 1307 860 et

345 876 460 907 stabile
489 875 528 906 ab
560 877 629 913 ipso
653 873 793 904 Domino
822 874 1040 910 constitutum,
1070 872 1108 903 de
1131 882 1193 912 quo
1217 872 1305 902 deiu-

345 930 419 959 ceps
450 918 508 949 hoe
532 926 597 948 toto
622 916 702 947 libro
724 924 757 947 et
778 916 985 956 sequentibus
1009 916 1130 953 longior
1153 915 1212 945 erit
1235 925 1306 945 nar-

347 962 437 993 ratio.
486 961 596 1000 Quare
631 960 692 990 hoc
720 959 788 990 loco
818 965 868 989 est
896 959 1095 990 observanda
1125 957 1306 988 differentia

346 1006 430 1036 inter
453 1013 589 1040 regnum
602 1001 740 1033 Davidis
762 1009 792 1031 et
816 1001 939 1032 Saulis:
962 1001 1043 1040 quod
1067 1000 1152 1031 istud
1170 999 1306 1031 Davidis

345 1047 412 1078 solo
443 1046 505 1077 Dei
535 1045 663 1076 decreto
692 1049 725 1075 et
756 1044 920 1075 voluntate
949 1045 991 1074 sit
1021 1050 1179 1081 erectum,
1209 1042 1305 1073 nullis

347 1097 455 1121 autem
485 1088 594 1129 populi
622 1087 753 1118 vocibus
782 1086 991 1126 importunis:
1022 1088 1076 1117 sed
1101 1086 1168 1116 Deo
1191 1092 1305 1125 sponte

346 1140 379 1164 et
412 1132 497 1163 ultro
533 1129 691 1161 Davidem
725 1137 869 1166 vocante,
903 1136 934 1160 et
969 1139 1074 1169 regem
1109 1128 1304 1162 designante.

348 1175 432 1206 Nam
462 1172 630 1214 oportebat
658 1173 781 1212 figurae
811 1172 985 1203 convenire
1013 1182 1085 1202 cum
1117 1172 1251 1202 veritate
1274 1176 1307 1201 et

347 1217 458 1249 divina
489 1216 673 1247 voluntate:
704 1220 736 1246 et
765 1220 920 1254 tanquam
950 1215 983 1245 in
1013 1214 1141 1253 speculo
1165 1213 1305 1253 conspici

346 1260 606 1292 conformitatem
634 1257 723 1288 illam
753 1267 863 1287 eorum
897 1267 978 1297 quae
1008 1257 1046 1287 de
1071 1256 1194 1287 Davide
1224 1256 1307 1287 dicta

347 1311 424 1334 sunt
452 1312 525 1334 cuin
557 1301 596 1332 iis
619 1310 698 1339 quae
721 1299 756 1330 in
779 1299 919 1330 Domino
940 1307 1048 1330 nostro
1070 1299 1142 1330 Iesu
1166 1298 1306 1337 Christo,

347 1353 380 1377 et
398 1346 431 1376 in
455 1354 555 1385 regno
579 1343 680 1383 ipsius
702 1341 741 1372 ad
765 1350 909 1373 nostram
933 1343 1069 1373 salutem
1093 1348 1206 1373 erecto.
1231 1348 1308 1372 sunt

348 1388 490 1428 impleta.
535 1386 619 1418 Nam
650 1385 676 1416 si
707 1384 854 1415 homines
877 1385 937 1415 Dei
967 1385 1135 1415 consilium
1159 1395 1307 1424 praever-

347 1432 474 1468 tissent,
504 1434 536 1460 et
566 1433 777 1469 agnoscentes
805 1434 960 1467 quantum
992 1427 1053 1458 Dei
1084 1428 1201 1458 auxilio
1224 1427 1307 1458 indi-

347 1479 470 1514 gerent,
504 1482 578 1504 eum
612 1470 735 1510 precati
768 1478 885 1507 essent,
920 1479 954 1500 ut
990 1471 1048 1501 hae
1082 1471 1202 1501 ratione
1230 1471 1308 1510 ipsis

347 1519 565 1552 succurreret,
593 1512 775 1544 dicerentur
805 1512 904 1544 fuisse
935 1519 1061 1544 nostrae
1091 1513 1203 1544 salutis
1233 1523 1307 1544 auc-

349 1566 442 1596 tores,
465 1569 502 1590 ac
525 1556 657 1597 proinde
681 1565 745 1586 non
768 1564 786 1585 3
809 1565 898 1586 mera
920 1562 951 1586 et
974 1556 1115 1595 gratuita
1135 1556 1195 1586 Dei
1219 1556 1307 1587 boni-

347 1606 413 1632 tate
447 1605 575 1632 tantum
609 1598 728 1629 bonum
763 1607 964 1637 promanare.
1018 1598 1137 1629 Verum
1169 1599 1309 1638 oportuit

347 1643 512 1676 decretum
535 1641 600 1672 Dei
623 1639 753 1672 tandem
778 1650 836 1671 suo
859 1646 1002 1680 tempore
1025 1641 1167 1680 impleri:
1198 1651 1307 1681 quem-

349 1685 520 1717 admodum
540 1690 572 1715 et
583 1683 684 1715 Isaiae
703 1682 742 1713 de
761 1683 898 1714 veritate
915 1684 1037 1724 figurae
1061 1683 1154 1715 istius
1177 1683 1309 1723 loquens

349 1730 408 1761 ait:
448 1728 556 1759 Deum
587 1726 792 1765 undiquaque
821 1726 1100 1766 ciroumsoexisse,
1130 1731 1162 1756 et
1192 1726 1309 1757 vidisse

351 1771 478 1803 nullum
501 1780 569 1801 esse
593 1769 710 1804 virum,
742 1773 775 1799 et
797 1768 999 1808 obstupuisse
1023 1768 1146 1799 nullum
1169 1779 1236 1800 esse
1260 1769 1309 1799 in-

350 1819 584 1846 terventorem:
615 1812 723 1851 itaque
751 1810 888 1842 salutem
917 1811 1063 1842 attulisse
1093 1811 1120 1842 ei
1145 1811 1308 1843 brachium

349 1857 470 1897 ipsius:
502 1861 534 1887 et
564 1854 721 1886 iustitiam
751 1853 862 1893 ipsius,
892 1853 975 1885 hanc
1004 1853 1164 1885 fulcivisse
1194 1855 1308 1894 ipsum.

350 1899 477 1939 Quibus
509 1897 614 1929 verbis
643 1896 861 1933 demonstrat,
898 1895 1049 1928 ecclesiae
1079 1896 1213 1927 salutem
1245 1908 1308 1927 non
1335 1897 1337 1910 ²

352 1952 421 1974 esse
456 1941 634 1982 quaesitam
673 1939 814 1969 humana
849 1937 1022 1978 prudentia
1060 1938 1109 1970 vel
1137 1938 1308 1970 industria:

352 1995 454 2025 neque
478 1994 570 2023 posse
592 1982 740 2013 homines
759 1981 820 2012 Dei
843 1981 1012 2012 consilium
1035 1982 1230 2021 praevenire,
1255 1990 1310 2013 aut

350 2028 429 2068 ipsis
459 2026 538 2057 benc
568 2024 704 2056 faciendi
735 2023 787 2055 vel
810 2024 948 2055 salutem
969 2023 1151 2055 conferendi
1174 2026 1309 2055 occasio-

353 2081 425 2102 nem
455 2069 547 2100 darc:
587 2067 642 2098 sed
667 2066 774 2097 Deum
806 2076 838 2097 se
869 2066 999 2097 brachio
1021 2077 1078 2097 suo
1101 2076 1250 2105 armasse,
1280 2074 1311 2097 et

352 2112 474 2144 iustitia
507 2110 684 2142 fulcivisse:
719 2108 751 2139 id
785 2116 842 2148 est,
875 2120 938 2140 non
968 2114 1061 2140 extra
1089 2119 1122 2140 se
1154 2109 1310 2140 rationem

353 2155 465 2187 salutis
499 2160 627 2184 nostrae
661 2151 874 2191 quaesivisse,
915 2162 1018 2192 neque
1051 2162 1130 2191 opus
1162 2151 1311 2183 habuisse

352 2196 483 2229 aliunde
506 2195 663 2227 auxilium
687 2195 839 2226 mutuari.

438 2239 527 2270 Haec
557 2239 662 2277 itaque
686 2245 764 2268 sunt
786 2237 875 2268 nobis
897 2236 1096 2268 observanda
1115 2237 1146 2267 in
1170 2237 1230 2268 ista
1253 2236 1311 2268 Sa-

353 2283 468 2314 muelis
507 2281 702 2321 profectione
737 2280 778 2310 ad
812 2279 970 2311 Davidem
1003 2278 1204 2320 ungendum,
1244 2280 1312 2310 siue

354 2326 420 2357 ulla
436 2330 542 2355 tamen
562 2323 730 2354 hominum
750 2321 988 2354 intercessione.
1024 2322 1071 2353 Ae
1093 2332 1169 2353 sane
1190 2328 1311 2352 certum

354 2374 412 2406 est,
436 2367 556 2399 centies
575 2365 690 2396 millies
710 2366 889 2404 periturum
910 2365 1005 2396 fuisse
1024 2364 1188 2401 mundum,
1208 2365 1313 2404 potius

353 2421 450 2451 quam
481 2409 602 2440 malum
631 2407 715 2448 quod
741 2408 914 2447 irrepserat
936 2407 1156 2447 corrigeretur.
1203 2407 1313 2446 Neque

355 2453 442 2485 enim
472 2458 540 2482 tum
570 2451 655 2482 ullus
686 2451 861 2491 apparebat
892 2450 1011 2490 gloriae
1040 2455 1071 2481 et
1097 2449 1228 2481 honoris
1252 2450 1313 2480 Dei

355 2503 423 2527 tam
457 2494 628 2530 studiosus,
662 2500 692 2523 ct
723 2493 836 2524 salutis
866 2493 1015 2524 ecclesiae
1045 2502 1140 2532 quam
1171 2490 1312 2523 Samuel.

356 2537 421 2570 Sed
452 2548 493 2568 an
524 2536 655 2568 Samuel
685 2535 858 2576 quaerebat
887 2535 1027 2574 aliquam
1059 2535 1223 2573 rationem,
1253 2545 1314 2575 qua

358 2580 446 2611 Deus
485 2578 609 2611 sublato
651 2589 749 2618 pravo
791 2588 890 2618 regno
934 2578 1036 2618 magis
1080 2576 1311 2608 honoraretur?

356 2622 445 2661 Quin
475 2627 587 2654 contra
615 2621 720 2662 potius
744 2620 804 2652 Dei
834 2620 966 2652 consilio
998 2621 1145 2652 resistere
1174 2620 1311 2651 videtur.

1158 183 1358 214 HOMILIA
1384 183 1488 214 LVII.

1154 489 1302 529 Regnum
1330 490 1331 503 ³

2251 185 2310 217 156

1358 276 1443 316 Quid
1485 278 1570 308 istud
1605 287 1667 316 est,
1708 287 1772 309 tam
1807 279 2014 318 conspicuum
2049 279 2132 309 inter
2166 279 2311 311 homines

1357 319 1455 359 sidus,
1486 329 1549 351 tam
1580 321 1790 351 excellentem
1824 321 2022 361 prophetam,
2048 321 2101 360 qui
2125 321 2220 352 etiam
2245 322 2310 353 Do-

1358 363 1436 394 mini
1468 364 1566 394 nostri
1596 363 1670 394 Iesu
1695 363 1817 394 Chi-isti
1846 374 2010 403 personam
2044 364 2311 404 repraesentabat,

1357 405 1493 436 salutem
1514 406 1621 446 populi
1641 417 1735 445 quam
1761 417 1817 446 pro
1841 406 1961 438 viribus
1984 416 2157 446 procurare
2179 405 2313 438 debebat

1357 456 1389 478 et
1408 458 1604 487 promovere,
1627 450 1731 488 potius
1751 449 1923 485 retardare,
1947 455 1979 480 ct
1998 449 2230 489 quodammodo
2253 450 2312 480 im-

1359 491 1475 530 pedire,
1505 501 1544 521 ne
1568 490 1658 521 Deus
1687 491 1795 532 populi
1825 492 1875 522 sui
1899 490 2019 522 vindex
2041 501 2073 522 et
2096 500 2234 522 assertor
2257 502 2312 533 ap-

1357 532 1489 572 pareat?
1514 533 1626 572 Neque
1641 544 1714 564 vero
1735 533 1894 566 destinata
1911 534 2035 565 malitia
2053 542 2085 565 et
2102 536 2312 573 contumacia,

1358 575 1412 605 sed
1444 575 1509 606 zelo
1539 575 1772 607 inconsiderato
1792 576 1824 607 id
1847 576 1932 608 facit.
1977 577 2021 608 Et
2044 585 2150 608 tamen
2174 578 2199 608 si
2225 577 2313 610 Deus

1359 617 1519 649 Samuelis
1538 617 1781 649 lamentationes
1800 623 1831 649 et
1850 620 1988 659 gemitus
2006 619 2195 655 admisisset,
2214 620 2313 652 eccle-

1331 696 1333 707 1
1359 661 1424 690 siue
1443 660 1529 691 sulus
1553 666 1713 699 prostrata
1735 661 1895 691 iacuisset.
1928 662 1981 692 An
2005 672 2068 692 non
2093 662 2192 703 igitur
2214 673 2313 702 quum

1359 713 1415 742 pro
1445 703 1548 733 salute
1572 701 1681 733 mundi
1707 703 1916 743 procuranda,
1947 703 2077 735 Samuel
2102 705 2188 735 illam
2214 706 2313 746 impe-

1360 745 1450 782 diret,
1484 745 1588 776 Deum
1624 746 1767 784 oportuit
1800 746 1905 776 solum
1936 747 2059 786 operari
2088 754 2117 777 et
2150 748 2313 780 brachium

1575 787 1662 818 illam
1703 787 1953 828 promovendam
1996 789 2166 820 exserere?
2225 790 2312 830 Qua·

1361 838 1490 871 propter
1509 841 1730 871 agnoscamus,
1754 831 2001 871 quotiescunque
2020 831 2058 862 de
2082 839 2190 863 nostra
2212 834 2314 866 salute

1361 874 1546 913 cogitamus,
1567 872 1672 903 Deum
1686 884 1748 904 non
1763 872 1802 904 ab
1821 873 2004 905 hominibus
2024 874 2188 905 incitatum
2207 873 2315 915 fuisse,

1360 915 1399 946 ad
1445 915 1679 955 procurandam
1725 916 1801 956 ipsis
1835 916 1988 947 salutem:
2029 927 2134 956 neque
2172 918 2204 949 in
2238 918 2315 958 ipsis

1359 958 1459 989 ullam
1491 959 1653 990 invenisse
1683 959 1849 989 materiam
1879 965 1937 990 aut
1966 960 2162 991 occasionem
2193 971 2254 1000 qua
2276 961 2316 994 ad

1360 1000 1609 1032 misericordiam
1629 1001 1822 1032 flecteretur:
1847 1001 1902 1033 sed
1921 1012 1962 1033 ex
1983 1012 2072 1033 mera
2094 1013 2154 1034 sua
2176 1003 2316 1036 bonitate

1331 1055 1334 1076 ι
1359 1043 1524 1075 brachium
1559 1054 1652 1075 suum
1687 1044 1873 1081 armavisse,
1907 1052 1940 1075 et
1967 1045 2088 1076 iustitia
2117 1056 2174 1076 sua
2202 1046 2317 1078 fultum

1359 1087 1466 1117 fuisse.
1512 1086 1686 1118 Caeterum
1717 1087 1743 1118 si
1774 1086 1812 1118 de
1844 1086 1903 1118 1130
1932 1086 2068 1118 Davidis
2098 1088 2248 1120 unctione
2277 1100 2317 1121 ex

1359 1129 1464 1169 specie
1487 1136 1621 1160 externa
1643 1128 1796 1160 iudicium
1819 1129 1884 1170 fiat,
1915 1136 2006 1161 tanta
2028 1130 2199 1162 infirmitas
2220 1131 2317 1164 huius

1359 1172 1464 1212 operis
1492 1172 1666 1212 apparebit,
1697 1178 1732 1203 ut
1755 1182 1868 1203 sensus
1891 1179 1922 1203 et
1944 1173 2025 1204 ratio
2048 1173 2189 1205 humana
2214 1185 2316 1215 nugas

1359 1215 1465 1255 potius
1493 1221 1525 1245 et
1555 1214 1713 1245 ludicrum
1746 1215 1850 1246 nescio
1879 1215 1954 1255 quid
1984 1225 2053 1247 esse
2079 1215 2234 1256 quidquid
2264 1217 2315 1250 1110

1360 1258 1479 1289 sactum
1510 1263 1575 1295 est,
1604 1267 1699 1297 quam
1728 1267 1795 1288 rem
1826 1258 1941 1289 seriam
1972 1257 2066 1289 dicat.
2110 1257 2200 1290 Deus
2229 1260 2316 1291 enim

1359 1311 1453 1332 suuni
1485 1299 1672 1340 prophetam
1703 1300 1801 1330 mittit
1829 1299 1868 1331 ad
1891 1300 2002 1332 rustici
2024 1301 2181 1341 agricolae
2203 1302 2316 1342 filium,

1360 1343 1509 1374 invenem
1550 1341 1656 1373 adhuc
1689 1349 1721 1373 et
1753 1342 1932 1382 opilionem.
1988 1342 2052 1374 Sed
2087 1343 2139 1374 ubi
2173 1345 2315 1385 reperit?

1361 1385 1449 1417 Sane
1472 1396 1536 1416 000
1560 1385 1591 1416 10
1616 1384 1742 1425 palatio,
1772 1395 1874 1426 neque
1897 1385 2002 1425 aliqua
2024 1387 2112 1427 regia
2134 1386 2237 1426 domo,
2259 1388 2315 1420 sed

1361 1429 1394 1460 in
1413 1427 1557 1465 stabulis,
1581 1427 1848 1467 quemadmodum
1872 1428 2025 1469 propheta
2049 1429 2136 1460 canit
2147 1429 2232 1461 Psal.
2257 1430 2314 1463 78:

1361 1471 1472 1511 Elegit
1505 1469 1664 1502 Davidem
1698 1481 1828 1502 servum
1861 1481 1965 1507 suum,
1999 1477 2032 1502 et
2065 1471 2141 1503 tulit
2173 1482 2246 1503 eum
2277 1472 2316 1505 de

1360 1514 1459 1554 septis
1477 1513 1593 1544 ovium.
1627 1512 1749 1544 Verum
1773 1519 1880 1544 tamen
1893 1513 1982 1545 Deus
2005 1522 2105 1545 ratam
2129 1514 2316 1547 electionem

1362 1557 1444 1588 fecit.
1478 1555 1543 1588 Sed
1566 1555 1673 1587 iussus
1689 1555 1821 1587 Samuel
1844 1564 2015 1596 repentene
2037 1556 2226 1589 mandatum
2248 1558 2315 1590 Do-

1362 1600 1441 1631 mini
1460 1597 1670 1638 exsequitur?
1704 1598 1774 1629 Nae
1796 1598 1857 1630 sibi
1879 1599 1993 1630 metuit
2015 1609 2033 1629 a
2047 1598 2154 1638 Saule,
2177 1606 2209 1631 et
2229 1610 2318 1633 vere-

1362 1649 1414 1673 tur
1433 1652 1472 1673 ne
1491 1641 1516 1673 si
1542 1641 1581 1671 ad
1600 1641 1705 1681 ipsum
1729 1652 1781 1672 res
1802 1641 1863 1672 ista
1884 1642 2076 1682 pervenerit,
2100 1643 2159 1681 ipsi
2181 1650 2317 1675 mortem

1361 1684 1488 1716 inferat.
1544 1683 1709 1724 Numquid
1748 1683 1832 1714 enim
1873 1690 1942 1715 erat
1981 1684 2153 1716 verisimile
2187 1684 2316 1717 Saulem

1362 1728 1482 1768 pacatis
1504 1726 1598 1758 rebus
1617 1725 1788 1766 tranquille
1805 1726 2016 1767 imperantem
2036 1727 2183 1766 subditis,
2202 1729 2228 1759 si
2247 1730 2318 1769 quis

1335 1802 1337 1811 ,
1363 1769 1498 1801 nuncius
1516 1769 1557 1800 ad
1575 1769 1681 1809 ipsum
1701 1768 1878 1800 deferretur
1897 1769 1935 1800 de
1953 1769 2016 1800 alio
2035 1776 2131 1801 uncto
2154 1771 2186 1801 in
2210 1782 2317 1812 regem

1363 1825 1381 1844 a
1404 1812 1556 1845 Samuele
1579 1812 1684 1852 ipsum
1707 1811 1746 1843 ad
1771 1822 1880 1843 necem
1903 1812 2144 1852 quaesiturum?
2191 1812 2319 1846 Deinde

1362 1867 1404 1886 30
1430 1855 1535 1886 David
1567 1855 1702 1895 ungitur
1724 1854 1832 1891 statim
1854 1854 2097 1895 inaugurandus
2120 1861 2152 1886 et
2174 1855 2318 1887 domina—

1363 1897 1477 1929 turus?
1529 1897 1664 1928 Minime
1693 1897 1853 1937 gentium:
1881 1896 1936 1928 sed
1957 1897 2018 1928 ista
2040 1898 2148 1929 omnia
2171 1897 2318 1930 clandes-

1364 1941 1438 1972 tinis
1468 1940 1607 1972 consiliis
1636 1946 1802 1980 geruntur,
1833 1947 1869 1971 ut
1896 1939 1974 1970 nihil
2005 1949 2116 1971 eorum
2145 1940 2186 1972 ad
2213 1941 2317 1973 cuius—

1363 1993 1457 2023 quam
1477 1993 1572 2014 aures
1590 1983 1766 2022 perveniat,
1789 1981 1844 2013 sed
1863 1982 1946 2014 intra
1964 1982 2107 2022 privatos
2128 1982 2189 2014 Isai
2213 1984 2317 2023 parie-

1365 2034 1412 2056 tes
1444 2025 1679 2057 contineantur.
1730 2024 1849 2064 Quare,
1882 2031 1919 2056 ut
1947 2024 2023 2063 dixi,
2057 2024 2179 2056 ludicra
2209 2027 2318 2058 omnia

1364 2069 1424 2099 ista
1447 2079 1515 2100 esse
1539 2068 1690 2098 videntur
1712 2073 1743 2098 et
1766 2067 1860 2107 plane
1882 2067 2025 2098 ridicula.
2069 2067 2165 2104 Sane,
2190 2068 2216 2099 si
2240 2068 2318 2101 haec

1365 2112 1456 2142 initia
1479 2117 1605 2142 tantum
1629 2116 1824 2150 spectentur.
1853 2109 1917 2142 Sed
1940 2110 1984 2140 ita
2005 2109 2086 2140 solet
2108 2109 2199 2141 Deus
2221 2121 2318 2152 opera

1363 2164 1419 2184 sua
1439 2154 1599 2194 perficere,
1623 2160 1657 2183 ut
1676 2153 1749 2184 licet
1767 2153 1870 2193 prima
1888 2153 1990 2183 fronte
2009 2152 2089 2183 nihil
2108 2153 2317 2194 magnificum

1365 2207 1466 2236 neque
1489 2206 1642 2236 magnum
1666 2205 1740 2235 prae
1763 2206 1796 2226 se
1820 2195 1940 2226 serant:
1971 2200 2078 2226 tamen
2102 2195 2151 2226 vel
2173 2196 2229 2227 illa
2251 2195 2318 2228 sola

1366 2251 1436 2275 vox,
1456 2239 1516 2269 Dei
1535 2237 1784 2269 imbecillitatem
1809 2248 1876 2269 esse
1899 2238 2045 2268 omnibus
2068 2236 2218 2269 humanis
2242 2239 2316 2270 viri-

1338 2289 1340 2320 Ῑι
1365 2281 1421 2312 bus
1441 2281 1534 2322 longe
1556 2281 1762 2320 superiorem,
1785 2280 1862 2312 satis
1885 2279 2025 2311 declarat
2036 2278 2141 2311 Deum
2164 2291 2221 2312 sua
2243 2292 2316 2313 000-

1365 2324 1434 2354 silia
1460 2323 1500 2354 ad
1523 2324 1645 2354 felicem
1669 2329 1702 2354 et
1724 2328 1869 2363 optatum
1893 2323 2012 2353 exitum
2035 2333 2161 2362 semper
2184 2323 2317 2363 perduo-

1366 2374 1482 2396 turum.
1523 2366 1573 2396 Ita
1597 2365 1717 2396 Paulus
1741 2366 1778 2396 de
1801 2365 1949 2397 ecclesiae
1971 2364 2153 2396 conditione
2176 2365 2316 2406 loquens,

1366 2410 1418 2444 ait,
1438 2409 1541 2439 Deum
1554 2408 1688 2448 elegisse
1700 2407 1871 2439 imbecillia
1882 2406 1994 2438 mundi
2011 2406 2115 2445 huius,
2136 2415 2171 2438 ut
2189 2419 2316 2441 omnem

1366 2451 1565 2482 altitudinem
1590 2449 1816 2482 confunderet:
1847 2460 1926 2490 quae
1949 2449 2023 2480 alibi
2046 2460 2102 2480 suo
2125 2449 2193 2482 loco
2215 2451 2317 2484 fusius

1367 2504 1609 2532 persequemur:
1644 2492 1700 2524 sed
1729 2503 1864 2533 quorum
1893 2498 1999 2523 tamen
2027 2491 2080 2523 hic
2110 2492 2200 2525 nobis
2227 2494 2317 2526 lucu-

1367 2536 1486 2566 lentum
1517 2536 1698 2576 exemplum
1730 2535 1924 2576 proponitur,
1954 2534 1986 2565 in
2017 2533 2077 2566 hoc
2100 2542 2164 2566 toto
2189 2537 2316 2577 negotio

1365 2577 1528 2609 electionis
1551 2585 1583 2609 et
1608 2578 1765 2609 unct-ionis
1787 2576 1923 2609 Davidis
1945 2577 1976 2607 in
2001 2587 2117 2617 regem,
2143 2578 2181 2609 de
2203 2589 2267 2619 qua
2287 2579 2316 2610 si

1365 2631 1403 2651 cx
1423 2620 1605 2660 primordiis
1624 2619 1778 2652 iudicium
1801 2620 1865 2658 fiat,
1887 2618 2113 2659 impedimento
2137 2621 2233 2653 fuisse
2254 2621 2316 2662 ipsi
