2551 3044
390 230 454 263 δῶ
1227 229 1430 262 Romula
1454 230 1563 262 XCII.
2317 233 2381 265 564

389 324 541 361 candum,
572 333 690 363 nempe
715 323 814 354 decem
837 322 947 354 diebus
965 323 1109 363 peraffls,
1136 332 1319 363 percussum
1343 335 1362 356 a

392 367 527 398 Domino
562 366 662 405 fuisse
692 365 862 402 Nabalem,
897 368 924 397 et
959 369 1113 397 mortuum
1143 375 1216 397 esse.
1267 366 1362 399 Unde

390 410 545 440 discimus
559 408 664 440 Deum
686 419 750 439 non
771 409 962 448 punientem
982 419 1023 440 ex
1048 415 1193 449 tempore
1216 409 1362 441 inimicos

391 460 536 491 nostros,
571 451 626 483 sed
661 451 758 482 etiam
790 451 985 482 tolerantem
1017 452 1109 491 quasi
1144 451 1184 482 ad
1218 453 1360 492 ipsorum

389 547 428 568 en
454 538 464 568 i
488 537 704 569 constituisse.
747 536 904 568 Nostrum
928 537 1031 577 igitur
1051 542 1103 568 est
1125 537 1361 578 impatientiam

390 580 551 617 cohibere,
575 586 607 611 et
623 580 774 620 quoniam
795 579 874 611 adeo
898 579 1088 610 festinamus
1111 579 1150 610 ad
1175 581 1360 617 vindictam,

389 629 425 654 ut
461 623 487 654 si
520 622 611 654 Deus
640 632 706 653 non
736 622 848 654 statim
881 622 1028 654 ultricem
1059 632 1193 654 manum
1224 630 1361 662 exserat,

389 665 452 706 ipsi
475 664 699 706 obloquamur,
730 671 761 696 et
785 674 909 696 moram
932 665 1020 696 illam
1043 665 1254 706 impatienter
1277 666 1359 698 fera·

389 718 472 745 mus,
496 718 534 739 eo
554 709 709 739 attentius
726 708 879 748 exempla
899 707 1142 741 consideremus
1165 719 1246 749 quae
1269 710 1360 741 nobis

390 758 626 792 proponuntur,
649 751 683 782 in
703 751 819 791 quibus
833 751 924 782 Deus
943 751 1096 792 patefacit
1114 761 1147 783 se
1171 753 1359 793 opportuni-

388 799 485 825 tatem
528 804 622 825 nosse
663 793 821 834 puniendi
856 804 934 834 quos
968 804 1026 825 suo
1059 794 1179 826 iudicio
1214 801 1360 826 reservat

387 847 524 876 poenam
548 847 658 868 eorum
682 836 846 868 differens.
891 835 956 868 Sed
981 837 1013 869 in
1033 837 1147 877 primis
1169 838 1246 878 quid
1269 848 1360 870 sacra

387 881 507 920 pagina
537 879 650 911 doceat
681 879 904 916 attendamus,
935 890 1018 920 quae
1048 880 1168 920 passim
1201 881 1269 912 Deo
1301 881 1359 912 uni

387 924 592 954 autoritatem
617 922 794 953 vindictam
819 923 990 954 exercendi
1015 923 1138 954 tribuit.
1181 923 1264 954 Nam
1290 924 1359 954 istis

387 965 494 997 verbis
531 965 647 1006 quibus
681 964 742 996 sibi
776 966 831 996 uni
863 965 953 996 Deus
987 965 1166 997 vindictam
1197 966 1358 1004 describit,

385 1009 578 1040 fraenantur
609 1018 724 1040 sensus
754 1018 868 1039 omnes
899 1008 1017 1045 nostri,
1049 1014 1085 1039 ut
1117 1009 1186 1040 Deo
1217 1009 1358 1040 tribuere

386 1051 471 1092 quod
519 1051 578 1091 ipsi
626 1052 792 1091 proprium
842 1057 891 1082 est
938 1050 1116 1082 discamus:
1163 1057 1195 1082 et
1241 1063 1358 1084 manus

387 1101 516 1126 nostrae
539 1093 642 1125 veluti
666 1093 809 1127 vinculis
831 1094 1046 1134 oetineantur,
1070 1104 1110 1125 ne
1133 1094 1166 1125 in
1191 1105 1250 1126 sua
1273 1095 1358 1135 quis-

386 1148 446 1177 que
465 1146 563 1168 causa
582 1135 681 1168 iudex
705 1146 776 1167 esse
799 1136 889 1174 velit,
913 1143 945 1168 et
968 1147 1009 1167 ex
1034 1136 1168 1168 arbitrio
1192 1137 1224 1168 in
1249 1138 1356 1168 inimi-

385 1190 438 1212 cos
450 1180 583 1211 saevire.
619 1179 793 1211 Praeterea
806 1181 959 1219 quoniam
979 1184 1044 1210 tam
1064 1179 1204 1211 fervidos
1224 1181 1357 1212 affectus

385 1223 552 1260 babemus,
583 1227 618 1253 ut
648 1222 703 1252 vix
735 1222 869 1253 retineri
900 1223 1025 1253 ratione
1049 1227 1178 1262 queant,
1208 1222 1298 1255 Deus
1320 1233 1356 1254 eo

384 1276 487 1307 usque
506 1264 723 1306 progreditur,
747 1271 783 1295 ut
805 1275 863 1297 nos
886 1264 1047 1296 moderari
1071 1265 1162 1296 nobis
1185 1265 1356 1304 discamus,

385 1314 417 1340 et
441 1309 485 1339 ita
509 1308 658 1340 cohibere
682 1308 857 1349 passiones,
889 1314 924 1339 ut
947 1317 1046 1348 quum
1069 1306 1177 1339 hostes
1199 1308 1356 1340 videbun-

385 1357 439 1382 tur
452 1350 558 1390 inulti,
577 1357 607 1382 et
627 1350 823 1391 flagitiorum
843 1351 987 1391 ipsorum
1002 1350 1092 1381 Deus
1111 1350 1228 1382 oblitus
1247 1352 1355 1383 existi—

385 1393 536 1432 mabitur,
569 1393 660 1424 nobis
692 1398 800 1424 tamen
830 1393 1083 1434 persuadeamus
1106 1393 1213 1425 Deum
1243 1404 1356 1426 causas

385 1437 514 1473 habere,
545 1446 604 1468 cur
633 1436 674 1467 ad
705 1442 833 1476 tempus
863 1446 984 1476 poenas
1007 1435 1145 1474 differat,
1176 1440 1208 1468 et
1231 1437 1355 1468 exitum

385 1479 515 1511 tandem
551 1478 848 1510 demonstraturum
882 1479 990 1510 Deum
1023 1489 1087 1509 non
1119 1479 1256 1511 oblitum
1288 1490 1357 1512 esse

384 1522 480 1554 officii
500 1522 559 1558 sui,
584 1521 668 1562 quod
685 1529 733 1552 est
751 1521 866 1552 mundi
889 1521 1028 1553 iudicem
1052 1531 1137 1553 esse:
1161 1532 1198 1554 ac
1221 1523 1356 1563 proinde

384 1570 512 1605 tempus
551 1564 619 1595 fore
656 1574 718 1604 quo
754 1565 855 1604 ipsius
884 1564 1001 1596 iudicio
1030 1564 1204 1603 sistantur,
1248 1570 1280 1597 et
1309 1566 1354 1596 rei

382 1612 594 1650 peragantur,
625 1607 846 1648 rationemque
868 1607 1027 1639 factorum
1051 1607 1199 1648 reddant,
1225 1618 1356 1649 poenas-

383 1661 444 1693 que
479 1650 612 1690 flagitiis
644 1649 713 1681 suis
747 1649 873 1682 debitas
907 1650 1011 1689 luant,
1046 1650 1120 1682 licet
1153 1650 1194 1682 ad
1228 1657 1355 1692 tempus

382 1703 504 1735 poenae
535 1692 740 1724 differantur.
786 1693 830 1724 Et
862 1693 992 1733 quidem
1024 1693 1180 1725 hodierno
1211 1698 1356 1735 tempore

382 1735 565 1768 necessaria
593 1741 641 1766 est
666 1735 764 1767 huius
788 1735 953 1768 doctrinae
977 1736 1156 1775 meditatio,
1181 1746 1245 1777 quo
1269 1737 1356 1768 vide-

383 1790 455 1812 mus
490 1779 674 1809 coniuratos
710 1778 820 1810 hostes
852 1779 1000 1811 veritatis
1031 1779 1159 1810 miseris
1187 1779 1356 1816 insultare,

382 1823 488 1854 minas
508 1821 680 1860 intentare,
704 1827 735 1852 et
757 1827 848 1852 tanta
872 1821 1007 1855 audacia
1030 1822 1064 1853 in
1088 1823 1222 1854 miseros
1244 1822 1357 1854 fideles

382 1866 564 1906 insurgere,
589 1869 626 1894 ut
649 1863 687 1895 de
711 1864 791 1906 ipsis
814 1872 921 1896 aetum
946 1864 1107 1904 videatur,
1130 1865 1267 1906 ideoque
1290 1865 1356 1897 vic-

383 1909 500 1940 toriam
537 1916 654 1938 canere
683 1913 714 1937 et
744 1907 959 1949 triumphare.
1011 1907 1121 1947 Quare
1151 1908 1179 1939 si
1210 1908 1295 1940 dicta
1326 1913 1357 1939 et

385 1951 471 1983 facta
502 1950 644 1990 ipsorum
677 1949 912 1990 expendamus,
943 1950 990 1981 illi
1021 1950 1125 1982 modis
1149 1950 1300 1982 omnibus
1323 1951 1356 1982 in

385 1995 492 2026 Deum
512 2001 671 2033 peccasse,
694 1997 726 2023 et
745 1993 854 2024 iniurii
877 1994 974 2024 fuisse
995 1994 1208 2034 reperientur,
1232 1998 1263 2025 et
1285 2004 1357 2026 reos

385 2035 585 2073 mirabimur,
605 2036 765 2076 quomodo
785 2035 895 2067 divina
916 2036 1058 2067 vindicta
1077 2042 1142 2068 tam
1162 2036 1217 2068 diu
1235 2036 1356 2069 inultos

386 2079 485 2115 ferat,
517 2083 549 2108 et
579 2078 612 2108 in
643 2077 778 2109 dubium
810 2088 945 2117 vocare,
978 2079 1111 2111 Deusne
1142 2079 1182 2111 ad
1213 2080 1356 2121 ipsorum

385 2121 511 2163 flagitia
533 2120 701 2159 caecutiat,
724 2131 765 2152 an
790 2132 866 2152 vero
889 2122 930 2153 sit
953 2121 1071 2153 oblitus
1094 2132 1153 2163 pro
1176 2121 1299 2154 meritis
1323 2123 1356 2153 in

386 2165 459 2196 illos
489 2163 756 2195 animadvertere.
802 2164 927 2197 Verum
951 2163 1022 2196 Deo
1046 2165 1162 2197 iudicia
1185 2176 1242 2197 sua
1266 2165 1357 2197 diffe-

388 2216 489 2244 rente,
520 2206 682 2237 discamus
707 2207 844 2238 nimium
870 2206 1013 2239 fervidos
1037 2213 1147 2239 aestus
1171 2209 1355 2249 passionum

388 2260 542 2287 coercere,
566 2255 597 2280 et
617 2250 736 2280 tamin
760 2260 870 2281 sacrae
893 2250 1032 2290 paginae
1058 2251 1237 2282 doctrinam
1262 2260 1358 2291 quam

388 2294 420 2324 in
441 2291 591 2332 exempla
614 2302 694 2332 quae
718 2293 751 2323 in
775 2292 830 2322 illa
853 2300 1087 2332 proponuntur,
1112 2298 1145 2325 et
1167 2294 1356 2334 praesertim

389 2337 422 2367 in
442 2335 502 2366 hac
521 2335 666 2371 historia,
690 2341 833 2366 mentem
857 2342 889 2366 et
912 2335 1021 2367 oeulos
1044 2343 1244 2368 convertere.
1275 2336 1356 2367 Nam

389 2388 487 2419 quum
511 2377 645 2410 Nabalis
674 2377 879 2410 contumeliis
908 2383 940 2409 et
962 2378 1092 2410 iniuriis
1117 2379 1223 2410 David
1248 2379 1359 2411 fuisset

388 2427 604 2462 provocatus,
638 2425 670 2451 et
704 2420 744 2452 ad
778 2421 970 2452 sumendam
1005 2422 1182 2453 vindictam
1217 2426 1358 2462 paratus,

388 2464 563 2504 impeditus
587 2468 673 2494 esset
696 2463 870 2495 aDomino
893 2474 1023 2495 sumere
1045 2465 1083 2495 de
1108 2465 1200 2496 hoste
1223 2473 1358 2505 poenas:

389 2507 514 2538 interea
526 2505 630 2536 Nabal
654 2505 742 2536 domi
765 2506 894 2546 quietus
918 2517 1046 2547 poenas,
1071 2513 1102 2538 et
1125 2507 1242 2539 iustam
1266 2507 1358 2548 puni-

390 2553 511 2581 tionem
543 2549 686 2580 evasisse
709 2549 973 2580 existimabatur:
997 2550 1052 2581 sed
1076 2551 1279 2582 cessantibus
1302 2550 1357 2581 ho-

390 2592 532 2624 minibus
543 2590 634 2622 Deus
657 2592 814 2622 rationem
838 2592 928 2623 illam
951 2592 1129 2633 castigandi
1154 2603 1212 2633 pro
1235 2592 1359 2624 meritis

390 2636 525 2667 invenit.
561 2633 648 2666 Hinc
671 2635 779 2674 itaque
802 2634 966 2666 discamus
988 2635 1070 2666 nihil
1095 2636 1134 2666 dc
1156 2637 1227 2666 iure
1250 2635 1358 2667 divino

390 2677 571 2714 detrahere,
593 2677 650 2707 sed
668 2678 832 2716 patienter
850 2677 988 2709 serentes
1007 2678 1150 2716 iniurias,
1170 2689 1237 2710 rem
1258 2684 1357 2710 totam

1415 324 1486 356 Deo
1515 325 1766 360 committamus,
1796 330 1828 355 et
1852 323 2043 355 iudiciorum
2068 325 2169 365 ipsius
2192 327 2380 365 opportuni-

1415 372 1512 398 tatem
1527 366 1777 407 praestolemur;
1801 367 1932 398 minime
1945 366 2131 399 dubitantes
2151 368 2228 407 quin
2250 369 2379 400 tandem

1414 410 1521 450 ampla
1545 410 1635 441 nobis
1658 409 1746 440 illius
1769 409 1970 450 glorificandi
1994 409 2089 441 detur
2111 411 2243 442 occasio.

1498 452 1636 483 Interim
1669 451 1890 483 observandae
1923 453 2186 484 circumstantiae
2219 463 2299 493 quas
2329 453 2380 486 hic

390 495 515 568 flafftia
545 494 745 531 conniveret,
774 499 995 534 opportunum
1020 501 1148 534 tempus
1171 494 1244 526 illos
1266 496 1361 536 puni-
1385 495 1388 527 1
1412 495 1548 535 spiritus
1571 500 1703 526 sanetus
1727 494 1863 526 describi
1888 495 1998 526 voluit.
2034 494 2164 527 Dicitur
2186 506 2262 537 ergo
2275 496 2379 528 Nabal

1414 543 1597 569 revertente
1627 537 1778 578 Abigaile
1807 538 1904 569 fuisse
1934 538 2054 577 ebrius,
2084 548 2120 570 ac
2151 539 2285 579 proinde
2314 549 2380 570 non

1413 582 1552 620 potuisse
1583 581 1644 620 ipsi
1676 591 1809 611 uxorem
1841 580 2021 620 perieulum
2052 581 2086 612 in
2109 581 2192 622 quod
2217 591 2275 612 sua
2298 581 2379 613 stul-

1413 623 1483 654 titia
1514 625 1696 655 incurrerat
1724 628 1801 655 tuuc
1829 624 1858 654 ei
1881 623 2053 661 declarare,
2085 635 2125 655 ne
2148 625 2180 655 in
2204 625 2378 656 amentiam

1412 672 1444 696 et
1474 666 1614 697 furorem
1646 672 1833 697 verteretur.
1880 666 2004 697 Vinum
2035 668 2121 697 enim
2145 667 2235 698 velut
2257 677 2378 699 cornua

1413 708 1518 745 babet,
1542 709 1657 748 quibus
1676 709 1886 740 immoderate
1905 714 2070 749 sumptum
2094 709 2240 741 homines
2263 710 2379 741 efferat.

1412 758 1442 782 et
1465 752 1624 782 immanes
1647 751 1769 783 reddat.
1815 751 1871 783 Sic
1895 751 1997 783 Nabal
2021 751 2125 783 factus
2147 753 2263 790 ebrius,
2287 753 2314 784 si
2337 763 2378 784 ex

1412 794 1562 835 Abigaile
1594 799 1664 825 tum
1691 794 1906 826 intellexisset
1935 804 2016 834 quae
2045 800 2137 835 gesta
2166 795 2312 833 fuerant,
2341 795 2377 826 in

1412 838 1552 868 furorem
1577 838 1760 876 exarsisset,
1791 843 1823 868 et
1845 837 1998 868 violentis
2021 838 2190 870 affectibus
2213 837 2377 879 abreptus,

1413 880 1461 911 vel
1493 880 1525 911 in
1556 880 1661 920 ipsam
1690 880 1847 917 irruisset,
1877 880 1929 911 vel
1959 881 1993 911 in
2024 880 2184 911 Davidem
2215 880 2373 921 impetum

1411 923 1553 954 fecisset:
1589 923 1726 963 denique
1753 933 1889 964 magnas
1920 923 2030 954 turbas
2059 923 2208 955 dedisset.
2253 923 2377 955 Idcirco

1412 970 1480 996 tum
1523 966 1675 1006 temporis
1708 965 1839 1006 Abigail
1879 976 1948 997 rem
1987 971 2113 1006 gestam
2146 965 2377 1003 dissimulavit,

1411 1009 1685 1049 opportunitatem
1719 1014 1912 1049 exspectans
1947 1019 2046 1048 quum
2077 1009 2245 1049 crapulam
2275 1008 2376 1040 exha-

1411 1051 1523 1088 lasset,
1558 1061 1627 1082 rem
1657 1056 1757 1083 totam
1781 1051 1828 1082 illi
1851 1050 2046 1083 declarandi.
2091 1052 2201 1090 Quare
2224 1051 2377 1092 perendie

1410 1094 1457 1124 illi
1502 1105 1568 1125 rem
1614 1099 1738 1134 gestam
1785 1094 1946 1131 narravit,
1991 1105 2054 1134 quo
2098 1105 2233 1126 numero
2279 1094 2377 1125 vehe-

1410 1142 1535 1168 menter
1563 1137 1767 1177 obstupuisse
1790 1137 1918 1175 dicitur,
1949 1144 1980 1168 et
2004 1138 2099 1178 paulo
2122 1144 2195 1178 post
2219 1143 2376 1168 mortuus.

1409 1180 1495 1211 Hinc
1514 1180 1654 1220 primum
1679 1179 1978 1211 animadvertamus
2001 1180 2105 1220 qualis
2127 1184 2312 1220 quantaque
2334 1181 2378 1212 sit

1410 1223 1577 1254 hominum
1601 1223 1862 1263 intemperantia,
1888 1228 1923 1253 ut
1946 1230 2073 1263 praeter
2096 1233 2282 1254 mensuram
2305 1232 2376 1254 sese

1409 1266 1485 1297 vino
1514 1266 1727 1307 ingurgitent.
1774 1265 1907 1297 Nabalis
1937 1265 2068 1306 quidem
2096 1267 2286 1297 convivium
2309 1275 2375 1296 non

1410 1309 1469 1339 fuit
1498 1319 1555 1349 per
1579 1320 1613 1340 se
1637 1308 1904 1348 vituperandum:
1929 1319 2002 1339 nam
2026 1314 2058 1340 et
2081 1309 2150 1349 lege
2173 1308 2284 1339 divina
2306 1317 2377 1348 per-

1410 1351 1551 1382 mittitur
1569 1351 1689 1383 amicos
1708 1351 1748 1382 ad
1771 1351 1960 1382 convivium
1984 1351 2131 1390 invitare,
2155 1358 2185 1382 et
2208 1350 2376 1382 liberalius

1410 1399 1566 1425 tractare:
1589 1394 1644 1426 sed
1669 1404 1817 1434 peccasse
1841 1395 1873 1425 in
1897 1404 2032 1426 excessu
2051 1394 2208 1426 Nabalem
2231 1398 2376 1434 apparet,

1410 1447 1508 1477 quum
1522 1437 1620 1469 fuisse
1633 1437 1759 1478 regium
1773 1437 1957 1469 convivium
1971 1437 2099 1475 dicitur,
2123 1443 2159 1468 ut
2177 1436 2375 1469 conditionis

1409 1489 1485 1511 suae
1498 1480 1616 1511 limites
1625 1480 1834 1512 transsiliisse
1846 1484 1988 1511 notetur.
2002 1480 2089 1511 Hinc
2097 1479 2375 1521 singulidiscunto

1409 1533 1479 1554 sese
1496 1523 1584 1554 intra
1603 1523 1836 1563 temperantiae
1856 1522 1975 1554 limites
1993 1523 2167 1563 continere,
2191 1528 2222 1554 et
2240 1522 2274 1553 in
2297 1531 2375 1554 con-

1409 1566 1505 1597 viviis
1539 1565 1618 1597 luxu
1651 1571 1684 1597 et
1718 1566 1966 1606 intemperantia
2000 1576 2064 1596 non
2100 1575 2250 1606 peccare,
2290 1564 2375 1605 quod

1408 1608 1596 1648 plerumque
1625 1608 1737 1640 luxum
1767 1614 1949 1649 paupertas,
1982 1614 2039 1639 aut
2069 1608 2170 1639 multa
2193 1606 2374 1638 istiusmodi

1408 1652 1608 1683 incommoda
1641 1652 1843 1683 comitentur.
1899 1650 2016 1682 Modus
2050 1652 2159 1691 itaque
2193 1649 2375 1682 servandus

1409 1699 1467 1730 est,
1499 1700 1534 1725 ut
1564 1695 1634 1726 sine
1664 1694 1801 1726 avaritia
1830 1700 1862 1725 et
1893 1694 2064 1726 tenacitate
2087 1694 2243 1726 sobrietas
2265 1698 2376 1724 tamen

1409 1736 1513 1768 locum
1553 1737 1707 1769 obtineat.
1770 1737 1916 1768 Maxime
1956 1747 2033 1768 vero
2074 1735 2288 1777 vituperanda
2326 1739 2377 1767 est

1408 1779 1546 1812 ebrietas
1583 1780 1638 1811 illa
1668 1780 1820 1820 Nabalis,
1857 1781 1910 1820 qui
1942 1779 2017 1811 licet
2045 1780 2137 1811 initio
2167 1779 2292 1810 dicatur
2320 1788 2376 1810 cor

1408 1822 1559 1854 habuisse
1578 1823 1708 1861 laetum,
1732 1829 1840 1854 tamen
1864 1822 2015 1863 deinceps
2037 1823 2218 1854 ostenditur
2239 1820 2376 1852 obrutus

1408 1866 1453 1896 sic
1483 1865 1580 1897 fuisse
1611 1866 1696 1904 vino,
1727 1872 1761 1897 ut
1792 1866 1919 1897 nullum
1951 1865 2090 1906 amplius
2120 1865 2240 1897 rationi
2269 1864 2375 1895 locum

1409 1908 1582 1948 reliquerit,
1612 1915 1645 1940 et
1674 1909 1707 1940 in
1739 1909 1840 1940 feram
1875 1915 2018 1940 mutatus
2048 1909 2099 1946 sit,
2131 1908 2209 1939 adeo
2240 1912 2276 1938 ut
2303 1907 2374 1938 sine

1408 1952 1574 1983 occasione
1602 1952 1725 1983 fureret
1754 1957 1787 1983 et
1815 1951 2075 1983 debaccharetur.
2128 1950 2193 1983 Sed
2223 1960 2288 1981 non
2317 1948 2375 1980 abs

1409 2004 1443 2024 re
1457 1994 1534 2025 haec
1547 1994 1673 2034 phrasis
1686 2000 1863 2035 usurpatur
1876 1994 1936 2026 hoc
1948 1994 2028 2025 loco:
2049 1993 2205 2025 Nabalem
2225 1992 2375 2024 habuisse

1408 2047 1461 2068 cor
1492 2037 1607 2068 hilare:
1638 2048 1713 2068 nam
1746 2038 1899 2069 usitatum
1931 2044 1978 2068 est
1999 2036 2133 2069 ebriosis
2156 2034 2376 2077 proverbium,

1408 2079 1447 2110 ad
1468 2080 1581 2111 vitium
1605 2091 1700 2111 suum
1725 2087 1782 2111 aut
1804 2079 2017 2111 minuendum
2040 2085 2097 2111 aut
2120 2079 2305 2121 tegendum.
2328 2077 2375 2108 Et

1408 2122 1435 2153 si
1478 2123 1550 2161 quis
1584 2123 1806 2164 interrogatus
1840 2123 1879 2154 de
1913 2123 2045 2154 alterius
2079 2123 2234 2154 ebrietate
2265 2119 2372 2156 fuerit,

1408 2165 1596 2205 saepissime
1619 2166 1793 2206 respondet
1815 2165 1952 2197 hilarem
1976 2166 2083 2197 fuisse.
2128 2165 2213 2196 Nam
2236 2163 2377 2196 ebrietas

1409 2208 1529 2238 multos
1563 2219 1690 2249 semper
1725 2208 1821 2240 habet
1855 2207 2028 2240 advocatos
2062 2207 2102 2238 ad
2136 2206 2374 2248 turpitudinem

1409 2250 1580 2290 tegendam
1599 2262 1681 2291 quae
1704 2251 1765 2291 ipsi
1788 2251 1888 2282 inest:
1912 2250 2182 2291 quemadmodum
2207 2248 2375 2290 experien-

1410 2294 1454 2324 tia
1476 2293 1549 2333 plus
1572 2295 1650 2325 satis
1675 2294 1769 2325 fidem
1789 2295 1874 2333 facit,
1898 2294 2045 2325 homines
2067 2293 2222 2325 ebrietate
2244 2294 2277 2324 in
2300 2300 2376 2322 sues

1409 2335 1645 2374 transformari,
1666 2342 1698 2368 et
1710 2342 1869 2377 quantum
1883 2337 1915 2367 in
1928 2337 2006 2376 ipsis
2025 2342 2088 2367 est:
2108 2335 2172 2367 Dei
2189 2334 2374 2376 imaginem,

1409 2377 1448 2408 ad
1479 2388 1573 2418 quam
1605 2386 1699 2410 erant
1727 2379 1828 2411 creati
1856 2385 1888 2410 et
1917 2380 2061 2418 formati,
2093 2379 2132 2410 ab
2159 2379 2236 2419 ipsis
2265 2375 2376 2409 deleri.

1410 2420 1571 2459 Quoniam
1603 2422 1704 2462 igitur
1733 2422 1924 2463 plerumque
1948 2421 2095 2453 homines
2119 2421 2306 2453 ebrietatem
2330 2419 2377 2451 sic

1410 2470 1575 2497 excusant.
1611 2465 1745 2505 spiritus
1779 2472 1909 2497 sanctus
1942 2475 1977 2496 se
2007 2464 2045 2495 ad
2075 2464 2164 2506 vulgi
2193 2471 2375 2496 sermonem

1408 2507 1661 2544 accommodans,
1693 2507 1805 2538 eadem
1829 2508 1934 2539 utitur
1955 2507 2072 2548 phrasi,
2105 2517 2202 2547 quum
2226 2507 2286 2537 ait:
2309 2505 2376 2536 Na·

1409 2548 1512 2580 halem
1538 2548 1686 2581 habuisse
1709 2561 1763 2581 cor
1785 2550 1890 2581 hilare
1913 2556 1946 2581 et
1969 2549 2155 2581 iucundum.
2195 2548 2260 2581 Sed
2285 2547 2375 2579 dein-

1409 2600 1483 2631 ceps
1512 2593 1651 2623 ostendit
1681 2593 1902 2624 detestabilem
1934 2592 2022 2623 illam
2047 2592 2245 2623 hilaritatem
2267 2591 2376 2629 fuisse,

1409 2639 1441 2664 et
1469 2640 1615 2665 amentes
1645 2636 1826 2667 istiusmodi
1858 2635 2004 2667 homines
2027 2645 2108 2675 quos
2132 2635 2199 2666 vini
2217 2634 2309 2675 copia
2329 2633 2376 2665 sic

1409 2675 1631 2716 obstupefacit,
1651 2684 1685 2709 ut
1704 2679 1738 2709 in
1762 2678 1884 2710 belluas
1907 2678 2112 2719 degenerent,
2135 2687 2278 2717 suaeque
2300 2685 2376 2708 con-

2519 1463 2545 1732 -·“νά4Μ
2526 1429 2541 1449 ’3
2531 1396 2534 1404 -
