2551 3044
350 179 406 209 171

648 273 888 313 HOMlLlA
924 274 1028 313 LIX.

442 357 489 388 13.
518 357 601 387 Tulit
624 367 693 396 erqo
719 356 844 388 Samuel
865 369 960 390 corna
986 359 1054 392 olei.
1084 362 1110 389 et
1137 359 1226 389 unxit
1248 370 1315 390 emn

357 402 388 431 in
412 400 509 431 medio
525 401 663 438 fratrum
683 399 767 430 eius:
790 403 816 431 et
834 401 967 433 directim
986 405 1030 433 est
1042 402 1174 440 spiritus
1188 401 1317 433 Domini

354 444 404 475 <lie
434 443 490 473 illa
523 444 552 472 in
584 441 691 473 David
724 445 749 472 ct
781 442 938 483 deinceps:
971 455 1158 484 sumensque
1189 443 1318 475 Samuel

355 486 431 516 abiit
457 487 486 516 in
513 484 679 515 Ramatha.
727 485 775 515 14.
808 485 946 525 Spiritus
976 491 1075 518 autem
1113 486 1239 517 Ilmnini
1269 498 1315 518 rc—

353 529 442 560 ccssit
464 539 484 559 a
511 528 596 561 Saul.
625 530 650 557 et
681 528 854 567 esayieahat
882 540 950 560 eum
979 531 1112 569 spiritus
1143 540 1273 569 nequam
1296 542 1314 561 a
1340 526 1342 531 ’

353 571 498 603 Domino.
547 571 594 601 15.
620 570 835 610 luxeruntque
856 573 939 603 servi
964 572 1041 603 Saul
1063 573 1103 603 ad
1126 583 1211 603 enm.-
1239 572 1316 604 Ecce

350 615 483 654 spiritus
506 614 569 644 Dei
590 613 694 644 malus
716 614 852 653 erayitai
875 617 911 645 te.
959 616 1006 646 16.
1032 615 1139 646 lubeat
1156 614 1315 647 Dominus

353 660 463 691 noster,
494 659 520 686 et
550 656 631 687 servi
660 656 704 686 tui
735 657 788 695 qui
819 666 921 688 coram
943 661 970 689 te
991 661 1072 695 sunl,
1095 660 1240 697 quaerent
1262 658 1312 689 leo-

354 701 466 731 mincm
489 700 627 730 scientem
647 698 785 737 psallere
805 699 941 731 cithara·
971 704 1003 732 ut
1030 701 1152 740 quando
1175 701 1314 740 arripue-

354 744 395 774 rit
418 746 442 771 te
464 742 596 781 spiritus
609 741 670 772 Dei
689 741 801 777 malus,
821 742 938 781 psallat
959 754 1055 774 manu
1077 754 1145 779 sua,
1168 746 1195 775 et
1217 743 1314 774 levius

351 787 446 826 feras.
484 785 531 814 17.
554 783 595 814 Et
613 784 658 814 ai!
672 783 750 814 Saul
772 784 814 816 ad
835 795 938 817 servos
960 796 1045 817 suos:
1069 786 1230 818 Providete
1247 797 1315 827 cryo

354 828 431 859 mihi
454 828 586 865 aliquem
610 826 681 857 bene
701 826 889 866 psallentem,
911 831 939 859 et
961 829 1102 860 adducite
1119 839 1187 859 cnm
1205 829 1314 860 adme.

358 871 405 902 18.
442 870 484 901 Et
515 869 702 908 respondens
732 879 815 900 unus
843 871 880 901 dc
904 872 1022 911 pueri&
1053 873 1114 902 ait.-
1142 871 1220 902 Ecce
1250 872 1315 903 vidi

354 914 456 953 filium
481 912 550 943 Isa'i
574 911 820 943 Btthlehemitem
841 913 981 944 scientem
999 914 1141 954 psallere,
1162 917 1187 945 ec
1207 915 1314 951 fortis-

354 957 470 988 simum
493 955 606 994 robore,
637 957 664 985 ct
686 955 788 986 virum
816 955 997 992 bcHicosmn,
1028 960 1053 987 et
1076 957 1259 996 prudentem
1281 958 1313 988 in

354 999 463 1035 verbis,
493 1000 519 1028 et
548 998 651 1028 virum
677 997 858 1037 pulchrum,
892 1002 918 1030 et
940 999 1097 1030 Dominus
1118 1003 1159 1030 es!
1181 1010 1249 1031 eum
1272 1010 1312 1031 eo.

358 1041 406 1073 19.
430 1040 522 1072 Misit
550 1051 619 1080 erqo
643 1039 722 1071 Saul
744 1041 873 1072 nuncios
902 1042 944 1073 ad
968 1042 1044 1077 lsai,
1075 1043 1195 1074 dicens:
1227 1042 1315 1073 Mitte

355 1084 398 1117 ad
439 1094 486 1114 me
522 1082 627 1114 David
664 1082 767 1122 filium
805 1086 892 1115 tuum
932 1086 987 1124 qni
1026 1088 1068 1116 cst
1106 1086 1137 1116 in
1175 1085 1313 1124 pascuis.

356 1127 407 1158 20.
435 1126 517 1157 Tulit
538 1126 640 1165 itaque
665 1125 734 1157 lsai
755 1126 882 1158 asinum
907 1128 1033 1165 plenum
1052 1128 1197 1167 panibus,
1221 1131 1247 1159 et
1269 1128 1315 1160 la-

355 1179 464 1212 genam
486 1169 563 1207 vini,
586 1171 612 1199 et
633 1168 759 1199 hoedum
781 1168 817 1200 de
839 1169 944 1208 capris
967 1180 1071 1209 unum,
1100 1174 1126 1202 et
1154 1172 1239 1202 misit
1257 1181 1315 1210 per

354 1222 482 1244 manum
506 1211 612 1242 David
639 1210 701 1250 filii
729 1211 781 1242 sui
812 1211 913 1243 Sauli.
958 1212 1009 1244 21.
1034 1213 1076 1244 Et
1104 1216 1184 1244 venit
1206 1213 1315 1245 David

354 1256 396 1287 ad
410 1254 498 1292 Saul,
517 1257 542 1285 et
562 1254 643 1285 stetit
664 1264 767 1285 coram
789 1264 839 1285 eo:
862 1257 894 1285 at
916 1254 967 1286 ille
988 1256 1095 1286 dilexit
1117 1267 1185 1287 eum
1208 1257 1313 1295 nimis,

355 1301 381 1330 et
410 1300 511 1338 factus
541 1299 584 1328 cst
612 1297 680 1328 eius
714 1297 857 1337 armi-aer.
900 1297 951 1328 22.
983 1298 1134 1338 Misitque
1166 1299 1243 1331 Saul
1272 1299 1315 1330 ad

357 1341 436 1381 lsai,
466 1340 587 1371 dicens.-
619 1339 679 1370 Stet
702 1339 810 1371 David
838 1341 871 1371 in
901 1344 1058 1381 conspectu
1090 1352 1168 1373 meo.-
1201 1343 1315 1373 invonit

356 1385 437 1415 enim
458 1383 595 1423 qratiam
614 1383 647 1413 in
666 1382 762 1413 oculis
773 1383 858 1414 meis.
890 1382 1058 1424 23.19it2‹r
1075 1385 1315 1424 quandocunque

353 1427 488 1466 spiritus
500 1425 563 1456 Dei
585 1424 754 1464 arripiebat
773 1424 860 1464 Saul,
884 1425 993 1457 David
1013 1427 1131 1458 tollebat
1151 1428 1313 1466 citharam,

355 1472 382 1500 et
407 1467 596 1508 percutiebat
626 1478 721 1498 manu
750 1478 818 1507 sua,
851 1471 879 1499 et
911 1469 1143 1508 refocillabatur
1172 1470 1258 1508 Saul,
1287 1473 1315 1502 et

355 1512 453 1543 levius
475 1510 617 1542 habebat.-
645 1510 796 1542 recedebat
824 1511 905 1542 enim
934 1512 973 1543 ab
996 1522 1028 1543 co
1050 1513 1182 1551 spiritus
1203 1513 1314 1545 malus.

439 1596 477 1627 In
502 1596 652 1627 unctione
679 1595 826 1636 Davidis,
856 1597 894 1627 dc
918 1607 980 1638 qua
1002 1599 1198 1629 mentionem
1223 1599 1313 1630 iusti-

352 1639 484 1675 tuimus,
507 1637 743 1670 observandum
763 1644 812 1670 est
824 1639 928 1670 Deum
949 1640 1067 1671 frustra
1091 1641 1171 1672 nihil
1194 1642 1313 1680 conari,

355 1682 429 1713 licet
451 1692 514 1712 non
537 1682 646 1712 statim
671 1681 711 1712 ab
734 1682 917 1714 hominibus
941 1683 1070 1714 virtutis
1097 1685 1196 1724 ipsius
1220 1685 1312 1716 effee-

354 1731 422 1756 tum
445 1724 671 1764 conspiciatur.
718 1724 868 1765 Exempli
899 1725 1012 1766 gratia,
1048 1726 1152 1757 David
1184 1727 1313 1767 quidem

353 1773 471 1798 unctus
494 1772 543 1797 est
565 1777 584 1797 a
608 1766 768 1804 Samuele,
791 1767 845 1798 sed
869 1778 908 1798 an
933 1767 1002 1799 ideo
1025 1775 1177 1808 paternae
1201 1769 1313 1801 domus

351 1815 448 1850 caput
472 1810 575 1840 factus
598 1809 669 1840 est?
710 1809 844 1840 Minime
867 1811 1024 1851 gentium.
1070 1811 1122 1843 An
1146 1813 1314 1844 immutata

352 1853 453 1893 ipsius
477 1851 637 1883 conditio?
684 1852 907 1893 Nequaquam,
938 1853 996 1884 sed
1025 1855 1197 1894 pristinum
1229 1856 1312 1886 vitae

353 1902 473 1927 statum
499 1895 733 1935 pascendarum
756 1896 864 1926 ovium
885 1896 1029 1928 retinuit.
1075 1897 1139 1928 Ubi
1166 1908 1242 1938 ergo
1265 1898 1313 1929 vis

354 1938 525 1975 unctionis,
549 1937 705 1977 siquidem
730 1938 887 1979 inglorius
911 1939 949 1970 ad
974 1943 1064 1979 septa
1089 1940 1197 1971 ovium
1222 1941 1312 1977 vivit,

353 1987 385 2013 et
409 1991 473 2012 non
504 1982 690 2021 agnoscitur
719 1980 804 2012 alius
835 1991 930 2021 quam
962 1986 1036 2013 ante
1066 1983 1180 2021 fuerat,
1211 1994 1313 2023 neque

353 2024 423 2055 laus
447 2023 513 2054 ulla
544 2023 604 2064 ipsi
636 2023 812 2054 tribuitur?
860 2024 983 2055 Verum
1016 2029 1122 2056 tamen
1155 2026 1314 2065 requievit

353 2066 487 2097 Domini
513 2067 645 2106 spiritus
669 2067 702 2096 in
727 2066 778 2097 die
803 2066 858 2097 illa
880 2067 913 2098 in
937 2066 1073 2106 Davide,
1096 2079 1160 2099 non
1184 2068 1223 2098 ad
1247 2079 1312 2099 mo-

354 2117 508 2145 mentum,
539 2108 592 2139 sed
622 2109 774 2149 quamdiu
810 2110 900 2140 vixit.
952 2109 1172 2141 Nihilominus
1206 2117 1312 2142 tamen

354 2163 394 2183 ex
418 2153 523 2192 specie
546 2158 689 2187 externa,
721 2157 753 2182 et
776 2151 943 2184 hominum
966 2153 1126 2193 opinione,
1157 2153 1246 2184 nulla
1269 2155 1314 2184 vi-

354 2195 449 2226 detur
473 2195 505 2225 in
533 2193 659 2225 Davide
683 2196 827 2233 mutatio,
852 2206 888 2227 ae
910 2194 1045 2236 proinde
1067 2195 1169 2227 videri
1191 2201 1315 2235 poterat

354 2238 461 2270 unctio
487 2237 540 2267 illa
564 2237 688 2268 inutilis
713 2243 743 2268 et
767 2237 910 2269 ridicula.
944 2237 1009 2269 Sed
1029 2248 1094 2269 non
1118 2239 1187 2270 ideo
1207 2244 1312 2270 tamen

355 2291 418 2311 non
443 2285 490 2310 est
513 2286 664 2320 operatus
691 2281 857 2317 Dominus,
881 2281 972 2312 cuius
995 2281 1098 2312 virtus
1119 2286 1152 2312 et
1175 2282 1314 2313 efficacia

354 2324 538 2354 unctionem
564 2322 651 2353 illam
675 2323 745 2354 sive
769 2324 912 2354 exterius
935 2324 1064 2364 signum
1083 2324 1235 2355 comitata
1257 2330 1314 2355 est.

354 2366 405 2397 Ex
441 2376 503 2405 quo
538 2364 708 2404 discimus,
744 2365 812 2397 Deo
848 2366 938 2397 nobis
972 2367 1110 2407 gratiam
1138 2377 1228 2398 suam
1259 2377 1316 2406 per

355 2409 449 2449 signa
482 2408 643 2447 quaelibet
674 2408 813 2439 visibilia
845 2415 1115 2448 repraesentante,
1150 2419 1314 2449 nunquam

354 2452 422 2482 fore
446 2451 564 2487 inania,
588 2451 642 2482 sed
664 2462 696 2481 rc
717 2452 783 2490 ipsa
800 2451 903 2482 Deum
924 2462 1003 2491 quae
1027 2463 1084 2493 per
1106 2452 1162 2483 illa
1184 2452 1315 2482 exhibet

355 2494 555 2525 effecturum.
602 2493 751 2534 Exempli
776 2495 879 2534 gratia
910 2495 1017 2525 unctio
1051 2495 1112 2526 ista
1135 2494 1316 2535 pertinebat

355 2536 395 2567 ad
416 2536 643 2575 temporarium
659 2536 793 2567 Davidis
815 2547 959 2577 regnum,
984 2537 1044 2568 etsi
1069 2537 1195 2578 longius
1218 2537 1312 2568 etiam

355 2579 528 2617 spectabat,
554 2589 668 2619 nempe
691 2579 730 2609 ad
756 2580 924 2610 veritatem
949 2580 1037 2611 illam
1061 2591 1142 2620 quae
1166 2580 1256 2611 nobis
1280 2580 1313 2610 in

1180 178 1381 210 IIOMILIA
1406 179 1496 211 LIX.

2267 182 2327 214 172

1370 281 1512 313 tempore
1535 284 1597 314 quo
1622 282 1736 307 unctus
1759 283 1816 314 est,
1848 286 1909 306 uon
1941 275 2003 306 ulia
2034 275 2203 306 videbatur
2231 287 2325 316 quam

1370 317 1460 356 regni
1484 317 1604 348 terreni
1629 318 1890 358 repraesentatio.
1938 318 2026 348 Deus
2055 318 2164 358 itaque
2186 319 2231 349 sic
2253 329 2325 359 ope-

1342 376 1343 387 1
1369 365 1467 394 ratur,
1500 367 1535 390 ut
1567 370 1629 390 non
1660 360 1701 391 sit
1730 360 1826 392 inane
1853 367 1885 391 ct
1916 370 2053 391 vacuum
2088 361 2234 402 signum,
2270 368 2326 393 aut

1369 401 1474 432 inanis
1498 402 1612 442 figura,
1644 413 1724 443 quae
1754 404 1838 435 solos
1862 403 1970 434 oculos
1993 404 2240 443 perstringeret:
2272 403 2326 436 sed

1368 454 1440 474 cuni
1475 445 1568 485 signo
1599 446 1789 477 coniunctus
1819 446 1877 477 fuit
1910 445 2042 476 Domini
2077 447 2218 486 spiritus.
2272 445 2327 478 Sic

1368 487 1468 526 igitur
1492 488 1585 518 hodie
1615 498 1715 528 quum
1744 489 1777 519 in
1809 488 1968 529 baptismo
1991 487 2030 519 de
2049 495 2252 528 peccatorum
2278 499 2325 520 re—

1368 529 1519 561 missione
1543 532 1640 561 fimus
1663 531 1830 563 certiores:
1863 537 1893 562 et
1917 531 1950 561 in
1974 540 2073 562 coena
2095 530 2246 562 docemur
2269 542 2326 564 nos

1368 572 1437 611 ipsa
1460 573 1516 604 filii
1543 573 1603 603 Dei
1627 573 1805 605 substantia
1828 575 1947 610 vivere,
1978 574 2125 614 quoniam
2150 574 2326 605 commuui—

1367 622 1458 645 catur
1494 616 1599 653 uobis,
1635 623 1670 647 ut
1702 617 1734 647 in
1769 617 1860 648 nobis
1895 616 2036 652 habitet,
2069 623 2101 647 et
2135 627 2192 648 nos
2225 617 2326 657 ipsius

1368 658 1512 689 membra
1532 659 1642 698 simus,
1662 669 1701 690 ne
1719 660 1811 700 signa
1830 659 1883 690 illa
1903 659 2123 690 existimemus
2136 670 2204 690 esse
2218 660 2326 691 inania

1367 701 1522 739 quaedum
1547 702 1736 741 spectacula.
1767 702 1822 733 sed
1853 712 1959 733 rerum
1985 702 2152 733 veritatem
2178 701 2269 734 nobis
2292 703 2325 734 in

1367 743 1431 773 illis
1454 744 1617 776 exhiberi:
1641 754 1677 775 ac
1701 744 1835 785 proinde
1857 743 2127 785 quemadmodum
2147 754 2229 785 aqua
2253 746 2325 776 visi·

1368 785 1423 816 bili
1459 787 1608 818 lavamur
1639 794 1670 818 et.
1700 787 1846 819 sordibus
1869 798 2058 828 purgamur,
2089 788 2133 817 ita
2156 787 2264 820 Deum
2293 788 2326 820 vi

1367 830 1468 861 sancti
1493 830 1542 861 sui
1567 830 1699 870 spiritus
1721 831 1846 861 animas
1877 837 2003 861 nostras
2027 831 2066 861 ab
2089 830 2176 860 omni
2200 830 2326 862 macula

1367 882 1514 913 purgare.
1561 873 1604 904 Et
1632 872 1902 913 quemadmodum
1930 873 1981 903 vel
2016 873 2046 903 in
2072 883 2186 912 aquam
2210 883 2278 904 mer
2302 874 2325 904 i-

1367 926 1449 953 mur,
1474 916 1524 946 vel
1549 926 1646 956 supra
1669 922 1764 956 caput
1787 926 1869 956 aqua
1893 916 2046 956 rigamur,
2070 915 2115 946 ita
2128 914 2234 946 Deum
2257 926 2274 946 e
2291 916 2326 948 fi·

1365 968 1438 990 cere
1459 959 1599 990 sciamus
1621 963 1657 989 ut
1681 958 1800 989 mundo
1825 959 2009 994 moriamur,
2039 964 2068 989 et
2103 964 2194 988 vetus
2217 965 2326 990 noster

1366 1001 1462 1033 homo
1493 1012 1566 1033 cum
1591 1000 1732 1032 Domino
1763 1007 1870 1032 nostro
1900 1001 1973 1032 Iesu
1997 1000 2130 1031 Christo
2161 1001 2326 1040 moriatur,

1366 1045 1420 1085 qui
1457 1043 1607 1084 baptismi
1642 1049 1735 1075 autor
1764 1049 1830 1081 est,
1864 1048 1896 1075 ot
1925 1043 2004 1074 illud
2036 1044 2069 1074 in
2100 1053 2238 1083 persona
2268 1054 2326 1076 sua

1366 1087 1577 1122 consecravit,
1608 1092 1645 1117 ut
1667 1087 1818 1118 certiores
1840 1086 1955 1118 fiamus
1978 1096 2035 1117 nos
2059 1087 2202 1117 omnium
2226 1087 2326 1127 ipsius

1367 1130 1523 1161 bonorum
1555 1130 1623 1161 fieri
1654 1129 1836 1170 participes,
1865 1139 1963 1169 quum
1993 1129 2113 1170 pignus
2137 1128 2223 1160 istud
2247 1129 2325 1162 aoei-

1366 1173 1473 1213 pimus
1496 1183 1559 1213 quo
1583 1171 1623 1203 ad
1647 1182 1756 1203 veram
1776 1177 1808 1203 et
1826 1173 1998 1212 perfectam
2018 1182 2107 1212 spem
2127 1170 2324 1204 deducimur.

1366 1215 1456 1247 Idem
1487 1220 1554 1246 esto
1585 1215 1623 1247 de
1653 1225 1752 1247 coena
1782 1214 1914 1246 dictum.
1959 1214 2029 1246 Hoc
2060 1215 2158 1255 igitur
2180 1220 2249 1246 esto
2271 1215 2326 1246 fir-

1367 1269 1456 1290 mum
1481 1258 1619 1294 axioma,
1649 1258 1754 1289 Deum
1785 1268 1850 1288 non
1878 1257 2028 1289 inanibus
2058 1258 2172 1298 figuris
2195 1267 2252 1289 nos
2277 1257 2327 1290 lu·

1367 1301 1451 1337 dere,
1482 1311 1581 1342 quum
1612 1301 1739 1341 signum
1770 1299 1897 1340 aliquod
1927 1305 1982 1331 aut
2012 1300 2149 1341 figuram
2179 1299 2329 1339 exhibet.;

1367 1344 1423 1376 sed
1454 1343 1530 1375 dare
1559 1350 1713 1383 tanquam
1744 1344 1860 1384 pignus
1895 1349 2016 1374 certum
2051 1349 2082 1373 et
2115 1341 2327 1375 indubitabile

1369 1387 1512 1418 omnium
1537 1386 1794 1426 promissionum,
1819 1396 1900 1426 quac
1923 1386 2020 1416 verbo
2044 1385 2145 1426 ipsius
2163 1386 2327 1417 continen-

1368 1435 1431 1461 tur.
1476 1430 1564 1461 Hinc
1593 1429 1690 1460 etiam
1720 1435 1855 1469 apparet
1883 1439 1945 1468 quo
1975 1428 2156 1459 dementiae
2178 1427 2326 1461 homines

1367 1473 1519 1504 venerint
1541 1479 1573 1503 et
1595 1482 1692 1512 quam
1714 1471 1889 1503 diabolicus
1908 1471 1996 1502 furor
2015 1471 2119 1507 fuerit,
2139 1481 2237 1510 quum
2256 1472 2325 1504 ausi

1366 1521 1442 1547 sunt
1464 1515 1524 1556 ipsi
1548 1514 1607 1546 sibi
1631 1515 1723 1556 signa
1746 1515 1866 1555 fingere
1890 1524 1995 1545 rerum
2020 1513 2221 1552 divinarum;
2241 1514 2325 1554 quod

1367 1559 1399 1590 in
1431 1563 1551 1599 papatu
1579 1558 1699 1589 factum
1731 1557 1889 1588 videmus.
1933 1556 2017 1587 Nam
2046 1556 2073 1588 si
2096 1566 2239 1596 quaeras,
2262 1566 2325 1598 quo

1367 1607 1480 1633 autore
1504 1602 1608 1642 figura
1632 1600 1688 1631 illa
1710 1611 1765 1632 seu
1789 1600 1925 1641 signum,
1959 1598 2042 1639 quod
2072 1605 2189 1630 vocant
2217 1603 2324 1632 extre-

1367 1654 1452 1676 mam
1476 1643 1670 1681 unctionem,
1689 1643 1722 1674 in
1741 1642 1905 1674 ecclesiam
1929 1642 2055 1673 invecta
2074 1642 2124 1680 sit,
2142 1641 2217 1682 quid
2237 1642 2324 1674 aliud

1366 1698 1461 1727 quam
1482 1692 1623 1718 veterem
1636 1686 1742 1717 nescio
1755 1696 1849 1726 quam
1861 1684 2125 1716 consuetudinem
2138 1684 2322 1724 proferent?

1366 1729 1490 1761 Verum
1513 1729 1626 1770 primis
1645 1729 1708 1760 illis
1727 1727 1925 1768 temporibus
1938 1726 2027 1759 Deus
2045 1727 2210 1759 miraculis
2227 1738 2324 1760 evan-

1365 1772 1440 1813 gelii
1454 1773 1626 1804 veritatem
1645 1770 1869 1804 commendare
1887 1775 1918 1802 et
1931 1771 2012 1801 tueri
2031 1769 2153 1807 volens,
2173 1770 2322 1811 spiritum

1365 1826 1459 1847 suum
1483 1814 1542 1847 sub
1565 1813 1746 1846 visibilibus
1768 1814 1870 1854 signis
1898 1813 2165 1845 communicabat.
2211 1813 2325 1854 Itaque

1365 1862 1434 1890 tum
1466 1857 1609 1889 adhibito
1643 1857 1703 1889 olei
1724 1859 1816 1897 signo
1838 1856 1959 1897 aegroti
1984 1854 2202 1886 valetudinem
2227 1867 2320 1888 recu·

1366 1901 1540 1941 per-abant:
1571 1900 1625 1931 sed
1657 1900 1711 1931 illa
1740 1899 1872 1930 fuerunt
1894 1903 2130 1929 momentanea.
2177 1897 2243 1930 Sed
2267 1900 2324 1939 qui

1366 1943 1460 1975 hodie
1483 1944 1577 1984 signa
1600 1943 1662 1975 ista
1686 1942 1797 1974 volunt
1819 1942 1852 1973 in
1872 1951 1966 1973 usum
1985 1951 2147 1980 revocare,
2165 1941 2323 1981 quomodo

1365 1987 1514 2027 spiritum
1537 1990 1686 2018 sanctum
1708 1985 1809 2026 signis
1832 1983 2021 2025 alligabunt.
2044 1988 2076 2015 et
2098 1984 2248 2015 omnibus
2270 1985 2323 2017 da-

1366 2035 1433 2060 tum
1467 2029 1507 2060 iri
1542 2027 1779 2068 persuadebunt
1813 2027 1928 2067 quibus
1961 2025 2039 2057 haec
2075 2026 2185 2057 unctio
2225 2026 2324 2059 fuerit

1364 2072 1608 2109 communicata,
1632 2076 1686 2103 aut
1710 2081 1728 2102 a
1748 2070 1867 2101 morbis
1891 2074 2049 2101 reeretum
2079 2068 2141 2099 iri?
2175 2079 2216 2100 an
2239 2070 2324 2109 quod

1365 2121 1413 2146 est
1437 2115 1531 2145 unius
1555 2114 1615 2145 Dei
1639 2114 1804 2154 proprium
1827 2112 1949 2144 habent
1970 2112 2002 2142 in
2025 2111 2207 2152 potestate?
2237 2112 2323 2146 Hinc

1366 2158 1465 2197 igitur
1488 2157 1616 2188 illorum
1649 2156 1785 2193 insignis
1813 2155 1996 2196 arrogantia
2025 2161 2055 2185 et
2083 2154 2240 2195 sacrilega
2268 2166 2323 2187 au-

1367 2200 1457 2231 dacia
1479 2200 1556 2231 satis
1579 2204 1722 2240 apparet,
1745 2209 1846 2239 quum
1875 2200 1968 2238 signa
1996 2196 2115 2228 audent
2144 2197 2323 2238 instituere,

1366 2253 1504 2282 quorum
1529 2243 1577 2273 vis
1601 2252 1670 2274 esse
1693 2241 1783 2273 nulla
1805 2246 1916 2281 potest,
1948 2250 2044 2280 quum
2074 2240 2172 2270 unius
2195 2240 2258 2271 Dei
2280 2241 2324 2273 sit

1367 2286 1490 2326 gratiae
1513 2295 1589 2316 suae
1612 2285 1706 2325 signa
1729 2284 1912 2315 hominibus
1936 2282 2020 2314 dare.
2055 2281 2146 2321 Quae
2166 2293 2242 2314 vero
2262 2283 2324 2316 ista

1367 2327 1499 2359 audacia
1533 2333 1599 2364 est,
1636 2327 1718 2367 quod
1753 2327 1892 2367 figuram
1929 2325 2076 2366 baptismi
2110 2333 2324 2366 corruperunt

1367 2370 1483 2401 additis
1506 2371 1572 2401 illis
1595 2371 1662 2402 suis
1686 2370 1836 2407 inventis,
1860 2373 1962 2409 epum,
1985 2367 2170 2405 luminibus,
2200 2369 2268 2400 oleo
2291 2375 2324 2402 et

1367 2413 1534 2451 similibus,
1557 2423 1639 2452 quae
1662 2412 1899 2453 singula'suam
1918 2410 2183 2451 significationem
2205 2410 2323 2445 habere

1367 2456 1531 2494 propriam
1560 2455 1683 2487 volunt.
1728 2453 1793 2487 Sed
1825 2454 1896 2495 quis
1923 2452 2068 2493 implebit
2098 2463 2180 2493 quae
2210 2454 2322 2495 figuris

1367 2497 1429 2527 illis
1452 2498 1626 2539 significari
1658 2498 1781 2529 dicunt:
1813 2508 1853 2529 an
1884 2496 2003 2527 habent
2032 2495 2078 2526 illi
2109 2496 2140 2526 in
2171 2496 2322 2537 spiritum

1367 2547 1515 2571 sanetum
1550 2539 1766 2580 potestatem?
1807 2550 1848 2572 an
1882 2543 2016 2580 possunt
2050 2539 2154 2578 ipsum
2189 2538 2322 2581 alligare

1367 2582 1516 2614 inanibus
1540 2584 1609 2615 istis
1632 2583 1698 2615 suis
1721 2582 1910 2615 commentis
1932 2586 1964 2612 et
1987 2581 2079 2612 vanis
2099 2581 2323 2621 speculationi-

359 2620 496 2652 Domino
526 2625 634 2653 nostro
659 2621 731 2653 Iesu
755 2622 886 2653 Christo
916 2622 1103 2654 exhibetur:
1135 2633 1246 2654 verum
1277 2632 1313 2654 eo
1339 2630 1341 2653 l
1367 2624 1450 2656 bus?
1483 2625 1592 2664 Quare
1615 2626 1640 2658 si
1664 2626 1830 2667 signorum
1853 2623 2071 2664 impletionem
2095 2623 2213 2656 habere
2235 2627 2323 2666 cupi-
