2551 3044
413 238 476 269 499

416 332 545 372 quidem
584 330 791 370 conquerenti
830 329 913 369 parti
959 328 1114 360 iustitiam
1161 327 1388 359 administrare

419 374 500 405 velle
532 372 697 409 simulant,
730 372 785 403 sed
817 372 949 402 interim
980 371 1158 402 connivent
1181 376 1214 401 et
1245 370 1386 410 spatium

418 415 561 456 faciendi
593 415 687 445 alteri
711 414 904 446 concedunt.
951 413 1016 445 Sed
1048 423 1113 443 non
1144 413 1188 444 ita
1212 412 1303 444 Deus
1333 413 1387 453 qui

418 458 591 507 improbos,
623 458 748 488 etiamsi
774 457 829 497 fug
819 457 944 492 ientes,
977 455 1107 495 reperit,
1130 460 1161 486 et
1185 466 1300 486 manus
1324 455 1388 486 illis

418 501 536 535 iniicit.
572 506 669 539 atque
704 500 777 530 lieet
814 498 1004 530 turibundos
1039 505 1071 528 et
1110 498 1211 528 instar
1245 499 1386 528 ferarum

417 543 615 580 saevientes,
647 549 677 572 et
708 542 852 572 furentes
887 541 1020 572 domare
1052 541 1160 576 novit,
1195 544 1226 571 et
1259 547 1388 588 tempus

417 592 638 626 opportunum
663 583 781 615 iudicio
810 594 867 615 suo
891 583 1108 624 praescripsit.
1154 582 1266 621 Quum
1291 583 1389 621 igitur

418 628 637 659 innocentiam
669 633 811 657 nostram
845 625 1102 666 patefecerimus,
1130 630 1162 656 et
1193 636 1249 656 nos
1281 636 1387 665 perse-

417 670 592 710 quentibus
613 670 689 700 vitia
705 680 763 700 sua
783 668 1012 704 detexerimus,
1037 676 1092 699 eos
1115 672 1222 698 tamen
1243 667 1282 698 ad
1301 667 1387 698 viam

418 713 594 748 melici-,em
615 719 645 742 et
665 712 703 742 ad
724 710 1007 742 mansuetudinem
1022 720 1174 741 revocare
1192 709 1387 743 studeamus

418 765 536 794 eosque
575 753 614 785 ad
651 754 801 784 vitiorum
826 753 1057 802 poenitentiam
1086 763 1144 801 pro
1168 758 1278 783 nostra
1304 751 1386 782 virili

418 798 624 829 deducamus.
650 797 693 827 At
714 797 741 827 si
759 797 871 826 moniti
897 806 961 826 non
986 795 1190 835 resipuerint.
1213 802 1245 825 et
1269 794 1388 825 nostris

419 839 697 871 cohortationibus
732 844 761 868 ct
798 838 946 878 exemplo
979 837 1018 869 ad
1061 837 1225 868 meliorem
1262 838 1386 876 frugem

419 893 482 913 non
508 882 647 912 revocati
669 882 799 919 suerint,
823 881 879 911 sed
898 880 1110 920 pertinaciter
1129 880 1162 910 in
1183 880 1306 910 malitia
1319 889 1389 919 per-

1205 233 1408 266 HOMILIA
1432 233 1624 266 LXXXVI.

2349 233 2412 264 500

1442 327 1519 359 falso
1542 327 1645 358 Deum
1672 325 1808 357 iudicem
1833 325 2054 363 advocaturos,
2078 332 2114 357 ut
2131 326 2238 357 David
2261 333 2410 367 precatus

1441 375 1489 401 est
1514 370 1620 400 Deum
1645 374 1680 399 ut
1707 367 1865 400 indicaret
1893 369 1979 400 inter
2009 379 2042 399 se
2065 374 2097 399 et
2120 368 2264 400 Saulem.
2306 369 2409 401 Porro

1440 423 1535 460 quum
1559 411 1665 442 Deum
1690 411 1794 451 ipsum
1821 410 1930 441 David
1953 410 2090 442 advocat
2113 411 2236 451 psalmo
2261 411 2316 442 illo
2339 421 2410 452 sep-

1441 456 1529 491 timo,
1554 461 1583 484 et
1608 453 1646 483 ‹le
1665 463 1762 484 causa
1791 463 1847 484 sua
1878 459 1913 484 ut
1938 453 2054 484 iudicet
2085 460 2245 494 precatur,
2279 457 2411 491 testans,

1440 508 1473 527 se
1498 506 1626 536 semper
1649 506 1727 535 erga
1746 495 1880 527 Saulem
1901 502 2021 526 rectam
2047 502 2187 527 mentem
2209 496 2360 528 habuisse
2379 502 2412 527 et

1441 539 1568 570 fidelem
1593 548 1723 577 operam
1748 538 1810 578 ipsi
1834 548 1980 574 navasse,
2012 544 2043 569 et
2072 549 2164 569 suam
2190 539 2411 570 innocentiam

1441 581 1590 612 omnibus
1621 585 1771 611 testatam
1804 581 1932 617 fecisse,
1968 591 2120 621 maguam
2157 581 2410 612 consolationem

1441 635 1481 654 ex
1513 633 1550 654 eo
1583 623 1689 663 potuit
1718 623 1891 663 percipere,
1923 628 1955 654 et
1988 623 2046 654 hac
2076 623 2193 654 fiducia
2221 623 2351 655 Saulem
2377 629 2412 654 ut

1414 699 1415 703 Ἰ
1441 666 1517 696 feeit
1541 675 1649 696 coram
1675 665 1736 696 Dei
1762 665 1916 696 tribunali
1941 666 2064 697 sistere.
2089 665 2310 704 Quamobrem
2336 666 2412 697 hine

1441 708 1602 739 diseamus
1627 707 1726 738 variis
1749 708 1878 738 iniuriis
1900 714 1933 738 et
1951 708 2158 740 contumeliis
2181 708 2321 740 lacessiti
2343 718 2411 739 mo—

1441 751 1577 781 destiam
1600 750 1714 787 colei-c,
1744 757 1777 781 ut
1802 760 1909 782 coram
1933 750 2004 781 Deo
2027 750 2162 786 sincere,
2194 757 2227 782 et
2245 751 2316 782 sine
2338 750 2412 782 fuco

1414 800 1415 811 ¹
1441 799 1586 823 nostram
1619 793 1837 823 innocentiam
1870 793 2015 833 proferre
2035 793 2197 832 possimus
2219 798 2252 824 et
2275 793 2411 824 eandem

418 924 649 960 severaverint,
675 930 742 954 tum
769 924 807 954 ad
833 923 940 954 Deum
967 924 1071 962 ipsum
1098 932 1272 962 provocare
1294 931 1387 961 coge·
1412 920 1415 945 l

419 977 503 1006 mur,
539 966 687 1006 diemque
717 966 782 997 illis
811 976 919 997 coram
952 965 1012 995 Dei
1047 964 1202 995 tribunali
1234 963 1386 994 iudicium

419 1010 569 1040 ultimum
595 1008 708 1045 dicere,
733 1015 765 1040 et
788 1008 938 1048 indignos
961 1008 1015 1047 qui
1041 1008 1110 1037 istis
1133 1007 1296 1038 beneficiis
1319 1006 1387 1036 fru-

419 1059 516 1082 antur
546 1050 725 1099 ostendere,
756 1061 894 1090 quorum
925 1050 1055 1080 taudem
1088 1049 1164 1079 ‹·1im
1196 1059 1301 1080 coram
1326 1048 1387 1078 Dei

420 1093 573 1125 tribunali
598 1094 757 1124 rationem
783 1092 941 1124 reddituri
965 1092 1041 1129 sint,
1073 1099 1105 1122 et
1136 1099 1210 1122 tune
1235 1090 1388 1130 agnituri,

417 1142 549 1176 crepent
574 1136 657 1176 licet,
681 1142 713 1167 et
734 1135 885 1166 dentibus
909 1117 1071 1171 frendant
1098 1134 1203 1164 nullas
1221 1143 1290 1164 esse
1315 1133 1389 1163 late-

419 1179 492 1210 bras
522 1178 638 1218 quibus
669 1179 716 1218 ips
721 1188 812 1209 orum
838 1177 1005 1217 turpitudo
1038 1177 1101 1215 tevi
1128 1177 1235 1215 possit.

420 1222 479 1252 boc
512 1221 654 1252 otticium
684 1227 830 1251 nostrum
863 1227 911 1250 est
934 1230 1010 1259 erga
1035 1219 1191 1256 inimicos,
1224 1224 1259 1248 ut
1283 1218 1388 1257 questi

419 1263 504 1303 apud
529 1264 614 1303 ipsos
639 1262 677 1293 de
697 1262 847 1293 omnibus
872 1261 970 1291 illatis
991 1262 1081 1291 n0bis
1105 1261 1242 1298 iniuriis,
1265 1267 1297 1291 et
1316 1270 1390 1291 con-

420 1307 523 1337 victos
548 1306 586 1335 de
610 1305 835 1344 iniquitatibus
860 1304 920 1334 Dei
948 1304 1052 1334 iudicii
1079 1304 1174 1334 minis
1199 1311 1388 1340 terreamus,

420 1355 451 1379 et
471 1358 578 1379 coram
593 1347 663 1378 Deo
677 1346 760 1378 diem
785 1347 862 1385 ipsis
883 1346 1033 1376 dicamus.
1060 1345 1232 1377 Caeterum
1250 1355 1388 1376 summo-

421 1401 496 1430 pere
526 1400 699 1421 eaveamus
730 1399 770 1420 ne
793 1389 854 1419 Dei
886 1399 1001 1419 nomen
1034 1393 1154 1419 temere
1186 1398 1387 1427 usurpemus,

419 1439 451 1464 et
485 1432 730 1463 meminerimus
765 1431 946 1462 horrendae
987 1431 1074 1461 illius
1110 1430 1387 1462 comminationis:

420 1475 528 1506 Deum
555 1485 618 1504 non
651 1474 886 1514 permissurum
919 1474 1050 1513 impune
1075 1473 1167 1511 ferre,
1198 1473 1250 1512 qui
1272 1483 1387 1503 nomen

419 1517 522 1557 ipsius
546 1523 666 1547 temere
691 1522 722 1547 et
746 1517 777 1546 in
804 1525 925 1546 vanum
950 1516 1144 1555 acceperint.
1182 1517 1290 1555 Atque
1309 1514 1388 1546 haee

420 1560 567 1591 doctrina
597 1565 646 1589 est
679 1569 715 1588 eo
747 1557 936 1597 diligentius
966 1557 1185 1593 observanda,
1221 1568 1284 1597 quo
1316 1568 1387 1596 pro-

420 1601 569 1633 cliviores
589 1601 627 1632 ad
642 1611 756 1631 nomen
772 1600 835 1630 Dei
859 1606 980 1631 temere
993 1599 1216 1639 usurpandum
1241 1600 1389 1630 hominos

421 1643 580 1675 videmus.
612 1642 718 1682 Quam
745 1648 839 1682 saepe
862 1643 947 1673 enim
968 1642 1062 1673 multi
1087 1642 1193 1673 Deum
1220 1642 1389 1680 advocant,

421 1692 601 1724 testemque
625 1693 655 1715 et
676 1685 814 1716 iudicem
839 1685 899 1716 sibi
923 1685 1001 1724 ipsis
1022 1685 1139 1718 ferunt,
1164 1684 1218 1715 sed
1239 1686 1388 1721 inaniter,

421 1735 453 1759 et
466 1728 713 1759 fraudulenter?
737 1728 824 1758 Sane
840 1726 946 1758 David
960 1737 1043 1757 unus
1055 1734 1112 1757 aut
1125 1727 1206 1757 alter
1223 1727 1254 1757 in
1270 1728 1389 1757 mundo

421 1771 610 1811 reperietur,
645 1776 677 1801 ct
700 1769 793 1800 multi
813 1770 868 1809 qui
888 1779 1069 1800 sermonem
1089 1770 1190 1809 ipsius
1210 1770 1389 1800 imitantur.

421 1813 486 1844 Sed
512 1822 630 1852 quaeso
654 1822 716 1851 quo
747 1812 896 1849 candore,
924 1822 1030 1851 quave
1062 1812 1259 1851 integritate,
1292 1823 1389 1852 quum

421 1855 475 1886 alii
500 1855 621 1895 periuri
646 1855 723 1892 sint,
746 1854 801 1885 alii
824 1859 1064 1885 sacrosanctum
1089 1854 1150 1885 Dei
1176 1864 1293 1885 nomeu
1318 1865 1389 1894 pro-

422 1899 544 1936 fanent,
567 1903 599 1928 et
622 1897 790 1928 simiarum
807 1906 896 1927 more
915 1900 1042 1927 tantum
1062 1896 1230 1927 imitentur
1250 1897 1390 1927 fidelium
1417 1907 1419 1913 ’

422 1940 484 1971 Dei
514 1949 683 1971 servorum
708 1948 802 1970 voces
827 1939 906 1975 illas,
937 1938 1024 1970 Deus
1047 1939 1133 1970 testis
1158 1941 1228 1970 esto.

425 2120 556 2141 eausam
579 2109 747 2140 dicendam
761 2109 910 2144 sciamus,
928 2113 963 2139 ut
984 2108 1127 2147 loquitur
1140 2108 1248 2139 David
1262 2108 1392 2139 Psalmo

426 2152 572 2191 septime.
619 2151 692 2190 Quo
719 2151 786 2182 loco
817 2162 851 2182 se
882 2162 947 2182 non
979 2150 1201 2190 imprudenter
1229 2150 1268 2182 de
1292 2150 1393 2182 Saule

428 2195 597 2234 loquutum
622 2200 768 2228 testatur,
794 2193 832 2224 ad
859 2193 964 2224 Deum
989 2193 1075 2224 enim
1097 2201 1258 2233 provocat.
1287 2193 1391 2224 Haec-

428 2247 489 2276 que
513 2236 661 2268 doctrina
680 2235 867 2267 meditanda
887 2236 980 2266 nobis
999 2235 1172 2276 diligenter
1194 2235 1393 2275 proponitur,

428 2280 530 2310 donec
554 2289 623 2310 eam
648 2279 745 2318 probe
770 2278 986 2309 didicerimus.
1023 2277 1192 2316 Quomodo
1216 2278 1316 2318 igitur
1339 2289 1393 2309 vo-

428 2322 550 2353 candus
573 2322 616 2352 sit
640 2321 730 2352 Deus
754 2321 854 2359 testis,
875 2331 913 2352 ex
939 2320 1075 2352 Davidis
1100 2320 1248 2360 exemplo
1272 2320 1394 2351 discere

429 2364 512 2395 licet.
548 2363 642 2402 Quod
668 2363 824 2394 nimirum
854 2363 881 2395 si
905 2363 1034 2403 quando
1058 2363 1177 2394 iniuste
1198 2372 1394 2398 accusemur,

429 2406 468 2437 ad
489 2417 599 2446 preces
612 2406 847 2446 confugiamus,
871 2410 903 2436 et
923 2405 1116 2437 intrinsecus
1130 2405 1191 2436 Dei
1212 2406 1395 2436 reverentia

430 2490 466 2522 Si
486 2491 528 2522 sit
547 2491 637 2522 nobis
656 2491 853 2521 conscientia
873 2491 964 2522 testis
983 2491 1184 2521 innocentiae
1202 2490 1272 2521 sine
1287 2495 1395 2522 osten-

431 2533 568 2571 tatione,
603 2534 629 2564 si
663 2533 816 2564 obtestari
851 2538 883 2564 et
913 2533 1003 2572 queri
1038 2533 1123 2564 iuste
1157 2533 1330 2572 possimus,
1364 2537 1396 2563 et

430 2586 572 2615 expanso
597 2583 771 2616 apertoque
794 2575 888 2606 corde
912 2575 1018 2607 dicere
1048 2575 1130 2611 licet,
1157 2575 1267 2606 Iustus
1291 2586 1324 2606 es
1348 2575 1394 2606 iu-

430 2617 491 2649 dex
505 2618 655 2655 Domine,
679 2618 718 2649 dc
742 2623 853 2649 nostra
877 2628 972 2649 causa
997 2618 1097 2658 igitur
1120 2618 1201 2649 ferto
1224 2617 1394 2649 iudicium:

432 2666 507 2692 tunc
537 2666 661 2691 certum
693 2666 751 2696 est,
792 2670 849 2691 nos
879 2670 983 2700 neque
1016 2661 1125 2701 lingua
1156 2670 1260 2700 neque
1290 2659 1394 2691 verbis

1304 1950 1391 1970 uam-
1418 1950 1419 1954 ¹

423 1983 532 2014 obrem
557 1992 656 2021 quum
676 1981 715 2012 ad
731 1981 836 2012 Deum
861 1991 1080 2021 provocamus,
1105 1986 1137 2011 et
1160 1939 1392 2021 corainpsius
1417 1982 1419 1993 ’

426 2024 582 2056 tribunali
606 2024 689 2064 parti
721 2024 928 2054 adversariae
962 2023 1046 2054 diem
1082 2023 1229 2062 dicimus,
1270 2027 1419 2058 attente}

425 2077 492 2098 rem
518 2073 616 2097 totam
637 2066 868 2106 expendamus,
893 2072 924 2096 et
943 2075 1050 2097 coram
1074 2066 1144 2106 ipso
1163 2067 1232 2096 sine
1256 2073 1392 2106 patrono
1418 2085 1419 2092 ι

1414 1015 1415 1018 ’
1441 1016 1523 1040 mus,

1414 1059 1415 1065 ¹
1441 1046 1552 1086 Quare
1583 1058 1646 1078 non
1676 1047 1756 1078 satis
1786 1053 1834 1078 est
1864 1047 1904 1078 ad
1937 1047 2041 1078 Deum
2072 1057 2257 1087 provocare,
2289 1047 2351 1078 nisi
2378 1047 2410 1078 id

1415 1153 1417 1175 ἦ
1442 1133 1542 1164 eritae
1567 1133 1703 1163 nimium
1734 1131 1942 1173 impudenter
1965 1133 2004 1163 ad
2030 1132 2135 1163 Deum

1278 1175 1388 1214 Quare
1415 1179 1417 1185 ’

1422 2437 1423 2441 ,
1448 2406 1603 2437 advocare
1626 2407 1766 2438 iudicem
1787 2411 1818 2438 et
1841 2411 1950 2438 tamen
1973 2407 2043 2437 sine
2062 2405 2238 2446 iracundia,

429 2449 608 2479 afficiamur
639 2448 728 2479 nulla
758 2448 866 2479 habita
888 2448 1104 2479 humanarum
1129 2457 1236 2478 rerum
1261 2448 1394 2478 ratione.
1421 2459 1422 2462 ¹

1441 835 1526 875 apud
1552 835 1700 866 homines
1732 835 1770 866 de
1794 834 1885 866 nobis
1915 835 2100 875 opinionem
2132 836 2281 867 retinere.
2327 835 2410 866 Nam

1441 879 1466 908 si
1492 883 1620 908 tantum
1646 877 1792 908 homines
1816 877 1896 908 bene
1919 876 1959 908 (le
1983 877 2076 908 nobis
2099 878 2273 918 opinentur
2296 882 2328 909 et
2351 887 2411 909 nos

1441 920 1570 960 propria
1593 920 1790 951 conscientia
1813 920 1999 961 redarguat,
2023 926 2056 950 et
2074 920 2162 951 intus
2181 920 2313 951 infinita
2332 921 2411 951 vitia

1442 964 1618 1000 foveamus,
1643 972 1705 1002 qua
1729 962 1835 993 fronte
1859 970 2005 993 nostram
2028 963 2248 994 innocentiam
2269 963 2410 1002 profere-

1560 1004 1733 1044 Deumque
1759 1004 1898 1036 iudicem
1923 1005 2006 1044 parti
2031 1005 2236 1036 adversariae
2260 1005 2410 1036 feremus.

1441 1091 1511 1120 sine
1532 1091 1602 1121 t’uco
1626 1096 1659 1120 et
1681 1100 1760 1121 sana
1779 1090 1976 1121 conscientia
1995 1090 2061 1128 fiat,
2086 1090 2178 1121 multi
2199 1090 2287 1121 enim
2307 1089 2412 1130 hypo-

2167 1142 2342 1173 provocare
2363 1141 2411 1164 so—

1442 1175 1518 1210 lent,
1543 1180 1576 1205 et
1599 1185 1632 1206 se
1656 1174 1696 1205 ab
1719 1175 1806 1206 omni
1827 1175 1920 1215 culpa
1940 1174 2056 1206 liberos
2075 1176 2262 1206 existimare
2281 1175 2308 1206 si
2324 1174 2411 1215 apud

1444 1217 1591 1248 homines
1613 1217 1730 1248 bonam
1763 1218 1881 1248 famam
1906 1222 1936 1247 et
1960 1217 2216 1249 aestimationem
2241 1218 2410 1249 retineant.

1445 1259 1510 1291 Sed
1533 1269 1570 1290 eo
1589 1259 1727 1291 candore
1751 1265 1782 1290 et
1805 1260 1990 1291 sinceritate
2010 1259 2225 1291 accedendum
2250 1260 2289 1291 ad
2303 1259 2411 1291 Deum

1444 1307 1503 1341 est,
1529 1313 1593 1342 qua
1619 1302 1779 1333 Davidem
1803 1302 1962 1340 videmus,
1997 1302 2268 1342 quemadmodum
2292 1307 2325 1333 et
2348 1302 2412 1334 alio

1443 1345 1511 1376 loeo
1539 1345 1644 1376 Deum
1676 1345 1774 1375 etiam
1804 1345 1959 1376 invocans
1989 1351 2060 1376 orat
2093 1349 2128 1376 ut
2159 1355 2252 1376 renes
2282 1354 2357 1377 suos
2373 1350 2414 1376 ‘et

1443 1387 1655 1428 cogitationes
1675 1393 1844 1424 scrutetur,
1874 1397 1936 1427 quo
1960 1397 2060 1427 purus
2083 1398 2190 1419 eoram
2222 1388 2290 1428 ipso
2313 1396 2412 1428 appa-

1443 1436 1522 1467 reat,
1549 1436 1582 1461 et
1605 1430 1638 1460 in
1664 1431 1825 1460 fornacem
1849 1430 1974 1468 eoniici,
2006 1435 2042 1460 ut
2066 1435 2218 1470 tanquam
2239 1439 2355 1461 aurum
2378 1435 2411 1461 et

1442 1479 1616 1513 argentum
1630 1479 1840 1512 expurgetur.
1865 1472 1932 1503 Nos
1950 1473 2051 1513 igitur
2068 1473 2094 1503 si
2113 1473 2183 1503 sine
2205 1473 2276 1504 fuco
2299 1472 2414 1504 testari

1442 1524 1549 1546 coram
1571 1514 1642 1546 Deo
1662 1523 1840 1554 possumus,
1866 1525 1923 1546 nos
1943 1525 2005 1546 non
2028 1514 2168 1555 amplius
2188 1524 2298 1546 amore
2309 1514 2414 1546 nostri

1442 1557 1590 1594 retineri,
1622 1567 1726 1597 neque
1755 1557 1940 1598 arrogantia
1970 1557 2062 1588 nobis
2097 1558 2243 1598 ingenita
2271 1562 2412 1598 turgere,

1443 1605 1511 1630 tum
1543 1609 1618 1631 vere
1649 1609 1755 1631 coram
1788 1599 1868 1637 Deo,
1904 1607 1935 1630 et
1963 1610 2071 1631 coram
2104 1599 2289 1631 hominibus
2318 1600 2413 1630 inno-

1443 1643 1583 1674 centiam
1608 1649 1754 1673 nostram
1778 1642 1863 1673 tueri
1883 1643 2070 1682 poterimus
2090 1642 2262 1682 Deumque
2285 1647 2413 1674 nostrae

1444 1695 1559 1716 causae
1583 1684 1731 1722 iudicem,
1755 1690 1788 1715 et
1810 1685 2007 1725 integritatis
2031 1690 2146 1716 testem
2170 1683 2328 1717 advocare
2347 1694 2412 1716 non

1443 1727 1702 1758 formidabimus.

1530 1770 1574 1800 Et
1601 1769 1639 1800 de
1671 1770 1740 1800 istis
1771 1769 1938 1801 hactenus.
1977 1769 2028 1800 Ad
2059 1769 2157 1801 aliam
2190 1769 2412 1810 quaestionem

1445 1818 1657 1848 transeamus,
1681 1822 1763 1852 quae
1787 1811 1839 1843 hic
1858 1811 2032 1849 suboritur,
2052 1811 2224 1843 licueritne
2247 1811 2370 1844 Davidi
2392 1822 2412 1844 a

1446 1855 1586 1886 Domino
1611 1854 1650 1885 de
1670 1854 1771 1885 Saule
1795 1853 1971 1886 vindictam
1996 1854 2170 1894 postulare.
2193 1854 2306 1895 Neque
2324 1854 2411 1886 enim

1445 1902 1571 1928 tantum
1596 1897 1806 1936 prohibemur
1828 1897 1991 1929 abstinere
2014 1897 2147 1934 ultione,
2182 1897 2238 1928 sed
2262 1897 2413 1929 iubemur

1444 1940 1539 1970 etiam
1565 1950 1622 1979 pro
1645 1939 1684 1970 iis
1704 1950 1722 1971 a
1745 1939 1860 1979 quibus
1882 1939 2034 1971 iniuriam
2055 1939 2197 1979 patimur
2211 1940 2316 1971 Deum
2339 1949 2412 1980 pre-

1444 1983 1520 2018 cari,
1543 1988 1576 2013 et
1596 1982 1733 2014 iniurias
1759 1983 1920 2022 patienter
1943 1982 2090 2018 tolerare,
2114 1991 2152 2012 ac
2175 1981 2316 2022 denique
2339 1982 2411 2013 vin-

1444 2024 1547 2055 dietae
1582 2025 1714 2056 minime
1747 2024 1854 2064 cupidi
1889 2035 1968 2056 esse.
2014 2024 2058 2055 Et
2091 2030 2198 2055 tamen
2233 2024 2339 2056 David
2375 2035 2412 2056 eo

1445 2067 1599 2097 devenire
1623 2066 1752 2098 videtur
1775 2074 1807 2098 et
1829 2077 1870 2098 ex
1893 2072 1985 2107 parte
1998 2066 2059 2097 Dei
2082 2073 2289 2107 praeceptum
2307 2066 2414 2099 obser-

1445 2120 1522 2140 vare
1544 2109 1582 2140 de
1604 2119 1638 2140 se
1663 2119 1728 2140 uon
1760 2109 1944 2141 ulciscendo
1974 2109 2122 2140 manibus
2146 2110 2292 2149 propriis,
2324 2116 2356 2141 et
2378 2110 2413 2141 in

1445 2151 1682 2192 compensando
1706 2151 1828 2183 malum
1848 2152 1939 2190 bono,
1969 2156 2002 2182 et
2024 2151 2227 2183 admonendo
2251 2151 2351 2184 Saule
2375 2152 2414 2184 de

1445 2194 1580 2234 perfidia
1594 2200 1625 2225 et
1637 2194 1839 2230 crudelitate,
1862 2205 1962 2234 eoque
1974 2193 2175 2225 dehortando
2196 2204 2236 2225 ne
2254 2195 2288 2225 in
2301 2194 2412 2226 eadem

1446 2240 1678 2276 perseveraret,
1702 2236 1757 2268 sed
1778 2236 1880 2267 altera
1892 2248 1931 2267 ex
1953 2243 2044 2276 parte
2056 2236 2154 2268 officii
2173 2236 2292 2268 oblitus
2313 2247 2413 2278 quum

1447 2279 1553 2310 addit:
1577 2279 1620 2310 Et
1642 2279 1810 2311 ulciscatur
1832 2289 1880 2310 me
1900 2279 2056 2311 Dominus
2079 2288 2117 2309 ex
2138 2281 2174 2310 te.
2197 2278 2291 2318 Quae
2314 2279 2414 2311 verba

1447 2322 1607 2360 quendam
1633 2323 1699 2353 irae
1711 2328 1742 2352 et
1762 2321 1925 2353 vindictae
1948 2323 2056 2362 ignom
2080 2321 2240 2353 occultum
2262 2321 2414 2354 videntur

1448 2364 1598 2395 indicare.
1621 2364 1682 2396 Ubi
1703 2364 1951 2403 observandum,
1974 2374 2066 2404 posse
2089 2374 2147 2396 nos
2164 2363 2293 2404 quidem
2307 2364 2414 2396 Deum

2278 2411 2311 2438 et
2342 2407 2414 2439 sine

1447 2448 1552 2479 studio
1576 2449 1766 2489 perditionis
1787 2458 1898 2480 eorum
1923 2459 1942 2479 a
1963 2448 2080 2489 quibus
2103 2448 2326 2488 opprimimur.
2357 2448 2414 2481 Sic

1449 2491 1507 2522 hoe
1531 2491 1598 2522 loco
1622 2491 1729 2523 David
1754 2491 1859 2522 Deum
1887 2501 1983 2522 orans
2011 2496 2047 2521 ut
2077 2501 2110 2522 se
2134 2491 2317 2529 ulciscatur,
2348 2501 2413 2524 non

1448 2534 1571 2572 expetit
1583 2534 1691 2565 Saulis
1714 2534 1884 2565 interitum
1909 2539 1965 2564 aut
1987 2533 2208 2565 confusionem
2231 2534 2285 2573 qui
2308 2534 2414 2574 potius

1447 2585 1486 2606 ex
1511 2576 1620 2606 animo
1645 2576 1778 2608 Saulem
1803 2576 1842 2607 ad
1870 2576 2035 2607 meliorem
2066 2580 2209 2607 mentem
2231 2576 2351 2614 venire,
2381 2581 2414 2608 et

1447 2618 1530 2648 seria
1554 2620 1752 2657 poenitentia
1770 2618 1810 2650 ad
1830 2619 1938 2650 Deum
1959 2618 2107 2649 converti
2125 2622 2278 2658 optasset.
2300 2617 2413 2658 Quum

1447 2659 1547 2700 igitur
1583 2660 1688 2692 Deum
1727 2662 1807 2702 petit
1835 2666 1870 2693 ut
1906 2671 1940 2692 se
1977 2661 2083 2701 ipsum
2121 2660 2310 2702 ulciscatur,
2349 2660 2413 2692 Dei
