2551 3044
297 189 315 221 ‘1
1119 180 1320 213 HOMILIA
1343 179 1451 212 XLV.
2249 176 2268 207 8

298 284 485 324 designatus
509 287 541 312 et
564 279 759 320 approbatus
783 289 841 309 rex
864 278 990 309 fuisset:
1014 276 1069 309 sed
1093 276 1131 308 ad
1156 275 1258 306 vitam
1283 281 1285 308 l

300 327 437 368 priorem
470 323 624 355 rusticam
655 331 821 352 reversum
851 321 957 357 fuisse,
989 327 1021 351 et
1051 318 1195 351 Samueli
1226 327 1259 348 se
1284 311 1285 347 l

301 367 476 409 regendum
503 365 696 406 permisisse,
726 370 761 395 ut
784 374 802 394 a
825 363 1010 403 parentibus
1034 363 1122 403 pueri
1147 361 1259 402 guber-

303 412 372 443 nari
395 410 507 441 solent.
545 408 610 440 Sed
634 417 699 438 non
722 407 919 438 conveniunt
940 406 1003 438 ista
1026 416 1098 437 cum
1122 403 1262 444 superio·
1286 429 1287 451 ,

303 455 406 486 ribus:
431 462 505 483 nam
530 456 640 482 textus
664 450 759 480 istius
783 459 896 480 sensus
920 448 971 480 hic
993 454 1040 480 est
1063 446 1262 486 simplicissi-
1286 458 1287 491 1

303 506 384 533 mus,
401 494 534 526 Saulem
554 503 655 524 unum
677 498 805 523 tantum
819 502 938 523 annum
952 491 1056 522 adhuc
1069 490 1262 530 regnavisse,

304 548 402 579 quum
425 537 485 578 ipsi
510 546 646 577 regnum
668 542 717 566 est
740 535 974 569 confirmatum,
1006 540 1039 564 ut
1062 543 1159 573 supra
1184 531 1262 561 vidi-

305 590 395 613 mus:
436 579 551 611 deinde
593 578 757 609 biennium
792 587 944 617 regnasse
978 576 1077 607 donec
1113 586 1149 606 ea
1183 583 1263 613 quae

306 624 456 663 deinceps
490 627 568 653 sunt
601 619 766 652 recitanda
799 619 1019 659 contigissent.
1072 618 1186 657 Itaque
1219 616 1265 646 sic

307 667 369 698 ista
403 666 579 697 recitantur
613 662 652 694 ad
685 663 800 694 seriem
837 663 986 693 historiae
1019 660 1291 697 contexendam,

310 709 440 741 Saulem
471 719 489 738 a
512 707 581 737 Deo
611 706 707 737 tuisse
738 705 876 736 electum
899 715 1008 745 regem
1032 711 1201 743 autequam
1227 701 1265 731 de
1290 702 1291 706 ’

310 751 455 783 hostibus
479 750 613 790 primam
638 749 726 779 illam
752 748 918 780 victoriam
943 755 1149 787 reportasset:
1180 751 1209 775 et
1234 745 1265 774 in
1290 741 1291 747 ¹

310 795 399 835 regia
443 799 599 834 potestate
641 791 878 826 confirmatum,
922 790 1009 821 00111»
1052 789 1265 820 reclamante:

311 836 425 868 deinde
458 846 534 866 vero
566 834 730 865 biennium
762 844 922 874 regnasse,
952 833 1051 863 donec
1082 843 1137 872 111-1·
1168 830 1267 861 tilium
1292 845 1293 857 l

312 879 526 911 Ionathanum
551 878 671 908 bellum
695 876 850 907 adversus
869 875 1063 907 Philistaeos
1082 873 1267 914 capitalissi—
1292 879 1295 909 1

312 932 381 953 0100
406 920 629 953 israelitarum
653 919 760 950 hostes
784 925 963 950 renovaret.

398 963 519 1003 Quaeri
545 972 620 994 vero
645 972 707 993 non
730 962 891 992 immerito
915 967 1017 1000 potest
1041 970 1081 990 an
1102 959 1185 989 iusta
1203 968 1270 988 sus-

315 1056 383 1081 tum
417 1055 466 1081 sit.

314 1103 406 1133 posse
436 1091 606 1126 videbitur,
636 1095 673 1121 ut
701 1094 779 1121 sunt
807 1089 939 1120 iuvenes
968 1088 1154 1120 fervidiores
1177 1094 1206 1117 et
1237 1086 1270 1116 in

315 1136 427 1166 multis
458 1141 578 1165 temere
608 1132 820 1172 suscipiendis
849 1131 1043 1163 audaciores.
1090 1130 1196 1169 Quare
1225 1135 1271 1158 te-

317 1177 459 1209 meritati
490 1175 665 1208 Ionathani
695 1175 782 1206 istud
813 1174 950 1205 adscribi
980 1184 1074 1214 posse
1105 1172 1272 1208 videbitur,

315 1221 369 1261 qui
402 1220 567 1260 proximus
599 1217 814 1259 praesidiariis
838 1217 1087 1248 philistaeorum
1118 1215 1271 1246 militibus

315 1264 388 1295 illos
411 1262 495 1294 ultro
518 1262 559 1293 sit
589 1261 729 1292 adortus.
777 1260 886 1300 Neque
909 1259 994 1290 enim
1018 1259 1156 1299 legimus
1180 1257 1271 1287 illum

316 1311 411 1338 antea
445 1303 616 1336 consilium
648 1313 742 1334 suum
782 1312 856 1334 eum
890 1307 980 1342 patre
1013 1301 1272 1336 communicasse,

317 1355 373 1380 aut
401 1349 434 1379 in
465 1346 626 1378 mandatis
648 1356 666 1377 a
696 1351 786 1386 patre
809 1345 970 1385 habuisse,
1001 1351 1055 1375 aut
1080 1355 1096 1374 a
1122 1342 1270 1374 Samuele
1298 1354 1301 1387 3

318 1391 525 1422 autoritatem
548 1389 718 1429 accepisse.
755 1388 877 1418 Verum
898 1387 1003 1419 exitus
1026 1386 1165 1417 ostendit
1189 1384 1273 1416 istud

317 1434 435 1466 bellum
460 1443 524 1464 non
549 1432 645 1463 fuisse
668 1442 685 1461 a
707 1430 848 1461 Domino
873 1429 1085 1470 reprobatum.
1130 1429 1173 1459 Et
1196 1437 1272 1468 quo-

317 1477 406 1508 niam
437 1485 534 1515 supra
562 1474 682 1506 dictum
706 1479 762 1510 est,
792 1473 945 1513 populum
977 1473 1061 1503 vires
1093 1476 1274 1510 resumptu-

318 1530 402 1557 rum,
432 1525 463 1550 et
486 1518 519 1548 in
543 1518 703 1557 integram
727 1515 908 1547 libertatem
932 1514 1149 1552 asserendum,
1179 1521 1211 1544 et
1235 1513 1274 1544 de

319 1560 467 1594 hostibus
490 1561 556 1592 suis
579 1558 865 1599 triumphaturum,
895 1558 970 1589 inde
1000 1567 1167 1597 possumus
1189 1555 1274 1588 colli-

320 1614 406 1646 gere,
429 1602 646 1634 Ionathanum
671 1612 735 1632 non
759 1608 878 1632 temere
903 1600 1095 1632 Philistaeos
1115 1599 1276 1629 adortum:

320 1646 376 1679 sed
399 1656 500 1686 quum
521 1644 792 1676 animadverteret
812 1649 934 1683 partem
953 1642 1158 1674 haereditatis
1179 1642 1278 1672 Israe—

319 1689 453 1721 litarum
483 1698 501 1719 a
524 1687 712 1719 Philistaeis
734 1686 891 1726 occupari,
919 1692 949 1716 et
974 1685 1140 1726 praesidiis
1163 1685 1276 1715 armis-

321 1742 383 1773 que
410 1731 522 1767 teneri,
553 1730 643 1770 quasi
667 1728 832 1760 devinctos
854 1728 1017 1759 Israelitas
1041 1728 1100 1759 sibi
1123 1727 1278 1758 subiicere

323 1774 455 1812 vellent,
483 1773 567 1813 quod
593 1772 652 1803 Dei
677 1771 941 1812 promissionibus
968 1781 1099 1810 prorsus
1123 1779 1279 1810 repugna-

323 1817 388 1855 bat,
419 1816 534 1857 quibus
559 1815 648 1846 Deus
670 1825 761 1854 spem
783 1813 939 1845 Israelitis
968 1813 1085 1845 fecerat
1109 1812 1280 1852 tranquille

323 1858 507 1901 possidendi
532 1864 651 1889 terram
674 1867 769 1897 quam
794 1857 870 1896 ipsis
894 1856 1034 1892 dederat,
1058 1856 1170 1886 merito
1194 1865 1282 1895 prae-

325 1902 470 1934 sidiarios
501 1901 571 1932 illos
598 1900 716 1931 milites
739 1909 918 1940 aggressus,
949 1898 1128 1930 disturbare
1150 1904 1282 1929 conatus

325 1952 384 1983 est,
413 1951 443 1975 et
473 1943 668 1984 praesidium
697 1951 860 1982 occupare.

326 1988 359 2019 id
382 1988 493 2018 fecisse
514 1986 730 2017 Ionathanum
749 1996 789 2015 ex
809 1984 1018 2024 sequentibus
1037 1989 1178 2023 apparet,
1201 1983 1282 2023 quod

327 2042 389 2062 non
415 2029 510 2061 modo
535 2028 616 2060 Saul
641 2028 695 2059 filii
721 2028 769 2058 sui
794 2027 911 2058 factum
938 2026 1095 2067 probavit,
1130 2026 1183 2056 sed
1217 2028 1283 2066 ipse

327 2074 423 2105 etiam
447 2072 589 2109 Samuel,
620 2072 672 2111 qui
695 2071 755 2101 fuit
778 2075 929 2110 tanquam
953 2080 987 2099 os
1012 2069 1150 2105 Domini,
1180 2073 1211 2100 et
1233 2079 1282 2100 or-

328 2126 446 2157 ganum
471 2115 603 2155 spiritus
627 2114 739 2144 sancti.
785 2112 1000 2152 Quamobrem
1024 2123 1063 2142 ex
1089 2112 1126 2141 iis
1150 2112 1183 2142 fit
1207 2111 1283 2142 satis

329 2159 546 2198 conspicuum,
587 2167 651 2187 000
686 2155 831 2187 debuisse
865 2154 1080 2186 Ionathanum
1116 2154 1196 2185 ferre
1230 2153 1285 2184 illa

329 2200 487 2242 praesidia
517 2210 596 2239 quae
628 2205 747 2230 terram
776 2203 918 2229 sanctam
950 2197 1157 2237 occupabant,
1190 2207 1283 2236 quam

329 2244 420 2275 Deus
450 2243 516 2283 ipse
548 2242 664 2282 populo
688 2252 746 2272 suo
769 2241 801 2271 in
827 2240 1054 2271 haereditatem
1080 2239 1223 2270 dederat:
1255 2245 1285 2269 et

329 2287 443 2327 quibus
468 2285 568 2316 veluti
587 2285 735 2324 captivus
754 2283 890 2323 populus
909 2282 1122 2317 detinebatur,
1143 2288 1174 2312 et
1193 2292 1285 2321 agros

1287 522 1289 529 Α
1313 487 1487 526 contigisse
1522 485 1710 517 videbimus.

1294 988 1296 996 x
1321 956 1493 987 cumulare.

313 1006 453 1048 cipiendi
477 1005 549 1037 belli
568 1006 665 1036 fuerit
687 1005 820 1041 occasi0,
844 1014 884 1034 an
910 1014 983 1034 vero
1003 1011 1122 1033 temere
1142 1010 1269 1040 suscep·
1295 1001 1296 1004 ’

515 1050 561 1079 Ac
591 1047 764 1078 Ionathani
799 1047 970 1077 temeritati
1006 1045 1103 1076 tribui
1137 1043 1297 1074 fortasse*

329 2329 432 2360 colere
456 2327 694 2368 prohibebatur,
726 2326 918 2367 propriaque
947 2325 1040 2356 domo
1063 2324 1211 2355 exsulare
1235 2336 1284 2355 00-
1310 2326 1311 2332 ’

331 2372 474 2413 gebatur.
501 2370 661 2409 Deinceps
680 2369 780 2409 igitur
798 2368 912 2400 dicitur
931 2367 1009 2399 Saul
1030 2367 1105 2397 tuba
1117 2367 1287 2404 clanxissc,
1310 2363 1312 2390 ἲ

331 2420 362 2445 01
394 2424 452 2444 sua
482 2414 654 2444 autoritate
684 2418 716 2443 et
740 2411 892 2442 mandato
916 2420 1080 2450 percussos
1103 2410 1174 2440 illos
1198 2419 1286 2448 prae-

332 2456 479 2487 sidiari‹›s
504 2456 622 2486 milites
645 2455 831 2486 declarasse.
858 2454 967 2493 Neque
990 2453 1076 2483 enim
1100 2453 1160 2483 ait:
1186 2452 1288 2482 Filius

333 2509 424 2529 meus
455 2498 655 2529 Ionathanus
683 2497 768 2529 istud
801 2496 918 2528 bellum
947 2495 1110 2533 excitavit,
1139 2494 1193 2525 scd
1218 2505 1288 2533 per-

333 2542 431 2573 cussit
455 2541 531 2572 8001
557 2541 761 2571 stationarios
790 2539 908 2570 milites
933 2538 1190 2573 Philistaeorum‚
1221 2537 1287 2576 qui-

331 2583 392 2615 bus
426 2583 660 2624 premebamur.
715 2583 838 2613 Deinde
872 2581 1018 2612 videmus
1053 2580 1182 2611 Saulem
1227 2590 1287 2610 non

332 2626 402 2657 sinc
444 2627 594 2657 mandato
633 2626 689 2656 Dei
729 2624 878 2657 Samuele
917 2624 1128 2659 internuncia,
1170 2622 1315 2653 bellum*

1311 274 1394 305 istud
1417 273 1609 313 suscepisse:
1640 271 1900 313 quandoquidem
1924 273 2011 303 inter
2034 281 2088 302 eos
2111 280 2270 302 convene-

1312 324 1363 348 rat
1387 323 1421 347 ut
1444 315 1488 347 Gi
1503 317 1608 356 galem
1637 315 1776 355 populus
1805 321 2046 349 convocaretur,
2077 320 2109 344 et
2131 313 2173 344 ibi
2197 322 2271 344 con-

1313 361 1469 390 venirent.
1515 358 1610 397 Quod
1639 368 1716 389 sane
1746 358 1817 388 fieri
1841 368 1904 388 non
1938 363 2071 397 poterat,
2100 356 2159 386 nisi
2184 355 2273 386 Deus

1313 410 1457 434 aut-orem
1488 400 1583 432 huius
1608 400 1681 431 belli
1711 411 1745 431 se
1769 400 2030 431 demonstrasset.
2077 397 2171 437 Quod
2197 408 2273 428 vero

1314 444 1442 475 tandem
1474 443 1576 474 malus
1599 443 1706 474 exitus
1731 443 1803 474 belli
1829 443 1924 474 huius
1949 443 2016 477 fuit,
2049 440 2157 473 Saulis
2179 440 2275 479 culpa

1767 485 1850 516 Nam
1885 486 1945 516 etsi
1983 484 2072 515 Deus
2107 483 2274 515 victoriam

1315 530 1472 561 Israelitis
1500 528 1596 564 dedit,
1627 535 1659 559 et
1689 539 1707 559 a
1737 539 1770 559 se
1805 529 1980 568 profectum
2018 527 2112 558 istius
2146 535 2274 566 pugnae

1316 573 1442 603 initium
1474 571 1578 611 palam
1611 571 1803 602 declaravit:
1835 578 1941 602 tamen
1967 570 2118 601 victoriae
2153 570 2275 599 fructus

1288 643 1290 648 .
1315 614 1548 655 quodammodo
1579 614 1742 645 luctuosus
1772 614 1832 644 fuit
1863 614 1895 644 in
1927 624 2063 653 persona
2094 611 2275 648 Ionathani,

1316 668 1409 698 quem
1434 663 1526 696 pater
1550 663 1669 687 temere
1694 656 1762 687 neci
1786 655 1862 686 dare
1880 656 2044 695 cogitavit,
2077 656 2136 685 nisi
2168 653 2276 694 11011011

1318 699 1465 740 precibus
1489 706 1519 729 et
1543 699 1825 730 intercessionibus
1849 699 1893 728 illi
1917 705 2046 729 cautum
2071 705 2163 728 essct.
2190 697 2277 728 Sane

1318 744 1355 774 111·
1381 744 1447 773 vita
1471 742 1670 782 periclitatus
1694 749 1750 778 est,
1781 741 1863 780 quod
1889 749 2014 771 tantum
2039 741 2077 770 de
2101 740 2173 770 favo
2197 739 2276 770 mel-

1319 786 1359 816 lis
1382 785 1592 824 degustasset,
1616 785 1753 815 intincta
1777 784 1807 814 iu
1829 784 1918 814 illum
1939 783 2142 814 extremitate
2163 781 2276 817 baculi,

1321 836 1356 859 ut
1396 828 1552 867 collapsas
1595 828 1679 857 vires
1723 827 1875 857 reficeret.
1922 826 2027 864 Culpa
2063 835 2136 855 vero
2171 824 2279 856 Saulis

1320 872 1374 901 illa
1397 871 1613 910 contigerunt,
1644 879 1738 909 quam
1764 876 1870 900 tamen
1903 868 2011 899 multis
2037 869 2106 898 aliis
2129 867 2280 907 deinceps

1320 914 1420 950 auxit,
1452 923 1525 943 nam
1557 912 1673 943 exinde
1697 922 1863 951 nunquam
1887 912 2019 947 destitit,
2051 910 2170 941 malum
2194 910 2279 940 malo

1540 954 1680 994 Quidam
1711 965 1788 985 vero
1819 961 1983 994 exponunt
2015 953 2103 984 illum
2129 962 2281 993 regnasse

1324 999 1497 1030 biennium.
1527 997 1609 1037 quod
1635 1004 1804 1038 postquam
1834 998 2043 1028 sacrificasset
2066 996 2199 1027 absente
2222 994 2282 1026 Sa-

1323 1042 1427 1072 muele
1472 1047 1700 1071 exauctoratus
1744 1040 1795 1075 sit,
1847 1039 2104 1080 quandoquidem
2151 1036 2283 1069 Samuel

1326 1085 1467 1115 minatur
1500 1094 1634 1123 regnum
1667 1083 1767 1123 ipsius
1790 1093 1855 1113 11011
1879 1082 2054 1113 stabilitum
2077 1081 2134 1112 iri:
2165 1088 2197 1111 et-
2221 1090 2284 1111 non

1323 1127 1419 1167 longo
1451 1133 1521 1166 post
1552 1134 1694 1165 tempore
1724 1131 1869 1156 mortuus
1899 1132 1961 1156 est:
1992 1124 2046 1155 sed
2079 1125 2139 1155 iste
2170 1133 2284 1154 sensus

1327 1170 1452 1201 videtur
1487 1170 1582 1199 nimis
1615 1174 1755 1206 coactus,
1789 1175 1820 1199 ct
1854 1168 1894 1199 ab
1928 1169 1995 1207 ipso
2029 1174 2120 1198 textu
2149 1166 2283 1197 alienus.

1325 1212 1434 1252 Quare
1466 1211 1524 1243 hoc
1559 1212 1592 1242 in
1628 1211 1810 1251 praesentia
1843 1211 1991 1247 sufficiat,
2026 1209 2178 1250 quidquid
2215 1216 2283 1239 tum

1326 1254 1449 1291 accidit,
1475 1254 1536 1285 Dei
1560 1254 1761 1294 providentia
1784 1259 1816 1284 et
1839 1254 2002 1284 voluntate
2027 1254 2143 1284 factum
2169 1252 2283 1282 fuisse:

1326 1305 1358 1329 et
1389 1308 1450 1328 000
1481 1308 1559 1328 ausu
1591 1297 1759 1327 temerario
1789 1296 1962 1327 Ionathani
1993 1295 2187 1336 praesidium
2212 1294 2284 1325 hos-

1327 1342 1405 1371 tium
1430 1339 1614 1371 adorientis.
1657 1339 1830 1371 Caeterum
1854 1339 1929 1370 hinc
1952 1338 2197 1373 observandum,
2222 1347 2284 1368 000

1299 1401 1301 1412 z
1326 1383 1497 1414 admodum
1528 1382 1655 1413 fidelem
1688 1383 1755 1422 regi
1780 1383 1878 1413 fuisse
1902 1381 2066 1422 populum.
2111 1380 2193 1412 Nam
2215 1384 2285 1419 post

1328 1425 1423 1457 tubae
1447 1425 1575 1466 quidem
1600 1425 1739 1456 sonitum
1762 1424 1880 1465 singuli
1904 1424 2056 1456 commoti
2078 1430 2164 1461 sunt,
2192 1430 2225 1454 et
2247 1421 2286 1453 ad

1328 1468 1543 1500 obediendum
1568 1468 1680 1507 parati.
1718 1468 1842 1498 Verum
1865 1477 1965 1507 quum
1988 1466 2027 1497 ad
2047 1476 2189 1507 pugnam
2213 1474 2289 1496 ven-

1329 1518 1396 1542 tum
1421 1515 1469 1542 est
1489 1516 1661 1550 antequam
1683 1511 1715 1541 in
1737 1510 1879 1542 hostium
1898 1514 2104 1550 conspectum
2127 1508 2289 1545 venirent,

1329 1554 1461 1594 collapsi
1481 1558 1565 1590 sunt,
1590 1560 1622 1583 et
1640 1553 1783 1584 animum
1803 1552 2061 1592 desponderunt:
2085 1552 2138 1582 alii
2158 1550 2288 1591 quidem

1329 1598 1362 1628 in
1385 1607 1542 1628 cavernas
1565 1602 1596 1627 et
1627 1596 1797 1637 speluncas
1825 1596 1994 1636 fugientes,
2026 1594 2080 1626 alii
2108 1595 2141 1625 in
2165 1600 2290 1625 montes

1330 1646 1362 1671 et
1384 1645 1557 1680 praerupta
1579 1649 1667 1676 saxa,
1690 1639 1742 1670 alii
1767 1639 1799 1670 in
1824 1637 1959 1676 deserta,
1988 1643 2020 1668 et
2043 1643 2214 1677 antequam
2240 1636 2291 1666 vel

1303 1711 1304 1714 ,
1330 1684 1428 1714 101001
1448 1683 1654 1722 accepissent,
1679 1681 1849 1713 adversum
1868 1692 1902 1712 se
1922 1681 2115 1712 sententiam
2136 1680 2292 1711 tulerunt.

1331 1725 1417 1765 Quid
1448 1724 1513 1755 ita?
1560 1724 1683 1765 Nempe
1713 1723 1796 1765 quod
1821 1724 1960 1755 hostium
1985 1733 2116 1754 suorum
2142 1723 2226 1754 vires
2248 1732 2290 1753 ex

1331 1769 1474 1799 humano
1504 1772 1599 1807 captu
1631 1767 1823 1798 metiantur:
1854 1772 1886 1798 et
1916 1777 1980 1797 1100
2010 1765 2182 1797 attendant
2211 1774 2292 1805 quae

1331 1812 1365 1842 in
1389 1811 1458 1851 lege
1481 1810 1679 1851 praescripta
1702 1816 1780 1841 sunt
1802 1821 1821 1841 a
1844 1809 1951 1840 Mose:
1975 1808 2084 1848 Quum
2104 1808 2160 1839 tibi
2181 1807 2293 1839 adver-

1332 1865 1387 1885 sus
1418 1853 1524 1884 hostes
1554 1852 1764 1893 pugnandum
1786 1853 1855 1889 erit,
1888 1851 1954 1882 noli
1977 1851 2095 1882 intueri
2119 1861 2160 1882 an
2183 1850 2292 1882 hostes

1306 1907 1308 1935 ς
1334 1897 1379 1927 101
1403 1896 1468 1927 0101
1490 1896 1731 1927 instructissimi
1755 1901 1787 1927 et
1810 1905 1922 1935 magno
1947 1904 2099 1925 numero:
2129 1893 2184 1925 sed
2207 1898 2293 1925 certo

905 1941 947 1972 Et
977 1952 1054 1972 sane
1079 1952 1140 1971 non
1165 1947 1282 1971 temere
1306 1952 1308 1957 ’

1334 1949 1506 1980 persuasus
1548 1945 1615 1970 esto
1650 1938 1756 1969 Deum
1797 1944 1828 1969 te
1861 1937 2074 1969 invictissimo
2115 1937 2227 1968 robore
2261 1939 2294 1966 et

1335 1983 1454 2013 virtute
1477 1981 1681 2012 donaturum.
1723 1981 1832 2020 Quare
1855 1981 1881 2012 si
1904 1991 1922 2011 a
1946 1981 2009 2011 tuis
2032 1980 2176 2020 partibus
2198 1984 2294 2009 stete·

1335 2025 1386 2061 rit,
1424 2034 1503 2055 cave
1537 2024 1712 2064 quidquam
1748 2030 1882 2061 metuas,
1923 2029 2008 2054 certo
2043 2022 2127 2053 enim
2164 2021 2295 2053 victoria

1335 2068 1391 2098 tibi
1426 2067 1637 2106 promittitur.
1683 2066 1747 2098 Sed
1781 2067 1862 2097 istae
1896 2065 1957 2096 Dei
1992 2065 2220 2105 promissiones
2255 2074 2295 2094 ex

1337 2110 1497 2141 mentibus
1521 2110 1662 2149 ipsorum
1687 2109 1822 2149 elapsae,
1855 2109 1980 2140 nullum
2004 2107 2088 2147 apud
2113 2118 2166 2138 eos
2191 2107 2294 2138 1000111

1336 2153 1512 2184 habebant:
1545 2158 1577 2183 et
1600 2152 1721 2183 maiore
1745 2151 1875 2183 Saulem
1907 2151 2029 2182 honore
2059 2156 2091 2181 ct
2114 2149 2294 2181 reverentia

1309 2223 1310 2234 ,
1335 2195 1492 2233 colebant,
1523 2205 1617 2234 quam
1650 2194 1754 2226 Deum
1786 2195 1903 2234 ipsum,
1938 2193 2030 2225 cuius
2061 2199 2168 2223 tamen
2198 2191 2294 2223 unius

1335 2249 1395 2278 ope
1418 2244 1450 2268 et
1473 2237 1593 2269 auxilio
1617 2238 1715 2269 fretos
1738 2248 1806 2268 esse
1829 2236 2004 2277 oportebat,
2029 2235 2089 2266 etsi
2109 2234 2196 2266 mille
2215 2234 2294 2274 ipsis

1337 2281 1448 2312 mortis
1485 2280 1691 2311 imminerent
1731 2279 1925 2311 discrimina.
1982 2278 2152 2310 Summam
2194 2277 2296 2317 igitur

1337 2324 1430 2355 istius
1459 2323 1567 2364 populi
1600 2322 1867 2363 ingratitudinem
1899 2328 1968 2352 tum
1999 2322 2101 2361 turpis
2124 2321 2199 2361 fuga
2223 2329 2295 2359 pro-

1337 2366 1439 2401 debat,
1464 2376 1537 2397 cum
1560 2376 1685 2397 summa
1709 2365 1934 2397 incredulitate
1957 2364 2170 2395 coniunctam.
2194 2363 2295 2394 Porro

1312 2438 1313 2449 2
1339 2409 1490 2440 dicuntur
1521 2409 1635 2439 iterum
1669 2419 1686 2439 a
1708 2407 1809 2439 Saule·
1837 2407 1960 2439 collecti
1984 2407 2108 2437 animos
2131 2405 2295 2444 sumsisse,

1339 2462 1470 2491 seseque
1495 2451 1583 2482 velut
1612 2450 1650 2481 ad
1675 2451 1830 2490 praelium
1861 2459 2077 2489 comparasse:
2109 2459 2219 2480 verum
2243 2447 2297 2479 ubi

1341 2495 1489 2524 viderunt
1523 2493 1708 2525 Samuelem
1743 2493 1888 2533 praefixo
1922 2498 2067 2532 tempore
2103 2502 2164 2522 non
2200 2490 2296 2522 adve-

1341 2537 1432 2569 nisse.
1463 2547 1547 2567 novo
1578 2544 1698 2567 terrore
1729 2536 1867 2576 perculsi
1898 2541 1931 2566 et
1962 2534 2050 2565 velut
2074 2534 2204 2565 horrore
2225 2543 2296 2573 per·

1340 2580 1393 2610 citi
1428 2579 1543 2619 dilapsi
1578 2580 1685 2619 fuisse,
1718 2587 1750 2610 ct
1783 2589 1817 2610 se
1849 2578 1979 2609 domum
2008 2587 2099 2608 suam
2131 2576 2296 2616 recepisse.

1342 2628 1373 2652 et
1398 2622 1474 2653 Saul
1506 2621 1677 2654 derelictus
1707 2622 1746 2653 ab
1767 2622 1830 2653 illis
1852 2621 1962 2652 fuisse.
2010 2619 2115 2658 Quam
2140 2620 2235 2650 etiam
2258 2617 2297 2648 ob
