2551 3044
146 187 205 218 441

146 291 241 321 quam
266 280 367 312 oleam
392 281 547 311 virentem
580 280 612 310 in
638 279 697 310 Dei
721 279 813 309 domo
845 279 877 309 in
905 285 1106 319 perpetuum.

145 323 253 354 David
278 323 375 363 igitur
398 323 464 353 illio
487 333 527 353 ex
550 327 640 362 parte
653 321 711 352 sibi
736 321 893 361 proponit,
918 321 999 361 quod
1015 332 1096 361 appa

146 376 217 397 rere
241 365 381 396 nondum
406 371 540 405 poterat.
586 364 673 395 Dicit
696 364 781 394 enim
806 363 876 393 Deo
905 374 964 394 sua
990 364 1108 395 iudicia

145 409 178 440 in
205 409 295 448 Doeg
318 414 487 438 exercente
516 408 616 437 iustos
638 406 759 437 risuros
785 411 817 436 et
841 405 992 445 gaudium
1019 406 1105 437 habi-

145 457 248 482 turos:
272 449 363 490 quasi
383 449 474 485 dicat,
496 449 601 479 Deum
624 448 700 479 licet
721 448 827 487 impiis
841 455 871 479 ct
895 449 1037 487 profanis
1052 448 1109 478 lio·
1134 465 1136 473 ·

144 493 283 525 minibus
308 493 394 522 laxet
424 491 462 521 ad
490 495 617 531 tempus
648 490 806 527 habenas,
838 491 966 521 taudem
999 497 1107 521 tamen

143 534 290 567 omnibus
313 534 418 574 ipsum
442 533 676 568 invocantibus,
704 539 734 563 et
758 534 789 563 in
812 534 880 572 ipso
903 544 992 573 spem
1018 544 1107 564 suam

143 576 373 618 reponentibus
395 575 594 607 occasionem
618 576 760 606 laetitiae
783 575 944 609 daturum,
970 582 1002 606 et
1015 576 1109 607 effec-

142 624 249 651 turum
275 624 310 649 ut
332 622 525 658 cognoscant
548 629 591 655 se,
608 618 682 649 licet
706 628 837 649 suorum
852 619 1039 658 patientiam
1053 629 1108 649 ex-

140 662 253 704 ploret,
276 671 340 691 non
354 661 424 691 ideo
440 665 548 691 tamen
572 671 625 692 eos
637 660 804 691 abiecisse:
829 661 884 691 sed
905 661 1006 691 variis
1019 671 1109 692 exer-

140 714 212 736 cere
235 703 336 735 modis
359 708 395 734 ut
414 703 493 734 fides
517 708 548 733 et
571 703 726 743 patientia
744 704 888 743 ipsorum
909 703 1107 742 exploretur.

139 746 264 778 Idcirco
289 746 397 777 David
421 745 497 777 dicit
520 745 668 785 Doegum
699 746 732 776 in
756 746 869 785 primis
892 746 925 776 in
949 745 1019 776 Deo
1042 756 1107 776 non

139 799 301 830 sperasse,
336 793 374 819 ut
401 788 597 819 crudelitatis
628 793 659 818 et
688 788 864 828 impietatis
901 788 1002 828 ipsius
1037 789 1107 820 fons

139 836 301 872 appareat,
334 841 456 871 nempe,
480 830 565 871 quod
589 840 693 870 neque
716 831 823 871 fidem,
851 841 955 870 neque
979 831 1107 871 religio-

139 885 212 906 nem
237 873 360 905 habuit.
401 873 484 904 Nam
513 884 611 913 quum
636 873 696 904 Dei
728 874 827 904 timor
850 873 904 913 qui
932 878 1028 914 eaput
1060 878 1108 904 est

139 917 243 949 omnis
266 916 443 956 sapientiae
455 926 517 947 non
537 915 660 946 obtinet
683 916 716 946 in
730 916 822 947 nobis
842 916 958 953 locum,
981 921 1107 947 certum

139 965 188 991 est
211 970 270 990 nos
293 958 331 990 ad
345 969 439 989 omne
461 958 581 990 malum
595 958 677 989 laxis
700 959 834 989 habenis
847 959 934 989 ferri.
980 959 1107 990 Deinde

138 1001 255 1040 adiicit,
285 1002 316 1032 in
352 1000 473 1032 divitiis
504 1001 569 1032 suis
589 1005 621 1032 et
643 1001 818 1032 autoritate
842 1001 1013 1042 gloriatum
1037 1012 1106 1032 esse

138 1045 297 1084 Doegum.
341 1044 384 1074 Et
413 1044 458 1074 ita
486 1043 591 1074 solent
613 1043 769 1084 improbi,
808 1054 906 1083 quum
934 1044 1106 1075 autoritate

137 1092 168 1118 et
191 1087 295 1127 gratia
317 1086 492 1126 plurimum
524 1086 642 1117 valent.
690 1086 778 1117 Nihil
810 1097 873 1117 non
897 1090 982 1117 enim
1009 1087 1106 1118 licere

136 1130 196 1162 sibi
219 1129 425 1169 persuadent,
449 1134 480 1159 et
503 1129 596 1168 quasi
610 1129 699 1159 Deus
722 1129 753 1159 in
778 1129 874 1160 coelis
893 1140 956 1160 non
982 1129 1024 1160 sit
1048 1139 1106 1169 pro

138 1183 197 1206 sua
220 1171 350 1202 libidine
380 1171 567 1202 efferuntur.
613 1171 678 1203 Sed
706 1172 854 1203 cumulus
884 1172 960 1202 mali
984 1172 1023 1203 ad
1053 1183 1104 1203 su-

134 1217 260 1257 periora
282 1214 389 1244 omnia
401 1213 520 1251 incidit,
544 1214 626 1254 quod
650 1214 728 1245 dicit
741 1214 847 1245 David
861 1214 1010 1254 Doegum
1035 1214 1104 1254 glo·

134 1260 252 1291 riatum
276 1267 344 1288 esse
367 1256 399 1287 in
423 1256 556 1295 malitia,
580 1261 611 1287 et
635 1256 821 1288 roboratum
844 1257 988 1288 fuissein
1013 1259 1102 1289 vani-

133 1306 198 1334 tate
227 1309 294 1331 sua.
345 1299 526 1331 Commune
557 1309 633 1330 vero
661 1304 710 1330 est
739 1300 825 1330 istud
861 1300 1011 1331 omnibus
1041 1302 1101 1330 im-

132 1344 255 1387 probis,
277 1346 313 1374 ut
335 1342 432 1374 rebus
454 1341 604 1373 secundis
627 1342 720 1380 elati,
744 1348 775 1374 et
798 1342 882 1373 bona
912 1353 969 1374 sua
1003 1353 1100 1382 quam

131 1391 250 1421 vocant
269 1385 402 1416 fort-una
425 1384 586 1423 inebriati,
610 1385 691 1416 nihil
716 1385 854 1416 nonsibi
877 1385 1099 1425 polliceantur,

132 1434 164 1463 et
185 1429 266 1461 nulli
278 1439 311 1460 se
333 1428 397 1468 legi
411 1427 548 1467 amplius
571 1427 730 1459 subiectos
753 1428 964 1466 arbitrentur,
988 1433 1019 1459 et
1031 1439 1098 1459 ma-

131 1473 247 1505 nifeste
269 1472 304 1503 in
327 1470 432 1501 Deum
456 1470 680 1502 contumeliosi
704 1471 778 1508 sint,
802 1476 834 1502 et
857 1481 929 1502 eum
954 1471 993 1501 ad
1017 1472 1098 1502 iram

131 1516 217 1548 ultro
240 1517 428 1555 provocent:
452 1518 483 1543 et
506 1513 610 1554 magis
634 1523 670 1544 ac
692 1513 796 1554 magis
822 1513 1016 1545 indurentur
1038 1514 1098 1544 im-

131 1557 313 1600 punitatem
323 1556 384 1588 sibi
392 1555 536 1587 omnium
546 1556 741 1597 flagitiorum
752 1556 950 1596 pollicentes,
961 1567 1097 1596 quorum

131 1610 298 1641 nunquam
320 1598 479 1629 rationem
502 1598 567 1629 sint
589 1598 756 1629 reddituri.
801 1599 892 1630 Haec
912 1609 988 1630 vero
1007 1599 1098 1630 nobis

129 1643 200 1675 ideo
227 1646 461 1683 proponuntur,
492 1645 527 1672 ut
550 1641 655 1682 Doegi
686 1642 831 1682 exemplo
861 1642 1020 1673 discamus
1043 1642 1098 1672 illa

128 1686 210 1719 vitia
231 1685 341 1716 omnia
353 1683 504 1715 detestari
527 1688 559 1715 et
570 1684 751 1715 abominari
763 1688 915 1724 tanquam
929 1685 1098 1716 infestissi—

127 1739 215 1761 mam
235 1727 334 1759 luem.

214 1771 385 1803 Caeterum
408 1772 542 1810 apparet
564 1769 700 1800 Davidis
722 1770 912 1807 constantia,
946 1771 999 1810 qui
1023 1770 1098 1802 licet

130 1814 298 1846 hominum
331 1812 483 1853 opinione
505 1811 707 1843 miserrimus
730 1817 764 1843 et
787 1812 1096 1850 calamitosissimus,

129 1861 166 1888 ut
188 1855 277 1887 nulla
307 1865 381 1896 spes
403 1860 486 1886 esset
517 1854 608 1885 illum
632 1865 775 1894 unquam
806 1865 845 1886 ex
874 1856 973 1887 tantis
1002 1856 1097 1887 malis

128 1908 338 1937 emersurum,
360 1902 470 1929 tamen
493 1897 525 1928 in
542 1897 610 1928 Deo
633 1907 724 1938 spem
745 1897 922 1936 collocavit,
946 1899 1024 1929 etin
1047 1899 1096 1939 ip-

128 1942 194 1974 sius
216 1941 357 1973 bonitate
376 1940 570 1980 conquievit.
602 1940 644 1971 Et
667 1940 787 1971 idcirco
799 1951 833 1972 se
857 1941 977 1972 olivam
989 1942 1097 1972 viren—

129 1990 194 2016 tem
217 1984 250 2015 in
263 1983 325 2014 Dei
349 1983 442 2014 domo
456 1983 523 2014 fore
545 1982 712 2023 gloriatur.
737 1984 782 2014 At
803 1988 911 2014 tamen
925 1989 1002 2016 tunc
1014 1988 1095 2015 tem·

129 2027 216 2068 poris
238 2025 407 2058 exsulabat
429 2026 492 2057 Dei
515 2026 708 2063 sanctuario,
731 2030 763 2057 et
786 2029 822 2057 ut
845 2030 920 2057 ante
943 2027 1095 2065 vidimus,

127 2070 162 2101 in
168 2074 287 2101 terram
297 2068 502 2109 peregrinam
512 2079 545 2100 se
554 2068 753 2100 contulerat:
770 2079 885 2100 verum
892 2074 1094 2109 praesentem

127 2122 218 2144 suam
231 2111 446 2143 conditionem
470 2121 533 2142 non
556 2111 694 2142 intuitus
717 2111 826 2142 animo
849 2111 907 2143 sibi
920 2113 1094 2152 repositam

127 2155 323 2191 felicitatem,
346 2164 364 2184 a
377 2164 438 2194 qua
451 2159 520 2184 tum
537 2153 646 2193 procul
661 2154 780 2190 aberat,
805 2155 1092 2195 contemplabatur.

130 2197 252 2229 Idcirco
271 2201 441 2237 postquam
463 2196 545 2227 dixit
567 2206 601 2227 se
613 2196 677 2227 Dei
700 2196 877 2228 bonitatem
894 2198 1092 2237 praestolari,

132 2239 209 2271 dicit
230 2249 300 2271 eam
330 2240 397 2270 fore
425 2239 457 2270 in
482 2243 685 2279 perpetuum.
742 2239 977 2271 Verumtamen
1005 2241 1093 2272 illius

130 2286 209 2318 tum,
230 2281 400 2313 hominum
422 2281 553 2319 iudicio,
585 2281 706 2313 favoris
729 2293 860 2314 sensum
884 2283 1011 2314 nullum
1035 2283 1092 2314 ha—

129 2323 239 2363 bebat,
261 2334 358 2364 quum
387 2324 528 2364 undique
550 2328 768 2365 premeretur,
792 2329 824 2356 et
848 2325 927 2357 Saul
951 2326 1092 2366 undique

130 2371 275 2408 urgeret,
303 2371 339 2398 ut
368 2370 520 2407 tanquam
552 2367 665 2399 mortis
689 2378 763 2398 reus
793 2368 832 2399 ab
863 2369 1014 2400 omnibus
1038 2369 1092 2400 de·

130 2413 300 2442 sereretur.
324 2408 389 2440 Sed
404 2410 616 2441 nihilominus
630 2420 664 2441 se
686 2409 741 2441 ille
764 2414 916 2451 tanquam
933 2412 1092 2443 virentem

129 2452 246 2483 olivam
268 2456 422 2492 perpetuo
443 2453 582 2484 fructum
611 2457 643 2484 et
665 2452 813 2493 vigorem
832 2464 925 2485 suum
950 2455 1092 2486 retinen-

129 2500 194 2526 tem
217 2495 251 2525 in
264 2494 326 2525 Dei
348 2494 440 2526 domo
462 2495 530 2526 fore
553 2495 720 2536 gloriatur.
764 2495 852 2535 Quid
875 2496 943 2527 ita?
967 2497 1092 2537 Nempe

129 2537 278 2578 quoniam
301 2537 333 2568 in
346 2537 408 2568 Dei
423 2538 566 2569 bonitate
588 2549 678 2578 spem
701 2549 793 2570 suam
817 2540 952 2579 reponit.
984 2540 1092 2580 Atque

129 2590 188 2611 nos
209 2578 345 2611 Davidis
367 2581 550 2620 exemplum
575 2585 701 2620 oportet
730 2581 869 2612 imitari:
898 2586 929 2612 et
951 2584 1092 2613 maxime

128 2622 278 2663 quoniam
300 2622 396 2654 hodie
425 2623 566 2654 mundus
588 2624 703 2663 plenus
732 2628 779 2654 est
803 2623 925 2664 Doegis
954 2631 985 2656 et
1009 2625 1091 2657 Sau-

776 186 824 216 IN
849 187 872 217 I.
899 186 987 217 LIB.
1012 186 1211 218 SAMUEL.
1236 188 1332 220 (JAP.
1357 190 1489 222 XXIII.

2065 191 2128 221 442

1165 280 1256 316 libus,
1282 288 1313 313 ct
1337 284 1447 315 multis
1472 285 1696 324 proditoribus,
1722 285 1774 324 qui
1800 284 1880 315 nihil
1904 285 1964 315 nisi
1989 284 2128 316 confusi—

1162 333 1255 370 o-nem
1288 325 1320 355 in
1352 326 1514 357 ecclesiam
1542 327 1602 357 Dei
1625 334 1781 358 conantur
1810 327 1972 358 invehere.
2020 327 2063 358 Et
2087 327 2127 358 is-

1163 367 1312 397 tiusmodi
1344 374 1450 408 pestes
1483 369 1683 409 potissimum
1715 370 1805 401 aulas
1828 370 2008 409 principum
2034 380 2128 401 occu-

1162 413 1256 447 pant,
1281 414 1310 439 et
1334 412 1482 449 quoniam
1509 412 1634 442 delitias
1658 413 1716 443 sibi
1741 413 1843 443 facere
1867 413 1994 449 volunt,
2019 422 2127 442 rerum

1162 452 1304 497 omnium
1324 454 1541 484 confusionem
1556 455 1711 486 invehere
1724 460 1891 486 conantur.
1924 454 2014 493 Quae
2027 465 2126 494 quum

1161 497 1340 531 mtuemur,
1372 500 1402 526 ct
1428 496 1488 526 Dei
1511 508 1588 536 opus
1613 508 1770 528 remoram
1795 497 1861 537 pati
1886 497 2030 533 videtur,
2061 497 2127 527 Da-

1162 535 1269 566 videm
1287 548 1344 567 nos
1362 537 1451 569 decet
1464 540 1600 569 imitari:
1625 546 1656 570 ct
1673 539 1942 579 quemadmodum
1962 540 1994 570 in
2014 539 2128 571 mediis

1135 594 1137 604 ›
1162 578 1227 608 suis
1259 580 1487 611 tentationibus
1517 590 1546 612 et
1579 583 1805 613 afflictionibus
1839 592 1875 613 ac
1906 582 2041 613 summis
2069 592 2126 612 an-

1162 621 1275 659 gustiis
1289 621 1320 651 in
1335 621 1405 652 Deo
1418 634 1546 663 sperare
1570 635 1631 655 non
1657 625 1795 656 destitit:
1819 625 1957 656 sciamus
1981 630 2012 655 et
2034 626 2127 655 firma

1161 662 1223 707 fide
1260 674 1449 703 persuasum
1483 666 1657 698 habeamus
1694 678 1821 698 omnem
1851 666 1996 698 arborem
2028 677 2125 707 quam

1161 704 1251 736 Deus
1282 706 1459 746 plantavit,
1493 720 1659 748 nunquam
1692 710 1843 741 radicitus
1874 709 2126 749 exstirpandam,

1161 748 1215 778 sed
1240 758 1298 779 suo
1326 755 1468 789 tempore
1497 752 1593 782 fiores
1616 759 1648 782 et
1672 752 1812 790 fructus,
1844 752 1954 783 invitis
1977 752 2127 783 omnibus

1134 815 1135 818 ,
1160 789 1324 829 improbis,
1355 792 1593 832 producturam⁴
1629 794 1751 825 Contra
1773 805 1851 825 vero
1875 795 1990 834 impios
2014 802 2045 825 et
2068 795 2124 825 fla-

1161 833 1293 873 gitiosos
1315 834 1478 872 homines,
1509 838 1561 876 qui
1583 842 1657 867 sunt
1680 838 1784 868 instar
1795 837 1979 877 putidarum
2005 842 2037 868 et
2059 837 2124 878 syl-

1132 871 1134 881 *
1160 876 1317 906 vestrium
1331 878 1491 915 arborum,
1515 880 1673 918 perituros
1686 885 1716 910 et
1729 880 1762 910 in
1779 880 1887 919 ignem
1901 879 2123 916 coniiciendos,

1160 922 1195 948 ut
1227 917 1318 949 docet
1349 930 1406 950 nos
1436 921 1504 960 ipse
1528 921 1687 952 Dominus
1719 928 1827 952 noster
1850 922 1942 953 Iesus
1964 922 2125 953 Christus.

1159 960 1259 1000 Atqui
1277 961 1411 992 salutem
1432 968 1576 994 nostram
1597 965 1714 995 scimus
1730 965 1762 995 in
1777 964 1846 995 Deo
1866 964 2032 995 fundatam
2046 974 2124 1002 esse,

1158 1007 1191 1033 et
1213 1004 1314 1034 vitam
1336 1010 1478 1036 nostram
1499 1017 1560 1037 non
1585 1017 1654 1037 esse
1673 1008 1710 1037 ab
1731 1007 1923 1045 hominibus,
1948 1018 2005 1038 nec
2026 1008 2057 1037 in
2077 1007 2126 1047 ip-

1158 1056 1269 1077 sorum
1299 1052 1456 1086 potestate
1485 1050 1636 1088 positam:
1669 1049 1723 1080 sed
1749 1049 1855 1080 Deum
1891 1060 1947 1080 nos
1971 1060 2010 1080 ex
2034 1060 2124 1081 mera

1158 1098 1217 1119 sua
1245 1088 1387 1120 bonitate
1411 1097 1441 1120 et
1472 1091 1663 1123 liberalitate
1685 1093 1825 1131 recipere
1848 1093 1880 1122 in
1905 1093 2059 1133 gratiam,
2093 1097 2125 1122 et

1157 1131 1196 1161 ad
1220 1141 1254 1162 se
1277 1141 1393 1163 vocare
1416 1134 1558 1165 suaviter
1582 1145 1638 1174 per
1657 1134 1815 1174 evangelii
1835 1135 2122 1174 praedicationem:

1157 1180 1354 1214 quapropter
1388 1176 1536 1207 omnibus
1567 1177 1685 1217 Doegis
1722 1183 1753 1207 et
1784 1177 1937 1208 Saulibus
1971 1177 2123 1208 audacter

1156 1216 1359 1254 insultemus,
1384 1223 1415 1248 et
1438 1224 1593 1259 quotquot
1616 1225 1692 1251 sunt
1710 1220 1740 1250 in
1756 1219 1876 1250 mundo
1887 1219 1950 1250 Dei
1967 1219 2122 1256 hostibus,

1156 1264 1188 1289 et
1211 1259 1243 1289 in
1268 1264 1380 1291 nostra
1403 1262 1572 1293 vocatione
1596 1272 1769 1302 pergamus
1793 1262 1951 1299 alacriter,
1975 1262 2008 1292 in
2032 1262 2120 1293 omni

1156 1301 1340 1333 humilitate
1371 1308 1402 1333 et
1432 1304 1588 1344 patientia
1619 1305 1774 1345 tantisper
1797 1309 2020 1345 exspectantes
2044 1304 2121 1335 dum

1155 1343 1245 1375 Deus
1275 1346 1376 1376 nostri
1398 1348 1564 1384 misertus,
1595 1353 1666 1388 post
1689 1348 1830 1387 aliquam
1854 1347 2118 1387 explorationem,

1154 1397 1285 1418 manum
1310 1388 1402 1420 nobis
1426 1390 1578 1430 porrigat,
1602 1395 1633 1421 et
1656 1400 1690 1421 re
1710 1391 1779 1430 ipsa
1803 1394 1937 1421 testetur
1961 1400 1993 1421 se
2016 1390 2119 1420 nostri

1155 1440 1321 1470 nunquam
1356 1432 1518 1470 oblivisci,
1559 1433 1634 1464 licet
1669 1443 1764 1473 saepe
1797 1433 1909 1464 faciem
1943 1432 2120 1464 occultasse

1154 1472 1246 1503 visus
1269 1473 1321 1511 sit,
1341 1479 1372 1504 ct
1395 1485 1453 1506 nos
1476 1475 1509 1505 in
1533 1485 1607 1506 eum
1624 1480 1742 1506 statum
1757 1474 1888 1514 redacti,
1913 1479 1948 1506 ut
1963 1480 2117 1514 tanquam

1153 1515 1266 1546 mundi
1290 1521 1505 1557 purgamenta
1528 1518 1713 1549 habeamur.

1236 1557 1307 1589 Iam
1332 1570 1406 1590 vero
1430 1561 1524 1600 agite,
1547 1563 1596 1593 etc.

1386 1759 1632 1798 HOMILIA
1665 1758 1874 1798 LXXXII-

1506 1830 1603 1862 oAP.
1629 1829 1761 1861 xxm.

1234 1940 1262 1972 1.
1286 1940 1330 1971 Et
1367 1942 1635 1973 annunciaverunt
1672 1940 1797 1978 David,
1848 1940 1993 1972 dicentes.-
2036 1940 2114 1972 Ecce

1149 1983 1322 2015 Philistina
1363 1987 1539 2024 oppuynant
1579 1983 1709 2019 Ceilam,
1759 1985 1787 2013 et
1822 1983 1979 2022 diripiunt
2014 1993 2113 2015 areas.

1146 2027 1176 2058 2.
1195 2026 1355 2058 Consuluit
1365 2036 1435 2066 erqo
1453 2026 1562 2058 David
1573 2026 1754 2063 Dominum,
1772 2025 1889 2057 dicens.-
1903 2026 1989 2056 Num
2000 2026 2114 2058 vadam

1146 2072 1174 2100 et
1190 2069 1364 2108 percutiam
1389 2068 1578 2100 Pleilistaeos
1605 2068 1705 2099 istos?
1749 2067 1791 2098 Et
1818 2069 1863 2099 ait
1884 2068 2042 2100 Dominus
2071 2069 2113 2100 ad

1146 2112 1267 2143 David.-
1297 2111 1399 2151 Vade,
1423 2113 1449 2142 et
1465 2111 1621 2151 percuties
1645 2110 1836 2147 Plzz'listanS,
1860 2116 1886 2142 et
1910 2110 2025 2143 Ceilam
2048 2111 2112 2142 sal-

1145 2153 1242 2186 vabis.
1296 2154 1325 2184 3.
1358 2153 1401 2184 Et
1429 2154 1574 2186 differunt
1602 2153 1665 2184 viri
1698 2153 1751 2192 qni
1781 2156 1868 2184 erant
1896 2163 1965 2184 cnm
1991 2153 2110 2194 David,

1145 2197 1187 2228 ad
1205 2206 1288 2227 enin:
1310 2196 1387 2228 Ecce
1404 2206 1459 2228 nos
1480 2197 1529 2228 hic
1550 2197 1583 2227 in
1596 2195 1716 2227 Iudaea
1737 2196 1930 2227 consistentes
1952 2197 2112 2227 timemus.-

1145 2241 1255 2279 quanto
1277 2239 1381 2279 magis
1398 2239 1428 2270 si
1449 2239 1578 2270 ierimus
1600 2239 1634 2269 in
1656 2237 1772 2268 Ceilam
1799 2238 1963 2269 adversum
1986 2239 2111 2279 agmina

1144 2281 1410 2313 Philistinorum?
1478 2282 1506 2313 4.
1538 2281 1679 2312 Rursum
1714 2290 1782 2320 erqo
1817 2279 1925 2312 David
1961 2281 2111 2312 consuluit

1144 2325 1324 2356 Dominum.
1364 2324 1424 2363 Qui·
1446 2324 1631 2363 respondens
1654 2324 1699 2353 ait
1721 2323 1765 2353 ei:
1794 2322 1894 2363 Surye
1922 2326 1948 2355 et
1974 2324 2050 2355 vade
2076 2324 2110 2354 in

1146 2367 1276 2403 Ceihxm,
1298 2377 1349 2407 eqo
1382 2367 1462 2397 enim
1490 2367 1614 2397 tradam
1645 2364 1832 2396 Plzilistaeos
1864 2366 1897 2396 in
1927 2376 2023 2396 manu
2045 2368 2109 2397 tua.

1144 2410 1173 2441 5.
1204 2409 1292 2440 Abiit
1314 2419 1383 2449 erqo
1405 2409 1532 2446 David,
1556 2411 1582 2439 et
1604 2408 1666 2438 viri
1689 2408 1756 2439 eius
1777 2409 1811 2438 in
1836 2407 1960 2446 Ceilam,
1984 2411 2010 2439 et
2027 2418 2110 2448 puy—

1144 2453 1229 2484 navit
1251 2452 1414 2483 adversum
1437 2451 1638 2488 Pleilistaeos,
1669 2453 1695 2481 et
1718 2450 1814 2490 abeqit
1836 2451 1973 2482 iumenta
1996 2461 2108 2485 eorum,

1144 2498 1169 2526 et
1205 2495 1361 2534 percussit
1396 2504 1444 2525 eos
1484 2503 1598 2533 magyna
1624 2492 1738 2532 playa.-
1777 2495 1803 2524 et
1839 2494 1971 2524 salvavit
2001 2493 2109 2524 David

1143 2537 1327 2568 habitatores
1351 2536 1460 2567 Ceilae.
1510 2536 1538 2566 ss.
1566 2535 1664 2566 Porro
1686 2545 1718 2566 eo
1740 2537 1869 2574 tempore
1891 2545 1951 2575 quo
1972 2536 2109 2576 fuyiebat

1144 2580 1299 2611 Abiatlzar
1314 2579 1401 2617 filius
1419 2578 1609 2609 Aclzimeleclz
1629 2578 1670 2608 αᾱ
1688 2577 1796 2609 David
1815 2579 1846 2609 in
1868 2578 1993 2615 Cenum,
2013 2578 2110 2618 ephod

1143 2633 1242 2655 secum
1266 2622 1379 2653 liabens
1397 2622 1595 2653 descenderat.
