2551 3044
430 238 492 269 575

430 342 500 362 snm
534 341 590 361 nos
620 329 876 369 insurgentium,
908 333 941 359 et
969 327 1087 359 diaboli
1119 329 1205 368 ipsos
1231 327 1398 359 incitantis
1424 329 1425 332 ’

1424 394 1425 415 1
1451 370 1527 406 lere,
1558 380 1577 400 a
1600 368 1716 409 quibus
1748 368 1879 399 iamiam
1915 367 2058 399 laniandi
2083 368 2263 405 videamur,
2291 373 2322 399 et
2345 374 2418 400 tan-

432 418 601 455 Deumque
634 415 715 445 votis
747 414 986 445 ardentioribus
1009 424 1188 454 precemur,
1219 419 1305 444 certo
1330 423 1398 453 per-

431 376 518 405 snror
541 379 573 404 ct
595 373 699 403 rabies
720 372 825 408 fuerit,
850 381 886 401 eo
907 371 1044 402 maiores
1067 371 1193 401 animos
1212 369 1397 408 habeamus,

429 459 514 490 suasi
546 468 711 498 nunquam
748 458 855 497 ipsum
892 455 983 487 nobis
1012 456 1216 487 defuturum:
1250 455 1306 487 sed
1336 466 1398 496 quo

429 503 530 533 maior
543 501 686 532 hostium
699 499 889 539 improbitas
902 499 1007 538 fuerit,
1022 510 1058 530 eo
1071 499 1285 539 propinquius
1297 498 1398 539 ipsius

429 544 584 576 auxilinm
611 543 808 573 adfuturum.

515 587 617 618 Porro
643 585 803 616 Davidem
829 584 907 617 Saul
940 585 1132 624 insequutus
1154 589 1211 622 est,
1241 594 1314 616 cum
1340 584 1397 614 tri·

429 630 487 661 bus
511 629 653 660 millibus
678 629 820 659 virorum
845 627 1045 658 delectorum
1070 638 1109 658 ex
1134 626 1265 665 Israele,
1298 637 1397 666 quum

429 674 483 704 ille
513 671 674 704 sexcentis
706 676 831 702 tantum
864 670 1023 702 militibus
1053 670 1192 710 stipatus
1221 677 1320 706 esset,
1362 675 1398 699 ut

429 723 503 747 ante
533 714 682 745 vidimus.
733 713 800 744 Nae
831 713 858 744 si
890 723 1112 753 comparemus
1141 713 1225 744 inter
1255 724 1288 743 se
1318 713 1397 743 istos

428 758 601 796 exercitus,
625 757 719 797 longe
738 757 843 796 impar
867 756 928 787 fuit
951 756 1119 796 utriusque
1143 756 1234 786 ratio.
1261 755 1398 786 Davidis

429 802 514 833 enim
539 801 625 840 socii,
651 800 711 830 viri
735 799 829 839 egeni
842 803 873 829 et
896 799 1007 830 afflicti
1030 799 1084 839 qui
1103 798 1142 830 ad
1167 799 1271 839 ipsum
1286 798 1397 829 confu-

429 850 556 886 gerant,
580 853 642 873 non
658 848 748 873 erant
762 842 795 872 in
809 841 907 873 armis
920 841 1098 880 exercitati,
1122 841 1204 873 sicut
1225 851 1303 881 quos
1317 840 1395 872 Saul

429 898 469 918 cx
482 885 602 918 Israele
627 884 800 926 delegerat.
831 884 874 915 Et
894 885 1051 924 potuisset
1065 884 1146 916 Saul
1171 885 1265 924 longe
1289 884 1397 923 plures

428 940 564 964 armare,
589 935 621 959 et
645 928 779 968 triginta
803 933 860 958 aut
882 927 1099 968 quadraginta
1116 927 1204 958 mille
1228 926 1395 957 hominnm

428 972 606 1004 exercitum
631 970 853 1002 conscribere.-
883 969 938 1001 sed
958 970 1061 1001 tribus
1085 969 1147 1001 illis
1170 969 1313 1000 millibus
1337 969 1398 999 fnit
1423 1000 1424 1011 ζ

428 1022 612 1051 contentus,
644 1024 683 1045 ne
706 1013 862 1044 maiorem
892 1013 925 1044 in
949 1013 1080 1054 regione
1111 1013 1287 1043 tumultum
1311 1011 1395 1042 exci-

429 1065 522 1095 taret,
543 1063 574 1088 et
588 1068 628 1088 ne
643 1057 709 1096 ipse
722 1055 782 1087 sibi
796 1055 934 1087 dedecus
947 1062 1135 1092 accerseret,
1157 1056 1307 1086 miserum
1322 1064 1396 1094 pro·

429 1102 540 1142 fugum
555 1100 666 1140 paucis
678 1099 831 1139 stipatum
854 1098 1012 1130 militibus
1031 1108 1236 1138 persequens.
1261 1096 1398 1128 Davidis

429 1145 529 1185 igitur
552 1143 630 1174 socii
655 1141 849 1173 videbantur
872 1141 1019 1173 oviculae
1043 1142 1077 1171 in
1102 1141 1230 1171 leonum
1255 1140 1398 1171 faucibus

427 1187 560 1228 positae,
584 1191 617 1216 et
640 1185 776 1225 ipsemet
794 1184 921 1215 misella
940 1185 1009 1215 ovis
1030 1195 1104 1215 mox
1125 1182 1293 1214 lanianda:
1318 1191 1397 1222 quo-

429 1316 485 1346 vid
509 1315 585 1355 fuga
605 1313 743 1345 salutem
757 1312 816 1344 sibi
837 1312 1021 1352 quaerebat,
1045 1317 1077 1343 ct
1101 1313 1132 1342 in
1154 1311 1286 1343 latebris
1309 1320 1399 1354 prae-

429 1358 549 1390 sidium
581 1355 731 1397 ponebat.
762 1365 799 1386 ea
832 1355 1015 1387 conditione
1047 1361 1228 1391 contentus,
1261 1354 1288 1385 si
1320 1353 1398 1384 Saul

430 1402 576 1442 quietum
598 1400 705 1439 ipsum
730 1398 932 1437 reliquisset:
956 1408 1140 1437 quanquam
1165 1398 1274 1428 illatae
1294 1396 1326 1427 vi
1350 1406 1400 1427 re-

430 1445 545 1475 sistere
575 1441 721 1482 parabat,
753 1441 808 1471 scd
840 1441 884 1471 ita
913 1445 1022 1470 tamen
1053 1445 1087 1471 ut
1117 1440 1261 1472 cedendo
1291 1439 1401 1479 potius

430 1496 525 1526 quam
550 1483 725 1525 pugnando
749 1483 924 1514 resisteret.
956 1482 1077 1513 Misera
1099 1483 1207 1523 itaque
1231 1482 1399 1513 hominum

432 1528 584 1569 opinione
608 1526 743 1557 Davidis
767 1524 918 1562 conditio,
949 1525 1001 1557 cui
1025 1525 1136 1556 nullus
1160 1525 1299 1557 dabatur
1323 1525 1401 1556 effu-

431 1571 539 1613 giendi
565 1568 697 1610 periculi
723 1569 817 1603 locus.
849 1572 880 1599 et
910 1568 963 1608 qui
986 1578 1059 1599 cum
1091 1569 1202 1600 multis
1225 1568 1296 1599 aliis
1317 1567 1400 1598 diffi-

431 1614 604 1646 cultatibus
629 1611 819 1642 luctabatur.
870 1610 964 1647 Nam,
988 1615 1023 1641 ut
1047 1611 1225 1642 verisimile
1249 1615 1306 1649 est,
1333 1621 1400 1642 non

431 1663 500 1689 erat
523 1656 620 1686 rebus
648 1654 836 1685 necessariis
859 1653 1031 1684 admodum
1062 1654 1253 1690 instructus,
1286 1658 1321 1684 ut
1345 1653 1401 1694 qui

431 1701 465 1731 in
490 1699 617 1729 deserto
637 1697 736 1728 vitam
759 1701 879 1736 ageret,
911 1702 943 1727 ct
966 1697 1054 1727 omni
1079 1697 1200 1727 auxilio
1226 1697 1401 1728 destitutus

431 1748 527 1773 essct.
550 1740 629 1777 Nae,
654 1739 682 1770 si
706 1738 862 1771 voluisset
881 1739 981 1775 Deus,
1007 1738 1185 1770 multorum
1211 1740 1337 1771 animos
1361 1738 1401 1770 ad

433 1784 553 1816 Davidi
576 1782 725 1814 serendas
747 1782 914 1822 suppetias
937 1782 1120 1819 excitasset,
1141 1788 1174 1813 et
1197 1782 1237 1813 ad
1251 1792 1324 1813 eum
1349 1781 1402 1812 ad-

434 1838 547 1858 versus
584 1825 693 1856 Saulis
727 1825 868 1856 furorem
903 1824 1093 1864 tutandum,
1127 1824 1401 1865 quemadmodum

434 1871 584 1909 deinceps
615 1869 736 1900 factum
767 1867 956 1902 videbimus.
990 1867 1095 1898 subito
1119 1868 1280 1898 maximae
1301 1868 1402 1908 partis

431 1911 546 1955 populi
570 1911 686 1942 animis
710 1910 900 1950 immutatis,
931 1913 964 1941 et
986 1910 1047 1950 ipsi
1080 1909 1204 1949 placide
1236 1920 1306 1941 sese
1329 1910 1403 1941 sub-

434 1954 646 1992 mittentibus,
678 1953 731 1994 qui
757 1958 851 1984 antea
873 1952 998 1984 infestis
1027 1953 1144 1983 animis
1168 1954 1273 1993 ipsum
1297 1963 1402 1993 perso-

434 1998 628 2039 quebantur.
660 1996 783 2027 Verum
808 1996 854 2027 ita
877 1995 999 2035 placuit
1020 1995 1082 2036 ipsi
1102 1995 1265 2027 Davidem
1290 2006 1402 2027 excer-

435 2052 517 2078 cere,
547 2045 579 2071 et
610 2040 642 2070 in
675 2045 780 2070 tantas
805 2039 972 2079 angustias
1004 2038 1160 2079 redigere,
1190 2043 1223 2069 et
1245 2049 1308 2069 non
1334 2038 1402 2069 sine

435 2085 540 2117 causis
560 2082 722 2123 legitimis.
753 2081 838 2112 Nam
859 2081 1029 2112 demittere
1047 2086 1080 2112 ct
1099 2081 1272 2112 humiliare
1296 2082 1402 2121 ipsum

434 2127 516 2164 vult,
540 2136 602 2166 quo
625 2125 793 2156 ardentius
817 2124 857 2155 ab
879 2125 949 2164 ipso
970 2125 1148 2160 invocetur,
1171 2129 1203 2155 et
1215 2124 1404 2163 experiatur
1427 2150 1430 2154 .

436 2180 528 2201 suam
554 2168 691 2199 salntem
717 2178 734 2198 a
758 2166 825 2198 sola
845 2166 905 2197 Dei
925 2166 1064 2198 vindicis
1086 2176 1184 2198 manu
1207 2173 1238 2196 et
1262 2167 1404 2206 gratuita

436 2213 579 2244 bonitate
604 2210 754 2251 pendere.
801 2210 952 2250 Denique
976 2209 1069 2240 Deus
1092 2208 1236 2240 ostendit
1258 2209 1401 2240 fidelium

436 2255 575 2286 salutem
598 2259 664 2284 tam
688 2253 830 2293 corporis
855 2263 952 2293 quam
977 2252 1114 2289 animae,
1137 2263 1200 2283 non
1225 2262 1244 2282 a
1265 2252 1404 2283 terrenis

437 2297 560 2334 mediis,
584 2296 639 2328 sed
660 2306 678 2327 a
701 2296 769 2327 sola
783 2296 844 2326 Dei
868 2295 988 2326 virtute
1012 2295 1162 2336 pendere.
1191 2294 1280 2326 Haec
1302 2294 1404 2336 igitur

437 2340 588 2380 exempla
622 2338 761 2369 Davidis
784 2337 972 2369 meditanda
995 2342 1072 2368 sunt
1094 2337 1196 2375 nobis,
1220 2348 1314 2378 quem
1340 2348 1402 2368 uon

437 2389 563 2414 tantum
590 2381 712 2412 viribus
735 2382 890 2420 imparem
915 2380 1015 2411 fuisse
1040 2380 1194 2417 hostibus,
1226 2380 1281 2411 sed
1305 2381 1403 2411 etiam

437 2426 525 2457 omni
560 2424 683 2455 anxilio
715 2424 905 2454 destitutum
937 2423 1101 2459 videmus,
1135 2433 1197 2463 quo
1232 2423 1404 2454 imminens

438 2469 534 2509 capiti
558 2467 735 2508 periculum
757 2466 925 2507 effugeret.
951 2465 1083 2505 Scripta
1101 2466 1186 2496 enim
1207 2465 1298 2497 nobis
1316 2471 1347 2496 et
1370 2466 1403 2496 in

438 2522 530 2543 usum
555 2522 590 2542 ac
615 2509 795 2541 doctrinam
820 2514 964 2540 nostram
989 2514 1038 2539 est
1058 2508 1136 2539 haec
1155 2508 1301 2540 historia.
1326 2508 1404 2539 Fuit

438 2555 534 2591 enim,
558 2559 593 2584 ut
618 2558 692 2583 ante
715 2562 810 2592 saepe
834 2552 985 2592 diximus,
1011 2551 1117 2582 David
1141 2552 1246 2592 imago
1271 2551 1402 2582 Domini

438 2596 539 2628 nostri
559 2595 632 2627 Iesu
658 2594 793 2633 Christi,
815 2601 847 2625 ct
870 2595 968 2625 totius
992 2594 1155 2625 ccclesiae.
1190 2594 1293 2634 Caput
1318 2593 1401 2624 enim

439 2639 519 2670 nihil
561 2638 659 2669 habet
693 2637 881 2678 proprium,
922 2637 976 2668 sed
1007 2646 1081 2667 cum
1112 2637 1263 2668 membris
1296 2637 1403 2668 omnia

438 2682 631 2713 eommunia.
666 2680 776 2719 Quare
799 2690 900 2720 quum
925 2690 985 2711 nos
1010 2679 1098 2710 Deus
1127 2680 1272 2711 infirmos
1296 2684 1328 2710 et
1351 2678 1403 2710 ab-

1253 234 1453 265 HOMILIA
1479 233 1605 265 XCIII.

2354 232 2417 264 576

1452 328 1551 358 iectos
1565 337 1635 357 esse
1648 326 1796 363 volucrit,
1817 331 1848 356 et
1870 325 1978 356 hostes
2001 326 2139 356 multum
2165 325 2257 357 nobis
2280 335 2417 365 praeva-

1451 423 1549 452 quam
1574 413 1709 442 miserae
1741 422 1817 443 oves
1840 421 1858 442 a
1889 411 2088 442 saevissimis
2118 417 2149 442 ct
2178 411 2334 442 famelicis
2357 411 2419 442 leo-

1453 455 1549 486 nibus
1573 454 1720 493 vorandi,
1749 465 1790 485 ne
1822 453 1853 485 id
1878 464 1997 484 novum
2028 459 2060 484 et
2088 453 2233 485 insolens
2255 454 2347 485 nobis
2371 454 2418 484 vi—

1452 498 1575 534 deatur,
1600 507 1699 537 quum
1720 497 1846 537 insigne
1870 497 1911 527 sit
1934 495 2017 536 quod
2037 496 2088 528 hic
2111 496 2304 537 proponitur
2317 496 2418 527 Davi-

1452 541 1502 571 dis
1525 540 1719 579 exemplum.
1772 539 1838 571 Sed
1870 539 2033 570 discamus
2058 538 2128 570 Deo
2158 549 2215 570 nos
2238 538 2419 578 deficiente,

1424 587 1425 607 ³
1451 590 1483 614 et
1506 583 1606 613 variis
1625 582 1862 614 calamitatibus
1882 589 2053 613 exercente
2073 593 2134 613 non
2154 582 2292 621 obloqui,
2315 592 2419 621 neque

1452 625 1621 656 insolentia
1651 631 1683 656 et
1714 625 1900 665 arrogantia
1930 625 2054 655 efferri:
2086 625 2141 655 sed
2172 631 2287 665 sponte
2310 634 2418 656 coram

1452 668 1522 699 Deo
1546 668 1745 705 deiiciamur,
1769 673 1801 699 et
1824 678 1865 698 ne
1888 667 2074 698 dubitemus
2099 668 2178 708 quin
2202 666 2293 698 Deus
2312 668 2345 698 in
2368 667 2419 698 in-

1451 711 1604 742 firmitate
1635 717 1745 742 nostra
1769 711 1833 741 vim
1865 721 1957 742 suam
1980 715 2012 741 et
2034 711 2212 750 potentiam
2236 716 2365 741 exserat
2387 715 2420 742 et

1452 754 1639 793 patefaciat:
1670 760 1701 783 et
1732 753 1961 785 afflictionibus
1993 753 2149 792 deiectos,
2180 758 2212 784 et
2241 753 2280 784 ad
2312 753 2419 793 ipsum

1451 796 1672 827 invocandum
1695 797 1829 837 eiusque
1852 796 2010 827 auxilium
2035 796 2274 836 implorandum
2296 796 2419 828 excita-

1452 846 1501 870 tos
1526 839 1638 879 erigat,
1658 845 1690 870 et
1712 840 1875 878 cognitam
1900 839 2123 870 infirmitatem
2148 844 2292 869 nostram
2316 838 2421 870 suble-

1452 888 1521 922 vet,
1562 881 1646 922 quod
1682 883 1823 913 rationes
1859 882 1976 913 habeat
2009 892 2083 913 snos
2117 881 2294 912 adiuvandi
2327 881 2420 913 nobis

1451 925 1650 965 incognitas,
1682 930 1714 956 et
1743 929 1854 956 nostro
1882 925 2001 956 iudicio
2036 924 2260 964 impossibiles.
2307 924 2420 964 Itaque

1451 967 1526 999 licet
1539 978 1603 998 non
1622 978 1659 998 eo
1673 974 1836 999 momento
1849 978 1912 1008 quo
1924 972 2154 1008 exoptaremus
2169 968 2277 998 hostes
2290 972 2419 999 nostros

1452 1011 1616 1051 profliget,
1652 1010 1731 1041 nihil
1763 1017 1870 1042 tamen
1903 1020 1958 1041 eos
1987 1009 2161 1041 adversum
2192 1020 2250 1041 nos
2284 1019 2420 1042 ausuros

1451 1058 1575 1085 certum
1600 1058 1659 1089 est,
1684 1053 1745 1084 nisi
1769 1052 1853 1093 quod
1877 1053 1946 1094 ipse
1969 1053 2170 1093 permiserit:
2191 1058 2224 1083 et
2247 1051 2318 1083 Deo
2341 1052 2420 1093 ipsis

1452 1096 1545 1127 nobis
1567 1096 1777 1136 praevalendi
1792 1095 1915 1128 viribus
1929 1096 2024 1127 dante
2048 1100 2242 1136 potestatem
2255 1095 2421 1126 commodo

1452 1143 1564 1170 nostro
1583 1139 1662 1176 fieri,
1686 1149 1764 1179 quos
1784 1150 1821 1170 ea
1841 1139 1966 1170 ratione
1990 1139 2164 1179 castigatos
2187 1138 2317 1169 erudire
2339 1138 2419 1170 vult.

1424 1188 1426 1195 ⁴
1451 1182 1560 1222 Atque
1583 1182 1663 1213 haec
1687 1182 1754 1213 sola
1779 1182 1869 1213 nobis
1893 1183 1974 1213 ratio
1998 1181 2092 1212 debet
2116 1181 2272 1213 sufficere.
2297 1181 2420 1220 Quam-

428 1229 524 1261 modo
548 1229 634 1259 enim
658 1227 801 1259 sexcenti
824 1226 871 1257 illi
895 1227 1045 1258 homines
1075 1227 1215 1258 inermes
1239 1231 1270 1256 et
1293 1235 1398 1256 armo·
1425 1241 1427 1258 ,›

428 1283 500 1304 rum
526 1270 688 1311 inexperti
712 1274 761 1301 tot
784 1269 928 1301 millibus
952 1269 1168 1301 restitissent?
1194 1268 1319 1300 Idcirco
1332 1268 1398 1298 Da·
1425 1277 1427 1315 l

1453 1225 1563 1255 obrem
1588 1235 1685 1264 quum
1712 1224 1806 1255 bodie
1829 1224 1971 1264 undique
1994 1225 2144 1255 miseram
2175 1224 2340 1256 eeclesiam
2365 1235 2421 1256 ur·

1452 1267 1522 1308 geri
1547 1267 1689 1299 hostium
1704 1267 1828 1298 viribus
1840 1267 2089 1307 conspiciamus,
2113 1271 2145 1298 et
2163 1266 2222 1298 sibi
2243 1267 2282 1298 de
2294 1267 2423 1299 miseris

1454 1310 1656 1350 triumphum
1688 1310 1841 1350 polliceri,
1871 1310 1962 1350 quasi
1985 1320 2044 1341 sua
2066 1310 2175 1340 omnia
2197 1310 2330 1341 consilia
2353 1310 2421 1341 sint

1453 1353 1492 1383 ad
1525 1353 1648 1384 exitum
1679 1353 1886 1393 perduct-uri.
1917 1352 2003 1393 quod
2028 1357 2060 1383 et
2089 1353 2189 1392 copiis
2219 1358 2250 1383 et
2279 1353 2422 1384 consiliis

1454 1395 1607 1427 instructi
1637 1395 1711 1433 sint,
1742 1406 1782 1426 ne
1813 1396 1959 1426 animum
1990 1395 2197 1427 abiiciamus:
2227 1395 2283 1426 sed
2313 1396 2422 1435 potius

1454 1440 1515 1469 ista
1544 1438 1754 1469 meditatione
1782 1438 1993 1475 consolemur,
2025 1438 2107 1469 nihil
2140 1448 2261 1469 novum
2284 1443 2316 1470 et
2338 1439 2422 1470 inso-

1454 1482 1524 1512 lens
1558 1481 1718 1513 accidere:
1750 1480 1805 1512 sed
1839 1491 1909 1512 eam
1945 1491 2015 1512 esse
2044 1481 2188 1511 omnium
2219 1480 2422 1512 saeculorum

1454 1524 1607 1556 ccclesiae
1626 1523 1852 1562 conditionem,
1875 1533 1969 1563 quam
1992 1524 2089 1554 variis
2110 1523 2213 1554 modis
2225 1523 2317 1555 Deus
2332 1534 2424 1555 excr-

1454 1567 1531 1605 euit,
1565 1572 1600 1598 ut
1623 1573 1780 1606 quotquot
1803 1566 1914 1598 fideles
1937 1567 2065 1597 fortiter
2088 1576 2200 1597 omnes
2223 1576 2316 1598 casus
2338 1566 2422 1598 tule-

1454 1615 1540 1647 runt,
1571 1610 1721 1650 exemplo
1753 1610 1844 1641 nobis
1868 1609 1934 1641 sint
1965 1609 2138 1649 patientiae
2163 1614 2195 1640 et
2217 1608 2423 1648 fortitudinis,

1454 1658 1486 1685 et
1509 1663 1562 1684 eos
1586 1658 1701 1693 sponte
1724 1663 1899 1692 sequamur
1922 1658 1952 1682 et
1976 1653 2159 1683 imitemur:
2183 1662 2220 1684 ac
2242 1651 2318 1683 licet
2335 1652 2424 1683 mille

1454 1696 1568 1727 mortis
1581 1695 1731 1736 periculis
1750 1696 1859 1735 urgeri
1872 1695 2052 1732 videamur,
2077 1695 2290 1726 nihilominus
2312 1696 2346 1726 in
2365 1706 2424 1726 sua

1455 1739 1590 1778 quisque
1622 1738 1793 1770 vocatione
1822 1738 1950 1769 fortiter
1985 1743 2018 1769 et
2048 1738 2266 1777 imperterrite
2300 1742 2424 1779 pergat,

1456 1781 1519 1812 Dei
1544 1782 1647 1812 nostri
1677 1781 1821 1812 bonitate
1845 1786 1877 1812 et
1907 1781 2028 1812 virtute
2056 1780 2168 1819 fretus,
2197 1781 2251 1821 qui
2280 1785 2424 1821 tempore

1457 1830 1640 1865 opportuno
1663 1835 1703 1855 ex
1734 1824 1884 1855 omnibus
1914 1823 2066 1864 periculis
2098 1829 2226 1863 ereptos
2254 1824 2422 1855 recreabit.

1456 1867 1586 1899 Scimus
1610 1868 1696 1898 enim
1716 1877 1772 1906 spe
1796 1876 1854 1898 sua
1877 1877 2044 1906 nunquam
2069 1866 2226 1898 excidisse
2254 1866 2309 1907 qui
2331 1876 2423 1907 spem

1456 1920 1547 1941 suam
1571 1910 1603 1940 in
1627 1909 1699 1941 Deo
1723 1916 1948 1950 reposuerunt.
1974 1909 2040 1940 Nos
2063 1910 2171 1949 itaque
2194 1909 2272 1949 ipsis
2295 1909 2422 1940 confor-

1456 1953 1539 1984 mari
1564 1964 1604 1984 ne
1626 1953 1744 1994 pigeat,
1769 1959 1803 1983 ut
1822 1953 1855 1983 in
1873 1963 1910 1983 eo
1934 1962 2024 1992 spem
2046 1957 2223 1983 nostrama
2245 1962 2308 1992 quo
2320 1951 2423 1984 adiuti

1456 2001 1532 2027 sunt
1555 2006 1709 2036 reponere
1733 2005 1798 2026 non
1822 1994 2021 2026 dubitemus:
2053 1994 2108 2035 qui
2131 1995 2284 2035 quoniam
2308 1995 2424 2027 immu-

1456 2038 1562 2069 tabilis
1585 2044 1644 2076 est,
1673 2044 1781 2070 noster
1804 2038 1902 2069 etiam
1925 2038 2053 2069 adiutor
2075 2042 2132 2075 est,
2162 2042 2194 2068 et
2218 2047 2330 2069 eorum
2354 2048 2422 2069 om-

1456 2082 1547 2112 nium
1572 2081 1628 2121 qui
1651 2081 1690 2112 ad
1715 2081 1820 2122 ipsum
1845 2081 1939 2112 rebus
1969 2081 2117 2121 angustis
2139 2085 2171 2111 et
2193 2081 2322 2112 afflictis
2345 2091 2422 2112 con-

1457 2125 1595 2165 fugiunt,
1619 2129 1652 2155 ct
1675 2134 1764 2164 spem
1788 2124 1821 2154 in
1845 2124 1913 2164 ipso
1937 2123 2104 2154 collocant.

1542 2167 1645 2198 Porro
1677 2177 1739 2207 quo
1763 2167 1878 2197 melius
1898 2166 2045 2205 exemplo
2069 2165 2208 2196 Davidis
2230 2166 2422 2204 excitemur,

1456 2220 1549 2250 quem
1575 2210 1614 2240 de
1645 2210 1705 2241 hac
1728 2220 1762 2240 re
1789 2209 1950 2249 psalmum
1973 2209 2153 2248 composuit
2181 2208 2421 2248 expendamus:

1429 2264 1431 2283 t
1457 2253 1610 2293 frigidum
1634 2254 1720 2283 enim
1740 2254 1822 2283 foret
1845 2251 2029 2291 exemplum
2054 2251 2123 2282 sine
2142 2250 2296 2289 doctrina,
2319 2261 2422 2292 quan-

1457 2295 1627 2335 doquidem
1651 2302 1717 2326 tam
1743 2294 1849 2326 hebeti
1869 2294 2060 2334 plerumque
2084 2304 2197 2325 sumus
2220 2294 2362 2334 ingenio,
2385 2298 2422 2326 ut

1429 2346 1431 2379 J
1458 2337 1535 2368 nihil
1562 2338 1624 2369 nisi
1636 2338 1720 2378 quod
1734 2338 1765 2369 in
1779 2337 1889 2369 oculos
1908 2337 2080 2368 incurrerit
2096 2336 2422 2376 comprehendamus.

1457 2380 1566 2411 David
1590 2382 1689 2421 igitur
1711 2381 1808 2412 etiam
1829 2380 2011 2411 doctrinam
2031 2380 2207 2419 proposuit,
2231 2384 2266 2410 ut
2285 2380 2422 2419 diligen·

1457 2429 1507 2454 ter
1530 2434 1567 2454 ea
1590 2434 1671 2463 qnao
1694 2424 1754 2464 ipsi
1774 2423 1982 2463 contigerunt
2000 2423 2195 2459 intueamur,
2219 2427 2252 2453 et
2274 2423 2306 2453 in
2326 2432 2421 2454 usum

1457 2471 1488 2496 ct
1510 2467 1646 2497 salntem
1672 2472 1814 2498 nostram
1838 2465 2045 2506 applicemus.
2085 2465 2215 2496 Psalmo
2238 2465 2347 2505 itaque
2370 2465 2421 2496 54.

1457 2508 1564 2539 David
1589 2510 1752 2549 praedicat
1770 2519 1804 2540 se
1827 2509 2046 2549 precationem
2059 2517 2141 2547 quae
2160 2508 2226 2539 illic
2237 2508 2422 2539 continetur

1428 2582 1430 2591 ,
1457 2551 1644 2587 instituisse,
1674 2563 1736 2592 qno
1767 2557 1912 2591 tempore
1935 2551 2069 2591 Ziphaei
2099 2550 2139 2581 ad
2169 2550 2301 2582 Saulem
2325 2561 2420 2582 vene-

1456 2599 1542 2631 runt,
1566 2605 1703 2635 eumque
1727 2595 1765 2626 ad
1786 2593 1947 2625 Davidem
1972 2593 2206 2633 insequendum
2226 2594 2421 2625 excitarunt.

1456 2635 1583 2675 Quibus
1614 2638 1713 2677 igitur
1742 2636 1971 2668 afflictionibus
2002 2636 2162 2667 exercitus
2192 2636 2290 2667 fuerit
2315 2635 2420 2667 David

1455 2689 1491 2710 eo
1516 2679 1583 2711 loco
1607 2684 1846 2720 commemorat,
1870 2679 1986 2711 deinde
2009 2689 2071 2719 quo
2089 2679 2197 2710 animo
2216 2678 2324 2710 Deum
2347 2688 2420 2719 pre-
