2551 3044
301 214 366 245 723
1143 209 1344 242 HOMILIA
1370 209 1477 242 CVII.

300 309 330 339 9.
355 307 397 338 Et
414 306 635 346 praeciderunt
658 307 750 344 caput
776 304 865 343 Saul,
888 308 914 336 et
936 304 1184 344 exspoliam—reme
1205 314 1275 336 eum

303 351 410 386 arinis,
443 353 469 379 et
497 349 648 379 nus-erunt
678 348 845 379 interram
870 346 1112 378 Philas-tinorum
1130 357 1190 386 per
1211 348 1274 379 cir-

303 393 428 429 cuitum,
460 394 491 422 ut
521 391 770 422 annianeiaretur
802 391 833 420 in
864 391 974 430 templo
1003 390 1156 421 'idolorum
1186 392 1212 420 et
1240 390 1274 420 in

300 434 435 475 populis.
464 434 511 464 10.
526 433 568 464 Ee
576 435 747 473 posuerunt
759 442 850 463 arma
863 433 930 464 eius
943 433 974 463 iu
988 432 1098 470 {cvrtplo
1109 432 1274 470 Astaroth,

302 487 416 515 corpus
459 486 526 506 reru
566 476 633 506 eius
673 475 899 514 suspenderunt
933 475 967 506 in
1002 484 1091 505 muro
1124 473 1274 506 Bethsau.

306 521 354 550 ll.
380 519 469 558 Quod
497 528 593 558 quum
624 518 783 549 audissent
811 517 996 549 habitatores
1021 516 1112 548 labes
1136 516 1273 555 Galaad,

303 571 502 601 quaecunque
520 562 654 600 fecerant
668 560 842 590 Philistum
864 560 966 598 Sauli,
992 560 1042 590 12.
1066 558 1275 590 surrexerunt

304 614 407 636 omncs
432 604 491 634 ciri
512 603 690 643 fortissimi.
721 605 747 633 et
776 602 1012 633 ambulaverunt
1041 604 1102 633 tota
1125 605 1215 640 nocte,
1249 605 1276 633 et

304 646 439 677 tulerunt
469 647 603 677 cadaver
638 645 726 680 Saul,
753 648 779 676 et
809 646 963 676 cadavera
985 645 1127 683 filiorum
1149 645 1216 675 eius
1237 645 1275 676 de
1300 664 1302 681 =,

303 699 392 720 muro
417 688 572 719 Bahsan:
597 690 797 727 vmcrzmtqne
817 687 910 718 labes
931 687 1066 725 Galczasl,
1090 689 1118 718 et
1139 687 1275 718 combus-

303 734 409 763 serunt
441 743 475 761 ca
509 730 559 762 ihi.
608 731 656 761 13.
681 730 723 761 E!
753 730 889 761 tulerunt
912 740 984 761 ossa
1007 740 1120 766 eorum,
1143 732 1170 761 et
1192 740 1273 769 sepe·
1300 736 1301 745 ¹

303 773 417 804 liet-unt
461 775 492 804 ln
534 783 655 803 nemore
691 772 796 808 Iube-5,
848 775 874 803 et
907 773 1120 804 ieiunavemn*
1163 775 1275 812 septem

303 816 419 847 diebus.

393 900 486 939 Quae
506 910 613 930 rerum
634 901 779 931 omnium
801 899 1004 940 perturbatio
1017 899 1124 931 Saulis
1138 906 1272 930 mortem

306 950 337 975 et
361 944 525 974 exercitus
550 942 806 983 profligationem
833 948 972 982 sequuta
995 942 1040 974 sic
1061 942 1113 974 hic
1132 943 1273 982 primum

303 992 471 1017 narratur:
486 984 601 1015 deinde
614 985 867 1025 magnanimitas
880 991 912 1016 et
925 985 1080 1016 fortitudo
1094 985 1272 1016 incolarum

302 1029 397 1060 labes
421 1027 547 1059 Galaad
572 1027 776 1065 describitur,
809 1027 894 1067 quod
924 1038 997 1059 ossa
1021 1027 1131 1059 Saulis
1156 1033 1190 1059 et
1212 1027 1272 1058 fili-

302 1114 481 1145 retincntes
512 1112 617 1143 adhuc
649 1113 837 1143 memoriam
871 1113 1041 1153 dignitatis
1065 1112 1153 1144 illius
1176 1123 1272 1152 quam

303 1167 322 1188 a
349 1156 417 1187 Deo
443 1154 522 1187 Saul
550 1160 733 1194 acceperat:
764 1165 870 1195 neque
899 1155 939 1186 de
970 1166 1079 1186 rerum
1109 1160 1197 1187 statu
1228 1156 1273 1186 sic

304 1199 524 1238 desperantes,
557 1197 633 1237 quin
659 1197 697 1228 ad
724 1198 830 1229 Deum
855 1208 966 1238 preces
989 1208 1046 1238 pro
1070 1197 1174 1229 salute
1198 1197 1272 1229 reli-

303 1241 356 1282 qui
397 1240 506 1280 populi
549 1240 725 1271 fuderint.-
757 1240 878 1271 Gravis
919 1251 998 1272 sane
1031 1240 1095 1271 fuit
1128 1240 1274 1277 tentatio,

303 1283 422 1324 populo
454 1284 646 1323 praesertim
679 1283 824 1324 fugiente
850 1293 892 1313 ex
916 1289 1004 1314 terra
1026 1282 1083 1314 illa
1105 1293 1187 1322 quae
1211 1283 1271 1314 Dei

304 1326 395 1367 quies
419 1325 598 1357 dicebatur.
645 1325 725 1356 Eam
755 1325 842 1356 enim
868 1325 1046 1357 Abrahami
1079 1325 1216 1365 posteris
1239 1325 1273 1356 in

303 1367 539 1400 haereditatem
553 1377 717 1399 cessuram
729 1367 820 1399 Deus
844 1369 1047 1408 promiserat,
1072 1368 1156 1399 etin
1180 1378 1216 1398 ea
1240 1378 1274 1399 se

304 1411 338 1442 in
370 1416 540 1442 aeternum
572 1409 812 1441 habitaturum:
845 1417 1071 1442 verumtamen
1106 1421 1125 1441 a
1156 1410 1274 1450 populo

305 1453 459 1485 derelicta
486 1458 545 1489 est,
575 1459 606 1483 ct
636 1453 675 1483 ab
708 1453 855 1484 hostibus
883 1459 1046 1493 occupata.
1093 1452 1166 1492 Quo
1190 1453 1273 1484 facto

304 1495 369 1526 Dei
411 1495 680 1535 promissionibus
715 1496 871 1527 nuncium
905 1496 1069 1527 remisisse
1103 1495 1163 1526 visi
1197 1500 1274 1526 sunt

306 1538 486 1576 Israelitae‚
517 1542 548 1568 et
571 1543 723 1577 tanquam
749 1537 918 1578 desperata
942 1538 1045 1569 salute
1069 1538 1108 1569 ab
1131 1538 1200 1578 ipso
1225 1548 1274 1568 re·-

306 1580 451 1613 cessisse.
496 1579 584 1611 Hinc
608 1586 745 1620 apparet
767 1580 933 1612 ecelesiam
955 1581 1017 1612 Dei
1038 1590 1273 1620 nonnunquam

304 1623 350 1654 ita
363 1622 524 1662 dissipari,
545 1629 754 1662 utnusquam
767 1628 931 1663 appareat,
953 1628 984 1655 et
997 1623 1120 1654 nullam
1137 1622 1273 1654 formam

304 1665 453 1697 retineat.
499 1664 582 1696 Nam
614 1664 679 1696 illis
710 1665 908 1705 temporibus
938 1665 1029 1697 nulla
1056 1670 1126 1696 erat
1149 1666 1272 1705 uspiam

303 1709 338 1739 in
373 1707 496 1738 mundo
530 1707 664 1739 ecclesia
699 1713 828 1747 praeter
857 1708 1013 1748 populum
1044 1707 1274 1739 israeliticum:

306 1760 401 1792 quem
427 1755 535 1781 tamen
560 1749 605 1781 sic
629 1750 785 1781 afflictum
809 1750 969 1791 audimus,
993 1756 1028 1782 ut
1051 1761 1218 1791 nunquam
1242 1751 1274 1781 in

306 1798 473 1834 posterum
508 1793 685 1824 restaurari
720 1802 814 1832 posse
849 1793 1032 1831 videretur,
1071 1792 1127 1824 sed
1165 1798 1276 1824 eontra

306 1836 413 1876 potius
444 1845 562 1866 nomen
590 1835 803 1866 israeliticum
835 1836 934 1867 semel
959 1835 1162 1867 abolendum.
1210 1835 1275 1867 Sed

304 1879 339 1909 in
371 1888 407 1909 eo
438 1877 542 1908 maior
565 1882 701 1918 apparet
727 1877 840 1909 divina
871 1883 1013 1918 potestas
1037 1884 1070 1909 et
1093 1878 1275 1915 clementia,

306 1931 388 1961 quae
422 1920 468 1952 sic
502 1926 634 1960 operata
664 1926 723 1960 est,
759 1926 793 1951 ut
824 1921 943 1961 exiguo
974 1921 1131 1961 temporis
1161 1920 1275 1960 spatio,

310 1964 364 2003 qui
389 1963 518 2003 penitus
541 1963 694 2002 prostrati
725 1963 830 1994 iacere
854 1962 1060 2001 videbantur,
1094 1973 1158 1994 non
1183 1963 1277 1994 medo

311 2006 437 2037 animos
457 2005 648 2045 receperint,
669 2004 724 2036 sed
745 2005 842 2036 etiam
863 2006 1012 2037 inimicos
1031 2006 1224 2046 superarint,
1244 2010 1277 2036 et

308 2048 342 2078 in
373 2048 441 2079 dies
471 2048 611 2078 maiores
643 2058 739 2087 quam
774 2054 870 2079 antea
904 2058 1104 2089 progressus,
1140 2047 1277 2079 Davidis

309 2090 439 2130 quidem
474 2090 669 2125 ministerio,
709 2090 852 2121 fecerint.
909 2091 1131 2122 Nihilominus
1167 2096 1276 2121 tamen

307 2133 419 2164 fideles
442 2132 498 2163 illo
521 2143 596 2164 casu
621 2132 731 2164 Saulis
755 2138 788 2164 et
809 2133 971 2165 exercitus
994 2133 1219 2173 profligatione
1242 2143 1278 2164 ac

308 2174 420 2216 populi
445 2175 520 2216 fuga
544 2185 696 2215 magnam
716 2176 915 2207 occasionem
937 2175 1120 2207 habuerunt
1137 2181 1278 2207 conster-

310 2217 467 2249 nationis:
493 2228 613 2257 nosque
638 2218 699 2249 ista
722 2217 868 2258 legentes
891 2219 923 2250 in
948 2228 1044 2250 usum
1069 2224 1214 2250 nostrum
1239 2228 1278 2249 ea

308 2267 500 2292 convertere
535 2259 698 2299 debemus,
737 2266 771 2291 ut
805 2261 831 2292 si
866 2271 930 2301 qua
963 2261 1078 2301 ingens
1110 2261 1277 2292 ecclesiam

310 2302 456 2334 confusio
487 2308 518 2333 et
550 2303 642 2333 ruina
682 2310 804 2344 urgeat,
842 2303 947 2334 Deum
983 2309 1090 2334 tamen
1125 2303 1277 2334 invocare

310 2356 372 2377 non
388 2345 583 2382 desinamus,
608 2351 639 2376 et
661 2356 793 2384 sperare
813 2346 880 2377 fore
899 2351 934 2377 ut
954 2345 1083 2377 tandem
1103 2345 1277 2385 aliquando

310 2388 449 2419 afflictae
473 2397 549 2418 suae
573 2387 727 2419 ecclesiae
750 2388 953 2425 misereatur,
984 2393 1016 2419 et
1043 2399 1100 2420 nos
1123 2393 1277 2428 perpetuo

310 2429 455 2461 membra
471 2430 557 2461 illius
581 2429 690 2469 populi
714 2440 810 2470 quem
835 2431 965 2472 collegit
987 2436 1020 2462 et
1038 2431 1098 2462 sibi
1118 2430 1279 2462 dedicavit

309 2483 515 2503 maneamus:
549 2473 682 2502 minime
713 2472 898 2505 dubitantes
929 2473 1007 2514 quin
1031 2473 1223 2505 afflictiones
1246 2476 1278 2504 et

307 2515 511 2546 calamitates
542 2514 797 2546 benedictionem
827 2516 1004 2553 obtineant,
1043 2516 1128 2556 quod
1158 2526 1214 2547 eas
1244 2515 1278 2546 in

310 2558 430 2588 bonum
465 2558 560 2587 finem
596 2563 628 2587 et
663 2557 695 2587 in
732 2564 874 2589 nostram
910 2558 1049 2590 salutem
1080 2558 1172 2590 Deus
1204 2567 1279 2589 con-

311 2605 426 2630 vertat.
474 2600 581 2639 Atque
605 2600 650 2630 ita
673 2600 921 2641 quibuscunque
946 2601 1084 2642 flagellis
1105 2600 1197 2632 Deus
1220 2609 1279 2632 nos

308 2641 477 2681 corripiat,
513 2652 576 2672 nou
613 2642 741 2681 penitus
778 2643 923 2674 animum
960 2643 1179 2684 despondere,
1221 2641 1278 2674 sed

1327 305 1435 344 potius
1470 305 1502 335 in
1538 303 1600 335 fide
1634 303 1738 344 magis
1771 303 1966 341 confirmari,
2000 308 2033 334 et
2066 314 2129 343 quo
2163 305 2294 344 gravior

1328 357 1442 378 manus
1465 347 1534 378 eius
1558 348 1590 377 in
1614 356 1674 377 nos
1697 346 1804 383 fuerit,
1829 356 1865 377 eo
1889 345 2129 377 ardentioribus
2154 346 2235 377 votis
2254 345 2294 377 ad

1327 389 1431 429 ipsum
1455 395 1580 429 oportet
1599 388 1784 429 confugere.
1819 388 1989 419 Caeterum
2008 388 2141 420 minime
2160 388 2294 419 dubium

1327 437 1376 462 est
1399 432 1477 471 quin
1501 431 1594 462 multi
1619 431 1740 462 fuerint
1763 431 1795 461 iu
1817 430 1933 471 populo
1953 431 2008 461 illo
2027 430 2203 462 inereduli:
2229 430 2293 462 imo

1326 484 1402 514 pars
1421 475 1574 511 maxima,
1594 483 1630 505 ac
1650 473 1784 513 proinde
1804 474 1895 513 pauci
1915 473 2037 504 fuerint
2057 473 2113 513 qui
2131 473 2171 505 ad
2185 473 2292 504 Deum

1327 522 1543 556 assurgerent,
1567 521 1600 546 et
1620 516 1674 556 qui
1698 526 1763 547 non
1787 515 1997 555 desperarent
2019 516 2058 547 de
2083 516 2144 547 Dei
2167 516 2292 547 miseri-

1327 558 1435 590 cordia
1470 569 1544 598 erga
1578 558 1733 598 populum
1769 568 1879 589 suum:
1921 569 2058 597 quorum
2098 568 2177 590 sane
2213 558 2292 589 fides

1327 611 1503 640 paucorum
1534 601 1607 632 licet
1637 612 1674 631 eo
1705 601 1767 632 fuit
1797 600 1989 631 laudabilior
2015 611 2077 641 quo
2100 601 2160 632 fuit
2183 611 2290 632 rerum

1327 651 1431 675 status
1456 644 1689 684 perturbatior:
1720 654 1815 684 quem
1847 643 1944 674 fuisse
1975 644 2289 683 perturbatissimum

1327 694 1469 726 apparet,
1502 686 1620 726 populo
1640 696 1680 717 ex
1709 686 1776 718 suis
1804 685 1937 717 urbibus
1958 685 2111 726 fugiente,
2141 692 2173 717 et
2193 686 2290 717 honi·

1329 728 1386 759 bus
1399 736 1525 769 apertas
1539 729 1754 769 relinquente.
1778 728 1867 768 Quid
1886 729 1970 759 enim
1985 728 2072 759 aliud
2091 729 2151 759 fuit
2170 734 2289 759 terrum

1326 770 1415 801 illam
1456 771 1619 809 deserere,
1661 781 1758 811 quam
1800 771 1885 802 ultro
1928 771 2129 802 haereditate
2161 771 2290 802 cedere:

1327 813 1588 854 quandoquidem
1623 813 1697 844 data
1731 813 1794 844 illis
1829 820 1898 845 erat
1933 820 2019 845 terra
2049 814 2105 844 illa
2136 818 2290 853 tanquam

1327 858 1445 897 pignus
1479 856 1659 896 adoptionis
1684 855 1755 895 Dei,
1788 857 1842 896 qui
1876 856 1910 887 in
1944 856 2084 887 filiorum
2119 866 2291 887 numerum

1327 900 1414 939 ipsos
1439 897 1672 939 adoptaverat?
1701 898 1789 939 Ergo
1812 899 1962 930 cedentes
1987 899 2181 930 videbantur
2205 898 2291 929 ultro

1327 941 1444 972 divinis
1468 941 1734 981 promissionibus
1757 940 1944 976 valedicere,
1969 948 2001 971 et
2021 947 2137 981 sponte
2156 941 2291 972 alienari

1326 994 1344 1015 a
1368 984 1517 1021 Domino,
1542 990 1572 1015 et
1595 984 1696 1024 ipsius
1719 983 1812 1015 domo
1834 983 1994 1015 exsulare.
2030 983 2122 1023 Quae
2143 983 2292 1015 fidelibus

1298 1037 1301 1055 s
1326 1028 1435 1067 gravis
1467 1027 1606 1067 profecto
1638 1027 1698 1057 fuit
1720 1027 1856 1057 tentatio
1879 1027 2015 1057 fratrum
2039 1036 2171 1058 suorum
2195 1031 2291 1057 teme-

302 1081 395 1103 orum
421 1070 568 1101 hostibus
593 1071 780 1110 eripuerint,
812 1076 843 1101 et
875 1070 1042 1101 combusta
1071 1070 1272 1110 sepelierint:
1298 1090 1301 1096 -

1327 1070 1453 1100 ritatem
1487 1075 1517 1100 et
1553 1079 1704 1109 pavorem
1739 1069 2019 1109 conspicientibus.
2071 1068 2291 1100 Nihilominus

1326 1117 1432 1142 tamen
1448 1112 1537 1143 Deus
1556 1122 1615 1151 pro
1635 1122 1693 1142 sua
1712 1111 1932 1143 misericordia
1951 1112 2104 1143 misertus
2121 1116 2171 1142 est
2193 1111 2291 1142 etiam

1326 1155 1545 1195 indignorum,
1576 1154 1692 1194 quibus
1721 1164 1785 1185 non
1816 1154 1913 1195 longo
1945 1160 2016 1195 post
2047 1162 2192 1194 tempore
2215 1164 2291 1185 suas

1326 1198 1438 1228 domos
1472 1197 1622 1234 restituit,
1655 1201 1686 1227 et
1715 1196 1750 1227 in
1785 1197 1957 1236 pristinum
1991 1202 2113 1228 statum
2150 1196 2290 1228 redinte-

1327 1240 1444 1281 gravit.

1412 1282 1482 1313 Iam
1525 1281 1625 1322 igitur
1666 1291 1747 1322 quae
1782 1280 1890 1313 Saulis
1923 1287 2061 1313 mortem
2096 1286 2296 1322 consequuta

1327 1331 1505 1356 narrantur
1535 1323 1773 1364 expendamus:
1805 1334 1842 1355 ac
1873 1324 2016 1365 primum
2041 1324 2196 1356 dicuntur
2218 1323 2296 1356 Phi-

1326 1368 1429 1398 listaei
1456 1367 1612 1408 postridie
1643 1367 1765 1398 venisse
1794 1367 1836 1398 ad
1863 1366 2044 1406 spoliandos
2073 1369 2225 1399 mortuos.-
2259 1373 2294 1398 ut

1327 1410 1425 1441 moris
1449 1414 1498 1441 est
1520 1414 1591 1449 post
1615 1414 1740 1441 tantam
1768 1409 1902 1445 cladem,
1934 1411 1960 1440 et
1988 1409 2144 1441 invenisse
2166 1408 2294 1441 Saulem

1327 1462 1394 1483 cum
1424 1452 1503 1491 filiis
1535 1452 1615 1483 inter
1646 1454 1796 1490 mortuos,
1835 1452 1961 1491 eiusque
1993 1455 2084 1492 caput
2115 1451 2294 1491 abscidisse,

1326 1495 1408 1535 quod
1428 1505 1482 1534 per
1504 1497 1596 1526 totam
1616 1495 1770 1536 reyimtem
1798 1495 2011 1533 deportaretur
2032 1495 2067 1525 in
2090 1494 2292 1535 triumphum.

1327 1538 1398 1569 Etsi
1431 1547 1505 1568 vero
1533 1537 1572 1568 de
1605 1537 1765 1577 capitibus
1796 1537 1937 1568 filiorum
1962 1536 2071 1569 Saulis
2102 1536 2184 1568 nihil
2213 1537 2293 1569 certi

1328 1585 1535 1617 memoretur,
1568 1579 1743 1611 verisimile
1774 1584 1882 1611 tamen
1914 1584 1972 1617 est,
1997 1579 2081 1611 idem
2105 1579 2186 1621 ipsis
2209 1578 2294 1619 quod

1327 1623 1412 1663 patri
1442 1623 1624 1664 contigisse.
1670 1622 1754 1653 Nam
1784 1628 1954 1662 postquam
1986 1622 2108 1654 dictum
2137 1626 2188 1653 est
2215 1621 2292 1653 Phi-

1327 1665 1456 1697 ]istaeos
1480 1665 1590 1697 Saulis
1613 1675 1729 1705 corpus
1751 1664 1895 1696 affixisse
1918 1675 2018 1705 prope
2041 1675 2170 1696 murum
2190 1664 2292 1696 Beth-

1327 1719 1396 1747 san,
1419 1708 1529 1740 statim
1553 1708 1722 1740 subiicitur
1745 1707 1867 1739 incolas
1897 1707 1993 1739 Iabes
2017 1707 2142 1740 Galaad
2167 1707 2294 1739 venisse

1328 1756 1360 1782 et
1389 1751 1602 1791 assumpsisse
1631 1761 1748 1790 corpus
1780 1749 1898 1787 Saulis,
1931 1755 1964 1781 et
1994 1760 2129 1791 corpora
2151 1750 2293 1781 filiorum

1327 1794 1396 1824 eius
1426 1804 1443 1824 a
1472 1804 1564 1824 muro
1595 1793 1780 1824 Bethsanis.
1828 1793 1879 1824 Ex
1909 1792 2026 1833 quibus
2057 1797 2191 1833 apparet
2214 1792 2293 1824 Phi-

1328 1836 1455 1867 listaeos
1490 1846 1555 1866 non
1589 1835 1689 1867 fuisse
1720 1840 1890 1867 contentos
1919 1835 2030 1867 Saulis
2058 1846 2200 1876 corpore,
2237 1834 2294 1866 sed

1328 1879 1425 1910 etiam
1447 1879 1584 1910 filiorum
1609 1879 1710 1918 ipsius
1733 1887 1868 1919 corpora
1891 1877 1988 1909 simul
2012 1879 2234 1918 assumpsisse,
2260 1883 2295 1909 ut

1329 1921 1499 1952 Philistaei
1524 1921 1679 1952 maiorem
1699 1920 1775 1952 inde
1794 1931 1884 1960 spem
1903 1920 2120 1961 conciperent,
2144 1925 2177 1952 et
2199 1920 2295 1952 rebus

1329 1965 1409 1995 bene
1422 1964 1606 1995 consultum
1619 1963 1798 2000 crederent,
1823 1963 1951 1994 nemine
1965 1963 2004 1993 de
2016 1963 2106 2004 regia
2118 1964 2218 2003 stirpe
2227 1963 2295 1994 suis

1329 2007 1502 2046 superstite
1525 2007 1580 2046 qui
1604 2006 1782 2037 vindictam
1812 2005 1890 2037 olim
1914 2011 2065 2043 sumeret,
2101 2016 2165 2037 non
2201 2004 2294 2036 modo

1330 2059 1405 2088 rege
1428 2059 1529 2086 caeso,
1560 2048 1614 2080 sed
1645 2048 1747 2088 ipsius
1769 2048 1867 2079 etiam
1892 2047 1965 2079 filiis
1989 2052 2022 2079 et
2044 2048 2294 2080 successoribus.

1329 2091 1436 2122 Triste
1469 2102 1547 2122 sane
1578 2092 1638 2122 fuit
1671 2091 1905 2131 spectaculum,
1945 2091 2072 2131 regium
2106 2100 2224 2130 corpus
2257 2100 2295 2121 eo

1330 2133 1484 2165 dedecore
1513 2133 1664 2174 pendere,
1694 2134 1836 2165 maximo
1866 2132 2008 2164 hostium
2034 2132 2172 2164 ludibrio
2195 2142 2295 2172 expo·

1330 2176 1443 2207 situm:
1479 2181 1510 2207 et
1536 2176 1666 2216 quidem
1694 2187 1731 2207 eo
1763 2175 1903 2207 maxime
1933 2174 2018 2215 quod
2042 2174 2206 2206 Samuelis
2236 2175 2295 2206 mi-

1331 2219 1462 2249 nisterio
1496 2229 1620 2250 sacram
1657 2219 1842 2251 unctionem
1884 2223 2069 2257 acceperat:
2109 2223 2296 2258 separatum

1330 2261 1487 2301 siquidem
1511 2267 1581 2292 erat
1604 2271 1741 2302 regnum
1766 2260 1847 2292 illud
1870 2259 1909 2291 ab
1932 2259 2084 2291 omnibus
2110 2260 2181 2291 aliis
2211 2259 2296 2291 Deo-

1330 2314 1392 2343 que
1425 2303 1575 2335 dicatum.
1622 2304 1694 2335 Etsi
1727 2303 1830 2335 fateor
1863 2301 2006 2333 nondum
2038 2302 2138 2334 fuisse
2165 2302 2297 2333 firmum

1330 2346 1468 2385 aliquem
1499 2353 1531 2377 et
1561 2352 1685 2378 certum
1719 2351 1855 2383 statum,
1890 2344 1992 2377 donec
2019 2344 2155 2385 impleta
2184 2345 2297 2376 fuisset

1330 2387 1438 2419 Iacobi
1482 2389 1663 2428 prophetia,
1704 2389 1758 2429 qui
1792 2386 2000 2428 praedixerat
2033 2398 2095 2418 non
2130 2387 2296 2418 exiturum

1331 2438 1495 2470 sceptrum
1519 2431 1557 2462 de
1581 2431 1666 2463 tribu
1681 2431 1766 2462 Iuda.
1801 2431 1883 2462 Erat
1906 2434 2014 2461 autem
2040 2429 2120 2461 Saul
2143 2428 2184 2460 de
2206 2428 2294 2460 tribu

1331 2473 1520 2504 Beniamin:
1559 2473 1614 2505 sed
1647 2473 1858 2504 nihilominus
1887 2472 1978 2503 Deus
2007 2472 2047 2503 ad
2079 2477 2206 2512 tempus
2234 2471 2296 2502 sibi

1333 2515 1440 2546 Saulis
1464 2526 1633 2555 personam
1658 2519 1870 2547 consecrarat.
1905 2514 2011 2546 Valde
2034 2524 2113 2546 vero
2136 2514 2199 2545 ista
2221 2517 2298 2545 sunt

1331 2559 1501 2595 contraria,
1527 2566 1634 2590 notam
1659 2558 1747 2589 illam
1771 2557 1891 2589 habere
1913 2557 2105 2597 impressam
2124 2566 2189 2597 qua
2206 2555 2297 2587 Deus

1331 2601 1437 2640 ipsum
1463 2600 1582 2631 honore
1605 2601 1723 2632 eximio
1746 2600 1909 2638 affecerat,
1933 2604 1966 2631 et
1987 2598 2202 2630 nihilominus
2224 2608 2297 2629 eum

1332 2643 1510 2683 ignominia
1533 2653 1648 2684 corpus
1670 2644 1772 2683 ipsius
1795 2643 1926 2683 raptari,
1958 2641 2111 2682 suspendi
2137 2646 2306 2683 caputque

2236 209 2297 240 724

2519 2079 2551 2955 affl
2524 1881 2546 2065 how-m
2528 1790 2545 1846 η,
2531 1751 2541 1772 Α.
