2551 3044
134 196 195 227 437
781 191 826 222 IN
853 191 877 223 Ι.
902 191 990 223 LIB.
1013 190 1211 222 SAMUEL.
1236 191 1333 222 CAP.
1358 191 1473 223 XXII.
2050 190 2111 222 438

130 289 185 320 illo
205 288 385 320 vestimenti
405 297 522 328 genere
545 284 726 317 declarabat
750 295 768 315 a
791 294 824 315 se
847 284 965 315 electos
988 294 1091 315 sacer-

132 331 237 370 dotes,
274 337 303 361 et
334 330 394 361 hoc
425 339 514 360 sacro
546 329 736 359 vestimento
766 327 826 357 sibi
856 326 1091 366 quodammodo

133 379 350 405 consecratos:
374 373 426 412 qui
446 382 503 411 per
522 381 555 401 se
572 370 644 401 licet
662 369 787 409 indigni
807 374 915 400 essent
933 368 973 398 ad
992 370 1087 399 inter-

134 415 308 448 cedendum
335 425 390 454 pro
413 413 529 453 populo
553 412 634 451 apud
652 412 769 449 Deum,
793 416 924 451 propter
948 411 1091 442 nativam

133 458 378 498 corruptionem,
412 457 498 486 Deus
529 461 636 485 tamen
666 454 738 484 illos
761 455 882 484 iustitia
905 458 937 484 et
959 454 1091 493 integri-

134 508 198 533 tate
222 499 385 534 vestiebat,
416 505 450 529 ut
473 497 701 537 perfectionem
727 496 888 536 quandam
913 496 1092 536 angelicam

133 547 420 583 repraesentarent.
454 539 672 578 Quamobrem
696 539 722 570 si
747 538 823 570 Saul
848 543 972 579 guttam
998 549 1092 569 verae

132 585 261 627 pietatis
294 589 325 614 et
358 582 521 622 religionis
556 582 740 619 habuisset,
775 581 886 622 procul
922 581 1019 612 dubio
1053 581 1092 611 ad

132 628 233 660 solum
264 630 469 666 conspectum
500 624 702 656 sacerdotum
726 624 778 655 vel
802 624 906 664 ephod
930 629 1017 654 totus
1040 634 1092 654 co-

132 669 318 708 horruisset⁷
349 667 607 707 quandoquidem
638 666 699 698 Dei
730 667 854 698 nomini
885 666 967 697 sacri
990 671 1093 702 erant,

131 717 163 744 et
185 711 330 742 dedicati.
371 710 456 741 Hinc
479 710 578 750 igitur
601 714 735 750 apparet
758 708 890 741 Saulem
911 719 976 740 non
999 709 1093 739 modo

131 753 265 786 saevitia
287 760 319 784 et
341 752 530 784 crudelitate
553 753 727 783 immanem
751 752 858 790 fuisse,
881 752 984 782 instar
1007 752 1093 782 ferae

130 796 296 828 cuiusdam
328 794 535 826 furibundae:
569 795 623 826 sed
650 805 778 825 omnem
804 794 1038 825 humanitatem
1062 798 1095 825 et

131 839 195 870 Dei
224 839 372 870 timorem
399 838 544 876 exuisse,
573 842 604 868 et
632 848 650 868 a
680 836 804 868 diabolo
828 847 958 877 prorsus
982 847 1094 868 excae-

131 887 249 917 catum.
273 886 305 911 et
317 880 481 920 stupidum
495 879 664 916 redditum,
689 885 724 910 ut
736 880 798 910 Dei
818 890 948 910 sensum
969 880 1094 910 nullum

131 924 288 956 habuerit.
332 922 422 954 Haec
450 932 528 953 vero
558 928 635 953 sunt
665 923 698 952 in
729 933 822 953 usum
852 928 998 954 nostrum
1029 927 1094 953 tra-

131 966 247 1003 henda,
277 973 308 996 et
339 976 401 996 non
431 970 559 996 tantum
588 972 740 1004 tanquam
773 965 907 996 historia
935 964 1093 1004 quaedam

131 1009 276 1049 legenda,
306 1007 361 1039 sed
390 1007 464 1038 inde
488 1007 676 1039 discendum
699 1006 733 1038 in
756 1007 820 1038 Dei
843 1008 958 1038 timore
981 1007 1093 1038 ambu-

131 1052 196 1083 lare
221 1061 293 1082 cum
324 1050 507 1081 reverentia
530 1055 562 1081 et
585 1050 816 1081 sollicitudine:
847 1061 888 1080 ne
910 1060 1053 1090 unquam
1075 1060 1094 1080 a

131 1094 271 1125 Domino
295 1092 489 1124 recedamus.
535 1092 619 1124 Nam
643 1094 669 1124 si
692 1098 783 1133 terga
806 1092 877 1124 Deo
900 1092 1092 1131 dederimus,

131 1148 150 1169 a
183 1136 272 1168 nobis
305 1136 401 1167 etiam
433 1136 542 1175 ipsum
575 1146 780 1167 recessurum
814 1140 937 1166 certum
968 1140 1030 1173 est;
1062 1141 1093 1166 et

131 1178 346 1211 crescentibus
376 1179 495 1209 nostris
526 1178 666 1214 delictis,
703 1179 802 1209 etiam
832 1189 890 1209 nos
921 1177 959 1208 ab
991 1178 1093 1218 ipsius

128 1222 244 1262 spiritu
273 1219 514 1260 relinquendos,
545 1228 578 1252 et
608 1221 757 1252 omnibus
788 1221 881 1252 donis
912 1225 945 1251 et
978 1222 1093 1261 gratiis

127 1265 226 1305 ipsius
249 1263 421 1300 exuendos,
451 1263 552 1295 donec
574 1264 607 1294 in
631 1269 777 1295 monstra
799 1263 962 1294 horrenda
985 1268 1092 1295 trans-

126 1307 311 1342 formemur,
342 1310 375 1336 et
397 1316 526 1337 omnem
557 1306 595 1338 de
620 1306 690 1337 Deo
720 1306 939 1346 cognitionem
963 1307 1093 1338 abiicia-

126 1360 206 1381 mus.
261 1347 347 1380 Sane
381 1347 462 1379 Saul
501 1359 567 1380 non
607 1349 777 1389 ignorabat
815 1349 998 1381 sacerdotes
1031 1349 1092 1380 Dei

128 1391 266 1425 viventis
307 1390 460 1422 mandato
500 1392 683 1423 institutos:
717 1392 796 1432 quin
830 1392 928 1422 etiam
961 1396 1093 1432 rogatus

127 1434 272 1472 dixisset,
301 1444 335 1464 se
366 1433 448 1465 velle
471 1435 666 1466 sacrosancti
689 1434 813 1466 ordinis
836 1434 1037 1466 defensorem
1061 1439 1093 1466 et

126 1482 339 1518 protectorem
362 1486 446 1507 esse:
470 1482 701 1509 verumtamen
724 1483 855 1517 repente
878 1478 940 1508 ista
963 1488 1003 1508 ex
1027 1488 1093 1509 me-

127 1520 230 1551 moria
255 1519 358 1559 ipsius
392 1519 538 1552 effluunt.
593 1520 660 1551 Nos
684 1530 760 1551 vero
783 1525 897 1551 contra
920 1519 1092 1560 discamus,

128 1562 236 1593 Deum
273 1571 328 1592 eos
362 1561 446 1593 velle
483 1563 544 1594 coli
587 1568 620 1594 et
648 1562 802 1593 honorari
830 1572 909 1602 quos
939 1563 1092 1594 ecclesiae

127 1615 205 1636 suae
228 1605 389 1644 praefecit,
419 1610 452 1636 et
474 1605 640 1637 ministros
663 1605 837 1636 ordinavit.
883 1605 968 1636 Nam
991 1606 1052 1637 etsi
1074 1616 1093 1636 a

127 1657 162 1679 se
184 1647 266 1678 nihil
290 1647 409 1678 habent
432 1647 579 1680 homines
603 1647 777 1679 admodum
802 1648 923 1679 honore
947 1647 1091 1689 dignum,

127 1695 234 1722 tamen
263 1700 362 1730 quum
391 1700 410 1720 a
433 1690 503 1722 Deo
533 1691 710 1732 eliguntur,
741 1696 773 1721 et
798 1691 830 1721 in
856 1691 964 1730 aliqua
986 1691 1093 1731 digni-

127 1737 192 1764 tate
214 1732 473 1770 constituuntur,
510 1734 570 1765 Dei
600 1734 726 1765 decreto
757 1737 805 1764 est
836 1733 1092 1773 obsequendum:

127 1780 160 1807 et
171 1775 365 1815 principium
388 1775 473 1807 istud
487 1776 702 1814 retinendum,
726 1786 856 1806 omnem
869 1777 1094 1816 praeeminen-

127 1819 205 1849 tiam
228 1818 288 1848 niti
309 1817 373 1848 Dei
396 1818 561 1850 voluntate
583 1824 616 1850 et
638 1818 781 1850 decreto:
814 1828 850 1850 ac
873 1819 1008 1858 proinde
1037 1819 1093 1850 ad-

125 1870 239 1892 versus
262 1860 325 1891 Dei
348 1861 502 1892 virtutem
525 1862 648 1898 efferri,
680 1861 735 1901 qui
757 1872 823 1892 non
845 1861 1037 1902 simpliciter
1060 1872 1094 1893 se

126 1903 298 1936 subiiciunt
319 1903 358 1934 iis
381 1914 460 1943 quos
473 1904 564 1936 Deus
586 1905 619 1935 in
643 1904 835 1944 dignitatem
858 1904 977 1936 evexit.
1005 1905 1094 1936 Talis

126 1951 235 1978 autem
257 1945 319 1976 fuit
341 1950 412 1977 tum
435 1947 641 1978 sacerdotalis
665 1946 817 1987 dignitas.

211 1989 312 2019 Porro
341 1989 424 2028 quod
455 1989 546 2022 Deus
576 1989 723 2030 permisit
750 1989 883 2021 Saulem
914 1993 962 2021 tot
991 2001 1094 2022 sacer-

127 2031 217 2063 dotes
246 2031 441 2069 interficere,
474 2043 537 2064 non
568 2032 720 2064 debemus
748 2033 905 2064 curiosius
932 2033 1094 2073 inquirere

127 2084 226 2115 quare
243 2073 289 2104 ita
306 2074 426 2105 factum
445 2075 498 2113 sit,
521 2074 782 2116 quandoquidem
801 2085 861 2106 sua
879 2076 949 2106 Deo
968 2081 1094 2107 constat

126 2117 315 2148 iudiciorum
351 2117 451 2155 ratio,
482 2128 578 2158 quam
617 2118 764 2149 homines
794 2122 903 2149 mente
934 2129 992 2150 sua
1028 2129 1093 2150 non

127 2163 261 2199 possunt
279 2160 413 2199 assequi,
437 2165 469 2191 et
487 2171 585 2201 supra
604 2160 753 2198 diximus,
776 2160 970 2192 iustissimas
984 2161 1092 2192 Deum

128 2211 240 2233 causas
261 2201 411 2233 habuisse
442 2203 571 2234 domum
595 2203 648 2234 Eli
679 2203 855 2234 sacerdotis
886 2204 1033 2235 abolendi
1062 2209 1094 2235 et

129 2244 338 2282 exstirpandi.
382 2244 446 2276 Sed
470 2251 578 2277 tamen
602 2251 738 2286 quaerat
760 2246 889 2285 aliquis,
920 2257 977 2278 cur
1005 2248 1094 2278 Deus

129 2287 162 2317 in
181 2287 257 2317 istos
275 2287 462 2319 innocentes
481 2289 656 2320 vindictam
677 2299 770 2320 suam
789 2290 977 2320 exercuerit.
1008 2290 1093 2320 Nam

129 2328 241 2368 Ophni
263 2328 391 2368 quidem
415 2338 446 2361 et
464 2331 605 2363 Phinees
628 2331 680 2362 Eli
704 2332 771 2366 filii.
796 2337 828 2363 et
851 2332 1093 2372 flagitiosissimi

129 2371 284 2407 homines,
308 2371 396 2411 digni
420 2373 477 2404 tali
498 2375 615 2406 iudicio
638 2380 670 2405 et
692 2374 836 2405 vindicta
856 2374 967 2406 divina
990 2381 1093 2414 erant,

130 2424 211 2454 quae
231 2413 359 2444 tandem
378 2416 473 2446 etiam
493 2417 527 2447 in
545 2418 689 2457 ipsorum
704 2418 809 2457 capita
827 2418 957 2448 cecidit:
978 2429 1092 2449 verum

130 2456 208 2487 istos
227 2457 279 2496 qui
293 2461 368 2487 tunc
380 2458 521 2489 nondum
540 2465 632 2491 erant
651 2460 729 2498 nati,
749 2466 780 2490 et
798 2461 986 2492 innocentes
1008 2460 1092 2491 vide·
1117 2469 1119 2491 l

129 2499 257 2536 bantur,
281 2503 346 2528 tam
370 2500 485 2532 misere
507 2502 545 2532 ad
570 2502 731 2533 lanienam
756 2503 851 2541 trahi,
875 2502 936 2534 Dei
960 2503 1091 2534 iudicio-
1117 2510 1118 2516 ¹

130 2552 201 2571 rum
226 2542 376 2581 aequitati
401 2545 597 2575 contrarium
622 2545 723 2576 videri
747 2550 861 2585 posset,
886 2546 913 2576 si
932 2557 971 2577 ex
991 2546 1093 2577 homi-

129 2594 204 2614 num
229 2594 325 2614 sensu
351 2583 469 2615 factum
501 2587 711 2627 expendatur.
756 2588 792 2619 Si
824 2588 962 2619 velimus
991 2589 1092 2628 igitur

130 2636 168 2657 cx
184 2627 343 2657 humanae
355 2627 486 2659 rationis
509 2639 605 2660 sensu
627 2631 801 2670 inquirere,
825 2642 882 2662 cur
894 2631 985 2662 Deus
999 2631 1090 2663 Sauli

1144 284 1327 324 permiserit
1363 289 1427 315 tam
1470 285 1643 316 crudeliter
1681 284 1805 315 saevire
1844 284 1875 315 in
1912 284 2113 322 innocentes,

1144 332 1266 357 certum
1298 331 1345 357 est
1368 338 1426 358 nos
1456 328 1488 358 in
1512 328 1731 368 labyrinthum
1757 338 1795 357 ex
1827 338 1888 366 quo
1920 338 1982 358 non
2015 327 2110 359 detur

1145 370 1251 400 exitus
1273 380 1413 401 casuros.
1461 373 1505 401 At
1536 382 1614 401 sane
1644 370 1737 401 multi
1765 369 1858 400 hodie
1889 370 2020 400 fanatici
2053 371 2110 401 ho-

1145 412 1249 442 mines
1272 412 1426 443 adversus
1452 413 1631 444 istiusmodi
1662 413 1779 443 iudicia
1803 412 2025 452 blasphemare
2049 413 2110 444 sibi

1146 455 1344 493 permittunt,
1371 466 1467 494 quum
1493 455 1594 486 multa
1616 455 1797 487 istiusmodi
1821 455 1938 486 iudicia
1962 455 2111 487 sensibus

1147 497 1296 527 humanis
1320 499 1533 537 repugnantia
1556 498 1767 537 conspiciunt.
1813 497 1878 528 Nos
1902 508 1977 528 vcro
2005 498 2111 538 potius

1146 539 1256 570 divina
1278 540 1339 570 ista
1359 540 1475 571 iudicia
1506 541 1666 572 discamus
1689 540 1821 571 adorare
1846 540 1918 571 licet
1947 540 2112 581 incognita

1146 582 1187 612 sit
1210 582 1302 613 nobis
1327 592 1436 612 eorum
1462 584 1551 614 ratio.
1599 583 1666 614 Sua
1689 583 1774 613 enim
1805 583 1853 613 illi
1876 587 2002 614 constat
2027 583 2111 614 iudi-

1146 625 1267 656 ciorum
1292 625 1390 662 ratio,
1421 626 1494 655 lieet
1525 637 1582 656 nos
1606 626 1693 656 illam
1725 625 1852 665 assequi
1875 626 2024 657 sensibus
2055 636 2109 657 ne-

1146 677 1309 707 queamus.
1355 667 1398 697 At
1428 668 1453 698 si
1480 668 1583 699 Deum
1607 669 1646 699 ad
1678 668 1780 699 nostri
1809 673 1921 707 captus
1944 668 2110 700 modulum

1146 710 1301 740 vellemus
1316 710 1434 748 metiri,
1457 716 1578 749 quanta
1598 721 1714 750 quaeso
1730 710 1949 750 praesumptio
1966 716 1996 741 et
2021 722 2110 742 arro-

1146 753 1257 794 gantia
1281 757 1339 783 est.
1387 754 1435 782 An
1460 758 1561 783 terrae
1586 753 1757 784 lumbricos
1781 763 1817 784 eo
1846 753 1997 784 devenire
2021 763 2110 784 arro-

1146 796 1292 836 gantiae,
1322 799 1356 825 ut
1386 795 1412 825 si
1440 795 1502 825 Dei
1533 796 1723 826 iudiciorum
1755 796 1913 827 rationem
1944 806 2007 827 non
2039 806 2110 836 per-

1146 838 1296 877 spiciant,
1331 837 1402 868 ideo
1426 838 1531 868 Deum
1560 838 1736 868 iniustitiae
1766 838 1907 869 audeant
1937 838 2109 870 accusare?

1147 881 1246 919 Quasi
1278 890 1354 910 vero
1379 880 1466 911 Deus
1497 891 1561 910 non
1591 882 1745 911 maiorem
1776 880 1892 912 habeat
1923 881 2110 913 hominibus

1146 923 1353 963 sapientiam,
1391 927 1423 953 et
1453 923 1554 962 ipsius
1584 923 1915 963 incomprehensibilis
1952 924 2111 964 sapientia

1147 976 1212 997 non
1236 966 1331 1005 longe
1354 970 1484 1005 superet
1506 970 1632 996 nostras
1655 967 1880 1005 conceptiones
1903 969 1935 996 et
1957 967 2113 1007 imagina-

1146 1010 1258 1039 tiones.
1303 1007 1472 1038 Diabolica
1501 1013 1550 1039 est
1578 1009 1678 1049 igitur
1707 1008 1892 1046 obstinatio,
1923 1019 2021 1048 quum
2055 1009 2111 1040 ho·

1146 1052 1249 1083 mines
1280 1050 1387 1081 Deum
1425 1051 1490 1082 suis
1520 1051 1805 1091 imaginationibus
1840 1050 1951 1082 subiici
1986 1052 2110 1084 volunt.

1145 1094 1212 1125 Nos
1232 1104 1308 1124 vero
1331 1097 1443 1123 contra
1465 1093 1569 1124 sobrie
1593 1102 1624 1124 et
1652 1093 1793 1125 modeste
1817 1094 1855 1125 de
1878 1094 1940 1125 Dei
1963 1095 2112 1134 operibus

1145 1136 1288 1167 iudicare
1312 1135 1487 1173 discamus,
1514 1136 1683 1176 Deumque
1706 1136 1737 1166 in
1761 1136 1911 1168 omnibus
1933 1137 2000 1168 suis
2021 1137 2113 1169 factis

1145 1180 1267 1210 iustum
1298 1189 1366 1210 esse
1397 1179 1572 1218 fateamur,
1607 1179 1680 1210 licet
1709 1189 1820 1209 eorum
1852 1180 1935 1210 ratio
1965 1180 2113 1211 sensibus

1146 1222 1266 1253 nostris
1290 1231 1355 1252 non
1379 1229 1540 1260 appareat.
1585 1221 1709 1253 Idcirco
1729 1221 1838 1252 David
1861 1222 2023 1262 plerisque
2046 1222 2114 1254 suis

1146 1264 1287 1296 Psalmis
1311 1264 1370 1294 ait:
1399 1264 1537 1295 Domine
1561 1274 1620 1304 ego
1651 1268 1682 1294 te
1705 1264 1738 1294 in
1762 1264 1852 1295 factis
1882 1265 1944 1296 tuis
1968 1264 2113 1297 laubado.

1148 1307 1273 1346 Quibus
1296 1306 1404 1338 verbis
1432 1307 1493 1337 sibi
1516 1306 1618 1338 veluti
1648 1306 1794 1338 fraenum
1826 1307 1943 1347 iniicit,
1974 1318 2015 1338 ne
2045 1308 2114 1340 suis

1148 1349 1398 1390 cogitationibus
1416 1349 1507 1380 laxas
1531 1348 1673 1380 habenas
1696 1349 1870 1389 permittat,
1894 1350 1948 1381 sed
1969 1350 2114 1391 captivos

1147 1403 1222 1424 suos
1246 1402 1359 1423 sensus
1380 1392 1528 1429 retineat,
1552 1403 1592 1423 ne
1615 1392 1770 1423 adversus
1784 1392 1888 1423 Deum
1912 1392 2113 1433 obloquatur,

1147 1440 1178 1467 et
1190 1435 1422 1466 obmurmuret.
1469 1434 1533 1466 Sed
1553 1434 1810 1474 quandoquidem
1826 1445 1906 1474 opus
1925 1445 1993 1466 esse
2013 1436 2113 1475 novit,

1146 1479 1181 1509 in
1211 1478 1266 1508 illo
1297 1477 1405 1508 Deum
1444 1477 1599 1517 glorificet
1629 1478 1697 1508 sine
1728 1478 1859 1508 anxiore
1894 1478 2112 1518 inquisitione.

1147 1521 1191 1552 Et
1221 1520 1291 1551 aliis
1312 1519 1391 1551 locis
1422 1519 1460 1550 de
1484 1520 1550 1551 suis
1581 1520 1810 1551 afflictionibus
1837 1520 1988 1560 loquens,
2018 1525 2049 1552 et
2079 1531 2113 1553 se

1147 1564 1239 1595 velut
1262 1573 1280 1594 a
1293 1563 1362 1593 Deo
1381 1562 1480 1594 fuisse
1494 1562 1682 1594 derelictum
1702 1562 1741 1593 ad
1756 1567 1883 1602 tempus
1901 1573 2112 1603 conquerens,

1147 1607 1193 1638 ait
1215 1617 1249 1637 se
1278 1606 1324 1636 ori
1348 1616 1405 1636 suo
1432 1615 1562 1636 manum
1587 1615 1762 1645 opponere,
1792 1610 1824 1636 et
1846 1605 2011 1637 silentium
2040 1617 2113 1646 pre-

1147 1659 1244 1686 mere,
1269 1648 1421 1687 Quoniam
1439 1650 1479 1684 tu,
1499 1649 1613 1688 inquit,
1633 1647 1766 1678 Domine
1781 1647 1892 1687 fecisti.
1926 1647 2000 1687 Quo
2014 1649 2112 1680 verbo

1146 1692 1209 1723 Dei
1222 1691 1380 1722 iustitiam
1394 1691 1549 1731 agnoscit,
1568 1695 1600 1721 et
1618 1701 1677 1721 nos
1690 1690 1782 1722 docet
1797 1691 1955 1722 rationem
1969 1698 2112 1723 nostram

1147 1744 1358 1774 compescere,
1381 1744 1481 1774 quum
1501 1733 1561 1764 Dei
1585 1732 1702 1764 iudicia
1725 1743 1790 1763 non
1810 1743 1981 1772 possumus
2003 1735 2112 1765 inves-

1146 1778 1264 1818 tigare,
1302 1786 1343 1807 ne
1366 1776 1399 1806 in
1423 1776 1628 1816 blasphemas
1652 1785 1744 1807 voces
1766 1786 1983 1816 erumpamus.
2028 1776 2112 1808 Nam

1146 1821 1253 1851 Deum
1277 1823 1402 1851 certum
1426 1823 1483 1857 est,
1510 1819 1542 1849 in
1567 1819 1633 1849 suis
1656 1818 1797 1854 iudiciis,
1827 1818 1901 1850 licet
1924 1818 2035 1850 invitis
2058 1819 2113 1851 ho-

1147 1862 1305 1899 minibus,
1337 1872 1406 1892 esse
1429 1861 1688 1892 iustificandum:
1719 1865 1751 1891 et
1775 1862 1800 1892 si
1827 1871 1863 1892 eo
1886 1860 2112 1894 devenerimus

1147 1905 1309 1941 audaciae,
1322 1910 1357 1935 ut
1365 1904 1556 1935 eiusiudicia
1568 1904 1780 1935 condemnare
1790 1904 1973 1942 audeamus,
1985 1915 2112 1936 summa

1146 1954 1256 1980 nostra
1279 1947 1464 1978 confusione
1486 1947 1603 1978 factum
1628 1946 1675 1977 iri.
1720 1946 1829 1977 David
1852 1946 1961 1986 itaque
1979 1947 2111 1979 Psalmo

1146 1991 1202 2022 illo
1224 1989 1431 2022 considerans
1451 1994 1551 2020 totum
1575 1988 1659 2020 istud
1675 1989 1742 2019 Deo
1765 1989 1965 2029 gubernante
1979 1989 2110 2028 factum,

1147 2033 1224 2064 dicit
1242 2043 1276 2064 se
1299 2043 1415 2063 nomen
1428 2033 1528 2071 ipsius
1541 2032 1786 2069 celebraturum,
1810 2031 1893 2071 quod
1912 2032 2111 2072 impossibile

1147 2077 1189 2108 sit
1207 2075 1379 2115 quidquam
1400 2085 1418 2105 a
1431 2075 1500 2105 Deo
1519 2084 1718 2114 promanare,
1739 2074 1821 2113 quod
1842 2084 1906 2105 non
1925 2075 1966 2105 sit
1979 2075 2111 2115 plenum

1147 2119 1318 2159 sapientia,
1342 2118 1481 2155 iustitia,
1512 2117 1703 2149 rectitudine
1727 2122 1757 2147 et
1788 2117 1875 2147 omni
1905 2118 2110 2157 perfectione.

1147 2162 1234 2193 Sane
1265 2161 1303 2192 ad
1327 2161 1389 2191 ista
1419 2171 1532 2191 sensus
1555 2164 1683 2190 nostros
1715 2160 1872 2190 caecutire
1902 2164 2025 2191 certum
2052 2166 2110 2199 est,

1146 2204 1231 2245 quod
1263 2204 1355 2234 nobis
1384 2204 1519 2233 nimium
1548 2203 1790 2242 indulgeamus,
1827 2202 1960 2242 ideoque
1990 2203 2111 2234 bonum

1146 2258 1164 2278 a
1187 2247 1271 2277 malo
1291 2246 1472 2277 discernere
1495 2256 1556 2276 non
1589 2245 1788 2278 noverimus.
1820 2254 1856 2275 ac
1884 2245 2017 2284 proinde
2045 2256 2111 2277 non

1146 2291 1304 2330 possimus
1317 2289 1423 2319 Deum
1443 2293 1478 2319 ut
1491 2288 1581 2318 decet
1600 2288 1787 2327 glorificare.
1822 2286 1887 2318 Sed
1907 2287 1985 2318 fides
2001 2294 2111 2320 nostra

1146 2338 1215 2363 tum
1227 2332 1439 2371 conspicietur
1451 2336 1483 2362 et
1496 2331 1689 2370 probabitur.
1703 2340 1800 2369 quum
1814 2329 1852 2359 ad
1867 2330 1973 2360 omnia
1986 2331 2111 2362 obiecta

1145 2376 1261 2415 quibus
1284 2374 1464 2414 perturbari
1477 2384 1649 2412 possemus,
1674 2373 1800 2403 silentio
1813 2372 1876 2402 Dei
1889 2372 2004 2404 iudicia
2018 2384 2110 2404 vene-

1145 2418 1332 2449 rabimuret
1346 2416 1564 2447 adorabimus:
1590 2425 1725 2454 cumque
1750 2419 1893 2445 nostrum
1919 2426 1986 2446 esse
2001 2416 2110 2447 Domi-

1146 2471 1237 2498 num,
1269 2470 1304 2490 ac
1327 2459 1462 2499 proinde
1489 2458 1643 2498 quidquid
1668 2458 1705 2487 ab
1736 2458 1791 2488 illo
1815 2458 2041 2496 proficiscitur,
2073 2463 2109 2489 ut

1144 2504 1263 2534 iustum
1283 2509 1314 2532 et
1334 2502 1450 2532 bonum
1475 2500 1691 2540 recipiendum
1713 2510 1782 2531 esse
1801 2500 1982 2531 fatebimur.
2030 2501 2108 2532 Cae-

1144 2551 1257 2582 terum,
1277 2545 1351 2575 licet
1364 2554 1418 2575 sua
1431 2543 1549 2574 iudicia
1563 2544 1650 2573 Deus
1670 2543 1805 2575 differat.
1828 2553 1891 2573 non
1912 2549 2017 2574 tamen
2038 2542 2108 2574 ideo

1146 2589 1270 2619 tradere
1289 2588 1344 2617 illa
1363 2587 1513 2617 oblivioni
1532 2587 1636 2625 ipsum
1658 2586 1805 2616 sciamus.
1851 2586 1943 2621 Nam,
1968 2586 2109 2626 exempli

1144 2631 1256 2671 gratia,
1280 2630 1483 2669 praedixerat
1508 2630 1574 2659 fore
1598 2636 1633 2659 ut
1658 2629 1708 2658 Eli
1739 2629 1908 2668 posteritas
1932 2628 2108 2659 sacerdotio

1854 2678 1902 2703 28*

2543 255 2551 286 r-
