2551 3044
254 210 314 241 7⁴25

253 305 354 344 ipsius
385 304 565 343 praecisum
590 304 620 334 in
647 303 846 342 triumphum
873 313 930 343 per
953 308 1052 334 totam
1078 304 1217 335 hostium

889 211 936 241 IN
961 211 984 242 J.
1011 211 1095 243 LIB.
1121 209 1320 243 SAMUEL.
1346 210 1442 241 CAP.
1468 210 1599 243 XXXI.

2179 218 2240 247 72ss

1245 312 1246 331 1
1272 302 1394 338 comici,
1420 307 1455 332 ut
1478 304 1523 333 ait
1547 304 1676 340 Paulus,
1702 309 1737 335 ut
1761 306 1887 335 nullum
1913 308 2052 346 amplius
2077 309 2153 339 recti
2180 309 2242 340 dis-

253 347 416 387 regioncm
441 356 566 376 summo
591 356 662 377 cum
688 344 825 375 ludibrio
849 351 877 376 et
903 344 1058 377 dedecore
1085 347 1217 386 portari,
1244 351 1246 370 5

255 389 318 420 Sed
362 387 437 418 inde
478 388 629 419 docemur
669 396 777 418 coram
810 387 879 417 Deo
920 398 977 418 nos
1012 388 1148 419 deiicere
1188 393 1245 419 et¹

254 430 441 462 humiliare:
462 435 498 461 ut
517 431 542 460 si
563 440 620 460 nos
639 429 671 459 iu
692 429 830 468 aliquam
852 429 1043 470 dignitatem
1063 431 1217 471 evexerit,

253 475 286 504 in
311 473 411 513 ipsius
441 474 556 502 timore
586 471 798 510 ambulemus,
833 477 865 502 et
893 472 1049 511 quidquid
1080 473 1119 504 ab
1150 474 1218 512 ipso

254 515 445 555 accepimus,
479 519 581 544 totum
616 513 678 553 ipsi
708 513 901 552 dedicemus,
931 525 1155 546 consecremus
1186 521 1219 546 ct

254 558 495 598 permittamus:
520 566 725 595 summopere
749 561 900 587 caventes
924 567 965 587 ne
989 556 1121 588 Saulem
1147 559 1217 588 imi-

253 607 367 637 temur,
390 599 492 630 invito
504 598 647 628 Domino
668 598 807 629 retinere
821 598 964 630 volentes
983 600 1068 639 quod
1090 604 1217 630 tantum

253 643 291 673 ad
316 647 444 680 tempus
467 640 604 680 largitus
628 648 684 671 est.
731 640 841 679 Quare
872 641 957 671 enim
982 642 1113 673 obsecro
1138 642 1216 674 Saul

253 683 412 715 Davidem
445 683 568 714 tamdiu
601 688 690 713 tanto
723 683 795 714 odio
826 689 874 714 est
905 689 1129 723 persequutus,
1154 685 1216 715 nisi
1243 709 1245 714 ,

253 725 336 766 quod
359 725 444 755 ferre
467 735 531 755 non
556 725 662 764 potuit
685 725 747 756 Dei
770 725 934 764 iudicium,
969 727 1061 757 cuius
1091 727 1217 758 decreto
1242 748 1244 752 »

253 768 418 799 humiliari
447 768 553 807 ipsum
583 768 773 806 oportebat?
824 769 868 799 Et
899 772 1007 799 tamen
1032 769 1122 800 Deus
1153 780 1216 800 non

252 809 432 850 exponebat
454 820 527 840 enm
553 810 693 840 hostium
718 810 865 848 ludibrio,
897 811 952 841 sed
982 811 1125 850 quietam
1155 813 1217 852 ipsi

251 853 345 893 regni
358 852 590 892 possessionem
611 853 813 892 permittens,
838 853 997 884 Davidem
1023 853 1069 884 illi
1094 865 1218 885 succes-

249 905 354 927 sorem
379 895 577 934 designabat.
624 894 688 926 Sed
714 900 904 935 arroganter
928 896 978 926 isti
1002 896 1063 927 Dei
1089 897 1215 928 decreto

249 937 381 976 resistit,
404 943 436 967 et
466 937 675 976 pertinaciter
705 944 850 968 evertere
880 938 1012 969 nititur:
1048 950 1145 978 quam
1176 939 1216 969 ob
1242 942 1243 970 1

249 990 377 1012 causam
408 980 514 1019 ipsum
547 980 693 1019 oportuit
721 980 853 1010 meritas
884 991 959 1011 snae
993 982 1216 1012 contumaciae

250 1032 369 1062 poenas
388 1022 498 1062 luere.
544 1022 611 1053 Nos
641 1022 740 1062 igitur
772 1023 831 1053 hoc
862 1023 1010 1062 exemplo
1044 1025 1127 1054 docti
1152 1023 1214 1054 dis-

249 1075 359 1097 camus
382 1064 452 1094 Deo
487 1065 674 1103 permittere
703 1064 785 1104 quod
818 1065 910 1096 nobis
942 1066 1079 1105 largitus
1109 1067 1215 1103 fuerit,
1241 1087 1242 1094 1

249 1107 505 1147 quotiescunque
528 1107 608 1137 illud
632 1106 773 1138 adimere
798 1107 889 1138 nobis
915 1107 1089 1147 placuerit:
1121 1119 1157 1139 ac
1188 1109 1214 1139 si
1241 1119 1243 1122 ’

248 1150 283 1180 111
307 1150 448 1189 aliquam
474 1148 661 1187 dignitatem
688 1160 745 1180 nos
770 1150 925 1188 evexerit,
958 1161 998 1180 ne
1029 1151 1216 1190 arrogantia

248 1198 455 1232 turgeamus:
497 1191 551 1222 sed
593 1196 738 1223 nostram
779 1193 885 1231 potius
925 1192 1143 1223 conditionem
1184 1199 1215 1223 et

248 1241 384 1265 naturae
413 1234 620 1274 fragilitatem
653 1234 685 1264 in
721 1234 909 1264 memoriam
942 1245 1149 1266 revocemus:
1184 1241 1215 1266 et

248 1277 499 1317 quotiescunque
531 1277 636 1307 visum
668 1276 739 1306 Deo
777 1277 874 1307 fuerit
910 1287 967 1307 nos
1001 1277 1139 1308 deiicere
1174 1288 1214 1308 ne

248 1319 453 1350 reluctemur.
518 1318 688 1349 Caeterum
733 1319 784 1349 hic
826 1324 981 1358 tanquam
1019 1320 1051 1350 in
1085 1320 1214 1359 speculo

247 1362 322 1393 licet
351 1361 473 1391 intueri
503 1360 645 1391 divinam
677 1360 865 1397 vindictam,
897 1361 1051 1400 superbos
1075 1368 1106 1392 et
1130 1372 1215 1393 arro-

247 1409 360 1445 gantes
391 1409 423 1433 et
451 1403 608 1434 adversus
638 1404 746 1442 ipsum
772 1403 980 1443 insurgentes
1000 1403 1214 1443 deiicientem,

247 1452 279 1477 et
301 1446 346 1477 ita
370 1445 555 1476 domantem
578 1451 614 1476 ut
637 1455 694 1476 suo
717 1446 860 1485 periculo
885 1446 1009 1476 discant
1037 1447 1213 1478 humanam

249 1488 474 1520 excellentiam
500 1487 580 1518 nihil
605 1498 674 1518 esse
699 1498 805 1518 coram
831 1489 909 1523 Deo,
941 1489 996 1528 qni
1027 1490 1213 1528 potentissi-

246 1541 317 1562 mos
341 1541 484 1570 quosque
507 1531 553 1561 sic
577 1529 692 1567 deiicit,
724 1536 755 1560 et
784 1530 816 1560 in
847 1534 969 1562 tantam
1000 1532 1213 1571 ignominiam

246 1574 384 1610 coniicit,
418 1577 455 1603 ut
488 1572 603 1603 melius
637 1583 708 1603 cum
739 1574 816 1612 ipsis
845 1578 952 1604 actum
988 1574 1153 1614 videatur,
1188 1575 1213 1606 si

245 1625 411 1656 nunquam
437 1616 503 1645 nati
528 1620 645 1646 essent.

331 1659 375 1689 Et
399 1658 437 1687 de
463 1657 572 1689 Saulis
595 1657 801 1697 filiorumque
824 1658 927 1697 ipsius
951 1669 991 1688 ex
1015 1669 1110 1689 muro
1133 1670 1212 1699 pen-

247 1700 396 1732 dentibus
419 1700 609 1739 corporibus
632 1700 754 1731 dictum
775 1705 860 1731 esto:
884 1700 963 1731 illud
978 1701 1074 1732 etiam
1095 1712 1213 1741 expen-

245 1743 370 1780 damus,
395 1742 478 1782 quod
500 1742 620 1773 diserte
640 1743 850 1782 exprimitur:
876 1742 1065 1775 Philistaeos
1083 1745 1214 1775 iussisse

245 1785 318 1816 haec
350 1785 536 1816 annuntiari
571 1785 606 1815 in
638 1785 747 1823 templo
780 1785 946 1816 idolorum.
992 1786 1094 1816 Porro
1128 1787 1213 1818 idola

244 1828 389 1868 ipsorum
425 1827 474 1858 hic
507 1827 663 1858 Astaroth
699 1828 918 1867 nominantur,
954 1839 1016 1868 qua
1051 1839 1129 1860 voce
1157 1829 1210 1860 de—

244 1871 417 1910 signantur
448 1870 558 1900 variae
589 1870 780 1900 animalium
812 1871 945 1910 figurae,
981 1876 1059 1910 puta
1092 1872 1211 1910 ovium,

244 1922 395 1944 ursorum
426 1916 483 1943 aut
511 1912 654 1943 leonum:
691 1922 769 1952 quas
798 1913 920 1953 figuras
949 1913 1090 1952 ipsorum
1126 1914 1212 1945 idola

245 1955 396 1986 habuisse
426 1960 475 1985 est
506 1955 692 1991 verisimile,
727 1960 824 1994 prout
857 1955 918 1986 sibi
953 1966 1098 1995 quaeque
1131 1967 1211 1997 gens

243 1997 387 2035 fingebat
416 2007 454 2027 ex
484 1997 616 2027 arbitrio
648 1996 723 2028 deos
745 1997 942 2037 deorumque
965 1998 1099 2038 figuras,
1125 1999 1210 2030 unde

245 2040 327 2071 aliae
353 2040 454 2070 forma
474 2039 574 2076 bovis,
598 2040 680 2070 aliae
701 2040 804 2070 forma
823 2041 911 2071 canis
924 2041 1005 2071 aliae
1024 2041 1088 2072 alia,
1106 2042 1209 2072 forma·

244 2082 320 2112 deos
343 2081 499 2117 colebant,
531 2092 667 2121 quorum
698 2085 768 2113 erat
791 2093 947 2114 numerus
971 2084 1135 2115 infinitus:
1168 2085 1208 2114 si-

243 2124 372 2163 quidem
393 2124 447 2155 ubi
467 2124 564 2155 semel
580 2124 727 2155 homines
748 2125 786 2155 ad
801 2125 1014 2156 idololatriam
1030 2126 1109 2166 lapsi
1123 2132 1208 2163 sunt,

245 2167 355 2197 nullus
375 2171 423 2197 est
435 2167 703 2206 superstitionum
719 2166 832 2198 modus
846 2178 950 2207 neque
969 2168 1052 2199 finis.
1078 2168 1210 2207 Quanta

244 2209 329 2239 enim
351 2209 489 2240 sitinter
507 2208 655 2240 homines
678 2210 867 2249 opinionum
892 2211 1040 2250 varietas⁷
1060 2211 1130 2251 ipsa
1153 2222 1208 2242 ex-

243 2251 406 2292 perientia
428 2251 502 2291 plus
525 2252 726 2283 satis-docet.
758 2252 802 2282 Et
825 2257 993 2292 praeterea
1016 2259 1137 2293 quanta
1160 2255 1207 2284 in-

243 2294 428 2324 constantia
458 2294 491 2324 in
521 2294 585 2325 illis
608 2294 812 2334 opinionibus
835 2300 894 2333 est,
921 2300 957 2326 ut
980 2296 1116 2336 singulis
1140 2307 1207 2327 mo-

243 2335 362 2366 mentis
395 2336 532 2366 varient.
578 2336 688 2375 Quare
719 2347 818 2376 quum
850 2342 940 2368 tanta
973 2338 1101 2369 licentia
1132 2339 1208 2369 deos

243 2379 303 2409 sibi
329 2379 453 2418 fingere
477 2378 624 2410 homines
646 2379 845 2418 permittant,
875 2390 937 2410 non
964 2381 1081 2411 mirum
1109 2389 1157 2411 est
1181 2382 1207 2412 si

243 2431 399 2451 numerus
422 2421 456 2451 in
480 2421 674 2453 immensum
694 2429 867 2453 excrescat.
899 2422 1071 2454 Caeterum
1088 2429 1207 2462 quanta

243 2463 419 2503 stupiditas
441 2463 502 2493 fuit
525 2463 631 2494 Deum
655 2464 714 2495 sub
737 2464 842 2495 forma
864 2465 917 2495 vel
941 2465 1020 2503 ovis,
1044 2466 1094 2496 vel
1117 2466 1208 2498 canis

243 2505 385 2536 adorare.
431 2505 499 2536 Nae
523 2505 704 2537 horrendus
728 2506 782 2537 ille
805 2507 866 2538 fuit
888 2512 1009 2548 stupor,
1036 2518 1098 2547 quo
1122 2509 1208 2539 iusto

243 2546 306 2578 Dei
330 2547 446 2579 iudicio
471 2547 618 2579 homines
641 2553 716 2579 sunt
739 2549 924 2581 dementati.
960 2550 1012 2581 Ex
1036 2561 1099 2590 quo
1121 2551 1207 2582 enim

243 2590 391 2620 homines
426 2590 533 2621 Deum
568 2601 631 2621 non
674 2592 940 2632 glorificaverunt
981 2597 1019 2623 ut
1056 2593 1208 2624 maiestas

242 2632 344 2671 ipsius
363 2632 554 2672 postulabat,
575 2634 717 2673 oportuit
735 2634 809 2666 illos
832 2635 866 2665 111
885 2634 1058 2675 reprobum
1078 2646 1206 2667 sensum

1272 344 1394 375 crimen
1420 344 1584 376 haberent.
1622 347 1663 376 Et
1688 347 1726 377 de
1746 348 1930 379 Astarotliis
1955 349 2015 379 ista
2040 350 2241 382 sufficiunto:

1272 387 1355 425 quod
1369 386 1407 416 ad
1428 388 1582 418 nuncium
1602 389 1720 419 attinet
1740 390 1769 419 in
1787 390 1905 429 templa
1918 390 2077 421 idolorum
2092 393 2238 428 missum,

1271 438 1309 458 ex
1334 439 1370 458 co
1395 436 1529 468 apparet
1552 430 1746 462 l'liilistacos
1768 432 1837 462 Deo
1857 433 1988 463 Israelis
2013 434 2155 465 debitum
2181 435 2237 465 110-

1271 480 1381 501 norem
1413 472 1536 510 eripere
1567 473 1706 504 voluisse
1737 479 1769 504 ct
1800 474 1936 504 illudere
1971 476 2042 515 ipsi,
2074 487 2128 506 sua
2155 477 2239 508 idola

1271 513 1377 551 magni
1408 523 1484 551 prae
1514 513 1567 544 illo
1598 515 1762 546 facientes.
1809 517 1893 555 Quid
1919 518 2005 548 enim
2031 517 2116 548 idolo
2141 520 2238 549 tribui

1271 560 1376 593 potest
1398 556 1480 594 quod
1507 566 1567 586 non
1593 557 1722 588 divinae
1742 559 1900 589 maiestati
1922 560 2136 591 detrahatur?
2174 561 2236 593 Sed

1244 598 1304 627 Ἰ111
1339 597 1409 627 istis
1443 598 1539 628 etiam
1575 599 1693 638 aliquid
1729 601 1868 640 amplius
1903 601 2161 639 observamlnm,
2196 604 2237 634 si·

1271 639 1399 678 quidem

1447 651 1508 669 non
1549 647 1672 671 tantum
1707 653 1765 673 sua
1805 645 2033 682 superstitione
2069 645 2238 676 philistaei

1271 687 1306 711 ut
1329 681 1472 720 reliquae
1497 689 1608 721 gentes
1633 685 1843 715 tenebantur:
1867 686 1922 716 sed
1946 687 2042 717 etiam
2066 687 2170 726 ipsum
2192 688 2239 718 Is-

1271 723 1365 754 raelis
1380 723 1486 754 Deum
1507 724 1651 761 oderant,
1677 732 1840 766 totamque
1864 728 2023 759 iudaicam
2047 729 2236 768 religionem

1270 766 1458 805 cultumque
1490 767 1551 797 Dei
1585 768 1653 807 lege
1689 771 1923 809 praescriptum
1954 771 2235 803 abominabantur.

1270 807 1381 847 Quare
1411 819 1509 848 quum
1543 811 1609 840 suis
1652 812 1834 842 Astarothis
1871 814 2038 844 victoriam
2074 819 2235 853 acceptam

1269 852 1386 890 ferunt,
1411 856 1534 881 certum
1559 859 1606 882 est
1623 852 1707 891 ipsos
1732 853 1770 883 de
1787 853 1857 884 Deo
1878 855 2101 888 Israentarum
2127 857 2238 886 trium-

1270 893 1370 932 phare
1411 894 1510 924 velle:
1554 898 1586 925 et
1628 895 1728 925 eidem
1765 896 1909 933 illudere,
1953 899 2045 937 quasi
2081 898 2236 938 populum

1269 937 1359 967 cuius
1382 936 1564 967 clientelam
1589 947 1771 977 susceperat
1799 940 1878 969 tueri
1911 950 1946 970 ac
1978 946 2147 980 protegere
2172 951 2237 971 11011

1269 979 1440 1018 potuisset:
1466 978 1600 1019 ideoque
1625 979 1745 1010 frustra
1770 982 1875 1020 ipsum
1901 982 1970 1019 coli,
2002 984 2120 1014 frustra
2145 993 2235 1023 spem

1269 1021 1301 1050 111
1326 1021 1396 1059 ipso
1420 1021 1578 1058 collocari,
1603 1021 1723 1053 frustra
1747 1033 1816 1054 sese
1836 1023 1880 1053 illi
1897 1024 2056 1056 lsl'aijlitas
2078 1025 2235 1066 regendos

1269 1063 1466 1102 permittere,
1492 1064 1621 1094 inanem
1647 1075 1717 1095 esse
1737 1065 2000 1104 pollicitationem
2027 1068 2113 1099 illam
2136 1068 2235 1107 patri-

1270 1105 1329 1135 bus
1359 1105 1501 1144 ipsorum
1533 1107 1659 1144 factam,
1691 1108 1787 1138 inane
1818 1108 1929 1139 foedus
1963 1120 2035 1139 enm
2062 1110 2236 1141 maioribus

1268 1148 1395 1177 initum.
1448 1149 1548 1188 Atqui
1583 1148 1673 1179 Deus
1708 1151 1746 1180 ad
1784 1158 1910 1190 tempus
1946 1153 2093 1191 permisit
2127 1162 2235 1184 ancam

1269 1201 1370 1226 suam,
1391 1195 1428 1220 ut
1452 1197 1526 1221 ante
1550 1191 1690 1222 vidimus
1720 1193 1751 1222 in
1777 1193 1852 1223 Heli
1885 1193 2026 1231 historia,
2060 1195 2172 1227 venire
2201 1195 2234 1225 in

1241 1232 1242 1246 ³
1268 1231 1411 1262 hostium
1432 1238 1634 1272 potestatem,
1655 1241 1687 1264 et
1706 1235 1867 1274 captivam
1883 1235 2005 1267 abduci.
2027 1248 2110 1276 quae
2127 1246 2233 1268 tamen

1241 1281 1242 1284 ’
1268 1274 1338 1314 ipsa
1362 1285 1437 1314 prae
1461 1285 1494 1306 sc
1518 1276 1581 1306 Dei
1610 1288 1727 1307 nomen
1751 1278 1882 1308 ferebat.

1930 1278 1971 1308 Et
1997 1280 2137 1311 usitatae
2162 1288 2237 1311 sunt

1269 1317 1449 1357 scripturae
1480 1319 1560 1348 istac
1595 1319 1747 1358 phrases:
1788 1320 1888 1358 Quum
1911 1323 1981 1351 ante
2001 1322 2114 1359 faciem
2137 1332 2237 1353 meam

1268 1360 1491 1399 comparebitis,
1516 1368 1556 1397 et,
1581 1372 1653 1392 ecce
1676 1362 1834 1393 Dominus
1855 1363 1974 1402 ylorz‘ae
1996 1366 2086 1404 venit,
2111 1365 2237 1396 attollite

1262 1405 1388 1441 portas:
1424 1403 1537 1442 quibus
1569 1403 1759 1443 designatur
1790 1415 1861 1435 arca
1895 1406 1960 1444 illa,
1996 1407 2027 1436 in
2060 1419 2121 1446 qua
2146 1408 2236 1439 Deus

1269 1444 1350 1480 legis
1374 1445 1499 1475 tabulas
1532 1447 1643 1485 reponi
1673 1448 1821 1478 iusserat.
1867 1447 2010 1486 Quinam
2043 1460 2120 1490 orgo
2144 1450 2235 1480 Deus

1269 1498 1337 1517 sese
1358 1487 1457 1517 veluti
1482 1489 1644 1527 captivum
1670 1489 1815 1528 permisit
1840 1490 1999 1520 detineri?
2048 1492 2135 1523 Sane
2161 1503 2234 1531 pro—

1269 1530 1365 1568 pheta
1399 1531 1430 1559 in
1467 1530 1606 1561 Psalmis
1642 1531 1830 1570 respondet,
1874 1533 1993 1563 factum
2033 1535 2107 1573 quia
2144 1535 2234 1566 Deus

1269 1572 1379 1609 voluit,
1411 1579 1447 1602 ut
1479 1573 1610 1603 tollatur
1640 1574 1887 1605 offendiculum:
1919 1580 1949 1605 et
1980 1576 2149 1607 doceretur
2180 1588 2234 1616 po-

1268 1615 1362 1654 pulus
1388 1626 1450 1645 non
1477 1615 1578 1655 magis
1602 1626 1693 1654 posse
1707 1615 1813 1647 Deum
1840 1619 1999 1648 contemni
2025 1618 2064 1648 ab
2089 1619 2234 1650 hostibus

1267 1658 1430 1696 captivum
1452 1657 1678 1695 detinentibus,
1704 1666 1735 1689 et
1757 1659 1859 1689 eidem
1884 1660 2105 1699 illudentibus,
2137 1673 2232 1702 quam

1267 1709 1364 1738 quum
1391 1707 1652 1739 corrumperetur
1685 1703 1972 1741 profanareturqne
2000 1703 2101 1742 ipsius
2129 1704 2234 1735 cultus

1266 1742 1298 1772 in
1323 1742 1453 1773 Iudaea.
1501 1743 1591 1774 Tunc
1614 1744 1708 1779 enim,
1739 1751 1772 1773 ut
1803 1744 1895 1774 initio
1921 1745 2070 1781 diximus,
2103 1757 2232 1786 eorrup-

1266 1785 1409 1815 tissimus
1441 1792 1509 1815 erat
1541 1786 1573 1815 in
1598 1785 1718 1816 Iudaea
1749 1786 1854 1817 cultus
1886 1787 2035 1818 divinus:
2068 1795 2097 1818 et
2124 1789 2234 1820 Saulis

1266 1833 1409 1866 tempore
1433 1827 1563 1858 duravit
1586 1828 1695 1859 eadem
1721 1830 1897 1868 corruptio,
1936 1830 2026 1860 Dens
2046 1831 2145 1870 igitur
2165 1832 2232 1871 ipse

1237 1864 1239 1890 ἶ
1265 1880 1390 1908 semper
1414 1870 1462 1900 sui
1487 1870 1600 1901 similis
1624 1877 1655 1900 et
1678 1871 1851 1901 inviolatus
1875 1874 2049 1903 remansit:
2083 1874 2137 1903 sed
2162 1884 2232 1904 eam

1264 1912 1483 1943 confusionem
1499 1912 1601 1943 voluit
1621 1914 1651 1943 iu
1672 1914 1826 1952 populum
1846 1915 2029 1949 imuntterc,
2052 1922 2086 1945 ut
2107 1917 2234 1946 veniret

1264 1955 1302 1984 ad
1323 1961 1526 1993 peccatorum
1551 1955 1780 1995 cognitionem,
1805 1964 1835 1986 et
1859 1958 2016 1997 cogitaret
2031 1957 2092 1988 Dei
2114 1969 2233 1989 nomen

1264 2003 1393 2036 propter
1416 1997 1558 2036 ipsorum
1585 2005 1713 2037 peccata
1738 1999 1864 2028 venisse
1885 2000 1915 2028 in
1941 2006 2169 2039 contemptum,
2201 2007 2234 2031 et

1263 2039 1458 2078 blasphemis
1496 2041 1635 2070 hostium
1673 2042 1804 2071 vocibus
1840 2042 1990 2078 lacerari,
2033 2053 2112 2081 quae
2154 2043 2232 2082 ipsis

1262 2083 1413 2121 imputari
1436 2082 1599 2113 deberent.
1636 2083 1853 2121 Quamobrem
1876 2095 2050 2123 agnoscere
2075 2085 2232 2124 faterique

1262 2125 1388 2164 culpam
1413 2126 1498 2164 ipsos
1525 2125 1704 2164 oportebat,
1737 2126 2008 2164 quemadmodum
2039 2127 2230 2167 prophetam

1262 2166 1339 2197 illud
1355 2167 1457 2206 ipsum
1473 2168 1669 2207 exprobrare
1684 2168 1831 2198 videmus
1850 2168 1968 2207 populo
1982 2169 2015 2198 iu
2041 2170 2231 2210 babylonica

1262 2218 1347 2239 terra
1378 2211 1515 2248 captivo,
1550 2211 1609 2240 Dei
1641 2220 1759 2240 nomen
1784 2211 1868 2241 inter
1892 2211 2076 2242 incredulos
2100 2221 2231 2251 propter

1261 2253 1346 2291 ipsos
1381 2251 1608 2291 blasphemari.
1666 2253 1803 2283 Minime
1844 2253 1950 2293 itaque
1993 2253 2126 2284 dubium
2170 2259 2230 2293 cst,

1262 2295 1337 2334 quin
1351 2295 1411 2325 ista
1426 2294 1533 2326 divina
1555 2295 1766 2334 permissione
1787 2296 2000 2336 contigerint:
2022 2303 2058 2326 ut
2076 2296 2131 2336 qui
2149 2296 2230 2327 falso

1260 2337 1361 2377 ipsius
1375 2337 1503 2367 nomine
1517 2337 1646 2376 gloriati
1659 2338 1797 2374 fuerant,
1819 2338 1880 2377 ipsi
1894 2348 1963 2369 sese
1977 2339 2118 2368 examini
2132 2338 2229 2369 subii-

1260 2385 1386 2417 cerent,
1418 2379 1457 2410 ad
1491 2380 1655 2410 meliorem
1687 2389 1829 2410 mentem
1853 2381 2012 2417 venirent,
2037 2391 2055 2411 v
2079 2381 2231 2421 uiamque

1261 2421 1519 2461 deprecarentur,
1544 2426 1578 2452 ut
1602 2422 1855 2453 misericordiam
1880 2428 2166 2462 consequerentur.

1346 2465 1411 2495 Nos
1436 2464 1511 2495 hinc
1535 2464 1706 2502 discamus,
1737 2476 1835 2505 quum
1860 2465 1996 2505 improbi
2021 2476 2054 2496 os
2079 2466 2231 2506 aperiunt

1260 2507 1299 2537 ad
1324 2507 1562 2537 detrahendum
1587 2507 1625 2537 de
1649 2507 1711 2538 Dei
1737 2508 1847 2546 verbo,
1878 2508 1995 2539 iudicio
2019 2509 2122 2548 ipsius
2146 2508 2230 2539 iusto

1261 2550 1340 2586 fieri,
1364 2556 1396 2580 et
1420 2550 1506 2580 vitiis
1531 2550 1653 2580 nostris
1673 2549 1752 2581 illud
1773 2561 1868 2581 omne
1887 2550 2127 2590 imputandum.
2153 2550 2228 2581 Cer-

1260 2598 1329 2622 tum
1354 2591 1437 2622 euim
1459 2597 1508 2622 est
1528 2593 1634 2622 Deum
1657 2593 1687 2622 in
1708 2593 1800 2624 nobis
1819 2593 2037 2633 glorificatum
2058 2593 2106 2628 iri,
2131 2603 2231 2632 quum

1260 2635 1364 2666 officio
1388 2639 1499 2665 nostro
1522 2635 1613 2674 fungi
1638 2635 1837 2673 conabimur,
1869 2646 1966 2675 quum
1998 2646 2079 2674 pure
2109 2639 2141 2665 et
2165 2635 2231 2664 sin-

1977 2685 2027 2710 46*
