2551 3044
147 180 206 211 481

146 278 183 304 ut
205 273 264 313 ipsi
288 273 370 304 nihil
393 274 499 305 minus
522 272 711 314 cogitarint,
735 277 767 303 ot
789 272 883 313 longe
907 273 969 304 alia
991 274 1113 305 fuerint

145 315 286 356 ipsorum
316 315 466 347 consilia:
499 315 553 346 sed
580 315 668 346 Deus
702 313 899 346 admirandis
933 316 1112 347 rationibus

145 364 305 398 operatur.
330 359 460 397 Quanta
477 358 577 398 igitur
595 356 717 387 laetitia
734 357 857 388 occasio
874 357 965 389 nobis
978 358 1112 389 offertur

145 400 412 441 cognoscentibus
441 410 495 431 eos
517 400 571 439 qui
593 399 625 430 in
649 399 710 430 Dei
735 399 868 430 tutelam
893 400 1013 440 recepti
1034 406 1112 432 sunt

146 453 311 483 nunquam
335 441 616 482 derelinquendos,
647 440 703 472 sed
727 452 766 472 ex
790 442 938 473 omnibus
961 443 1111 482 periculis

144 486 256 516 divina
279 486 410 523 virtute,
442 493 634 524 quacunque
657 483 782 515 ratione
813 485 883 522 fiat,
916 484 1109 517 liberandos.

144 528 318 562 Caeterum
344 527 594 566 quotiescunque
617 526 801 558 coniuratos
822 527 975 558 ecclcsiae
993 528 1108 566 hostes,

142 570 198 611 qui
221 569 290 600 dira
313 579 458 610 quaeque
482 569 542 609 ipsi
561 569 770 600 minabantur
791 569 946 601 adversus
968 581 1001 601 se
1024 571 1109 611 ipsos

141 613 310 652 insurgere
345 612 576 652 conspicimus,
610 611 750 643 sciamus
780 611 843 642 Dei
874 612 995 643 virtuto
1029 614 1108 652 fieri,

141 654 333 686 Philistaeos
365 653 406 685 ad
436 664 530 686 suum
562 653 715 695 populum
742 654 945 686 liberandum
969 665 1107 687 commo-

139 697 254 734 ventis,
279 700 310 728 et
333 696 484 728 ecclesiae
507 696 645 728 salutem
668 697 881 737 procurantis.
919 697 1005 729 Nam
1026 709 1107 739 quae

139 739 259 772 Davidi
278 739 491 780 contigerunt,
511 739 544 770 in
558 749 653 770 usum
666 740 810 770 omnium
823 739 968 771 fidelium
987 741 1107 781 scripta

138 789 231 820 sunt,
265 787 425 823 quatenus
464 786 541 813 sunt
574 781 707 813 Domini
741 782 842 813 nostri
876 782 952 814 Iesu
983 783 1105 815 Christi

138 825 292 864 membra,
315 825 406 857 cuius
426 824 534 855 David
556 825 662 865 figura
681 824 750 855 fuit.
784 824 833 856 Ac
855 835 933 856 sane
956 836 1014 856 nos
1036 826 1106 866 ipsa

137 868 340 908 experientia
370 866 462 898 docet
483 866 592 898 Deum
614 877 708 907 saepe
727 867 922 899 Philistaeos
949 869 1105 901 excitasse

136 910 176 942 ad
201 910 302 942 multa
324 910 458 941 consilia
481 909 676 949 frangenda,
701 914 732 940 et
755 915 890 941 conatus
913 911 1105 943 evertendos

136 953 252 993 quibus
276 952 426 990 ecclesia,
460 952 522 983 nisi
546 952 636 983 Deus
659 962 751 992 opem
775 953 920 990 tulisset,
955 953 1104 986 funditus

135 995 310 1027 evertenda
350 994 527 1026 videbatur.

134 1049 281 1079 proceres
300 1048 336 1069 ac
355 1037 515 1078 principes
528 1037 660 1069 consilia
678 1037 822 1069 inierunt
840 1038 879 1069 ad
893 1038 955 1069 Dei
969 1039 1105 1070 verbum

134 1080 394 1121 exstirpandum,
417 1083 449 1110 et
471 1079 581 1111 fideles
603 1090 714 1111 omnes
737 1080 784 1111 illi
808 1080 1020 1113 adhaerentes
1040 1092 1105 1113 una

133 1124 352 1155 internecione
373 1122 542 1160 tollendos,
569 1126 601 1154 et
616 1123 702 1154 inter
725 1133 759 1154 se
778 1123 938 1155 coniurati
961 1123 1104 1156 fidelium

135 1167 282 1197 omnium
305 1165 472 1197 interitum
497 1170 528 1196 et
552 1165 741 1206 sanguinem
770 1166 934 1204 sitierunt,
958 1166 1104 1207 nihilque

134 1209 277 1249 ipsorum
306 1207 439 1239 consilia
469 1209 625 1239 remorari
655 1219 746 1248 posse
778 1208 972 1240 videbatur?
1012 1209 1103 1242 Deus

134 1256 243 1282 tamen
266 1250 464 1282 admirandis
487 1250 590 1282 modis
614 1254 646 1281 et
668 1256 832 1282 momento
862 1251 995 1283 consilia
1018 1252 1102 1293 ipso-

133 1304 206 1325 rum
245 1293 360 1334 fregit,
402 1292 495 1324 modo
536 1293 677 1325 excitato
719 1294 818 1333 bello,
859 1294 953 1325 modo
992 1295 1102 1327 fractis

132 1335 284 1374 induciis,
327 1335 419 1367 modo
455 1335 635 1375 proditione
673 1337 774 1376 captis
811 1337 957 1375 urbibus,
993 1339 1102 1378 ecquis

132 1383 239 1410 autem
270 1379 333 1410 ista
365 1389 483 1418 quaeso
506 1378 664 1419 perfecit?
710 1379 780 1411 Nae
804 1384 940 1420 apparet
962 1379 1102 1420 quidem,

131 1421 207 1454 hinc
229 1421 405 1452 multorum
429 1421 571 1459 ambitio,
602 1421 678 1452 inde
701 1422 837 1454 aliorum
861 1423 1045 1461 crudelitas,
1070 1429 1103 1455 et

132 1464 271 1504 denique
294 1474 394 1504 prava
417 1464 584 1495 hominum
609 1464 777 1504 cupiditas,
802 1465 857 1496 sed
877 1469 986 1497 tamen
1004 1466 1101 1498 altius

129 1506 365 1548 assurgendum
381 1510 431 1538 est
448 1511 480 1538 et
498 1507 560 1538 fide
578 1507 828 1548 contemplanda
850 1508 1023 1548 singularis
1039 1509 1101 1541 Dei

131 1550 259 1581 bonitas
289 1560 346 1590 pro
376 1549 528 1581 ecclesiae
558 1560 635 1581 suae
660 1550 763 1581 salute
788 1554 820 1581 et
843 1550 1029 1583 defensione
1053 1553 1100 1583 vi-

131 1592 278 1633 gilantis,
306 1602 342 1624 ae
369 1591 504 1632 proinde
534 1592 644 1623 hostes
677 1593 829 1624 ecclesiae
852 1594 1007 1626 adversus
1031 1605 1100 1627 sese

130 1635 270 1667 invicem
293 1635 532 1666 committentis.
578 1635 685 1675 Atque
716 1635 862 1667 doctrina
888 1636 968 1668 haec
990 1637 1099 1669 obser-

130 1677 237 1709 vanda
266 1688 306 1708 ex
336 1678 375 1708 iis
399 1687 480 1718 quae
503 1678 654 1710 dicuntur
683 1677 722 1709 de
744 1678 881 1710 Davidis
909 1679 1098 1712 liberatione

129 1731 187 1761 per
210 1720 422 1758 Philistaeos,
453 1721 508 1760 qui
532 1721 563 1751 in
587 1720 741 1752 Iudaeam
765 1721 958 1762 irruperant.
1005 1723 1096 1755 Facti

130 1768 238 1794 autem
267 1763 361 1795 istius
384 1763 572 1794 memoriam
604 1768 793 1804 perpetuam
817 1764 915 1796 fuisse
937 1765 1097 1805 adiicitur,

130 1805 214 1846 quod
227 1815 263 1837 ea
282 1805 446 1838 occasione
458 1806 547 1838 locus
567 1805 621 1837 ille
634 1810 768 1838 vocatus
782 1807 823 1838 sit-
835 1812 927 1847 petra
939 1807 1097 1847 dividens,

129 1858 226 1888 quam
249 1859 360 1880 vocem
383 1848 512 1888 quidam
536 1849 794 1890 interpretantur
818 1850 856 1881 de
880 1850 988 1889 Saule,
1011 1852 1097 1891 quod

129 1901 188 1922 sua
221 1901 278 1931 spe
312 1891 441 1923 delusus
475 1891 638 1923 discedere
671 1896 801 1924 coactus
834 1893 876 1923 sit
905 1903 940 1924 re
969 1893 1096 1926 infecta.

129 1933 196 1965 Alii
226 1944 303 1965 vero
337 1933 421 1974 quod
452 1934 590 1966 Davidis
630 1934 749 1966 milites
782 1936 946 1975 suspensis
980 1937 1098 1968 animis

129 1976 258 2008 fuerint.
314 1977 438 2008 Verum
472 1977 621 2008 existimo
655 1976 762 2009 verbis
795 1978 859 2009 illis
893 1979 1000 2018 potius
1033 1979 1097 2011 Dei

130 2018 307 2050 bonitatem
331 2030 409 2060 erga
422 2019 581 2050 Davidem
600 2019 828 2062 commendari,
851 2022 905 2061 qui
929 2032 1096 2062 nunquam

129 2066 289 2102 sperasset
307 2072 342 2093 se
363 2062 423 2094 hac
441 2063 565 2093 ratione
589 2062 801 2102 liberandum,
825 2069 862 2095 ut
880 2074 996 2104 nempe
1016 2064 1095 2097 Saul

129 2103 241 2136 relicto
264 2104 392 2136 Davide
414 2110 583 2146 cogeretur
607 2106 786 2137 exercitum
809 2107 1095 2147 suum-abducere,

130 2146 200 2178 Deo
211 2147 316 2187 ipsum
330 2147 392 2178 alio
406 2152 581 2188 avertente,
604 2152 636 2179 et
648 2152 802 2189 tanquam
818 2149 929 2181 fraeno
942 2149 1078 2182 ducente
1087 2163 1094 2191 ;

131 2199 194 2228 qua
227 2189 439 2221 similitudine
472 2191 663 2230 prophetam
693 2192 824 2222 Esaiam
858 2193 905 2223 uti
939 2193 1096 2233 videmus,

129 2241 229 2271 quum
252 2232 330 2264 dicit
345 2232 452 2264 Deum
477 2233 622 2265 hostibus
645 2233 679 2264 in
703 2245 798 2266 nares
819 2234 934 2266 fibulas
957 2236 1094 2275 mittere,

129 2279 161 2304 et
183 2274 254 2306 illos
271 2285 329 2315 pro
353 2275 485 2307 arbitrio
508 2276 757 2308 circumducere.
790 2277 865 2308 Non
888 2278 982 2309 aliter
1004 2278 1095 2310 Deus

131 2316 181 2347 vel
210 2317 347 2349 invitum
376 2317 509 2349 Saulem
540 2324 692 2360 tanquam
728 2320 838 2351 fraeno
872 2326 959 2352 retro
989 2326 1094 2353 actum

128 2360 233 2400 co'egit
254 2359 392 2392 invitum
416 2361 515 2392 abire.

213 2402 326 2443 Neque
353 2413 429 2435 vero
458 2408 566 2435 tamen
597 2404 650 2436 hic
680 2405 754 2436 finis
783 2405 844 2436 fuit
874 2405 1094 2438 calamitatum

130 2447 162 2474 et
195 2444 403 2477 afflictionum
435 2445 587 2477 Davidis:
627 2458 702 2479 nam
743 2448 879 2488 repulsis
909 2448 1095 2481 Philistaeis

130 2484 209 2517 Saul
233 2486 271 2518 de
293 2499 352 2519 sua
373 2488 560 2520 crudelitate
584 2489 738 2522 adversus
757 2491 916 2522 Davidem
939 2491 1022 2523 nihil
1046 2503 1095 2523 re-

130 2528 232 2567 misit3
263 2530 346 2570 quod
371 2531 480 2562 David
514 2533 658 2563 sentiens
688 2539 720 2564 et
750 2533 929 2574 periculum
953 2534 985 2566 in
1009 2534 1094 2575 quod

130 2570 288 2603 inciderat
314 2583 390 2612 prae
413 2573 514 2605 oeulis
538 2574 670 2613 habens,
691 2576 794 2607 locum
818 2576 972 2615 mutavit,
996 2578 1094 2609 venit-

129 2622 193 2653 que
215 2614 249 2645 in
272 2614 432 2646 desertum
454 2616 630 2657 En-gaddi,
653 2619 744 2658 quasi
762 2619 848 2650 dicas
871 2619 977 2650 locum
1000 2630 1096 2660 aqua-

214 2664 322 2692 calvini
339 2673 430 2699 opera.
471 2667 526 2693 Vol.
542 2667 636 2694 XXX.

790 180 837 211 IN
863 180 886 212 1.
912 181 999 211 LIB.
1025 180 1213 213 SAMUEL
1237 183 1334 215 OAP.
1360 185 1491 216 XXIII.

586 995 670 1025 Nam
701 995 826 1035 quoties
860 995 974 1026 mundi
1008 995 1104 1028 huius
1132 1011 1134 1018 ν

2072 193 2135 223 482

1167 274 1265 313 tilem,
1288 277 1347 308 etsi
1373 289 1437 309 non
1461 286 1588 311 constat
1611 282 1749 313 fueritne
1771 282 1835 314 illic
1858 283 1972 324 aliquis
1996 288 2134 326 torrens,

1165 323 1221 347 aut
1247 320 1408 360 scaturigo
1428 322 1586 361 quaedam
1600 333 1681 363 quac
1700 324 1768 355 loco
1788 325 1862 357 huic
1876 336 1992 358 nomen
2006 327 2132 367 fecerit3

1165 359 1262 391 fuisse
1282 366 1388 394 tamen
1407 374 1443 394 eo
1462 363 1532 395 loco
1552 376 1683 406 specum
1703 367 1984 406 profundissimam
2008 375 2131 402 certum

1165 408 1231 433 est:
1262 405 1441 436 cuiusmodi
1470 407 1592 438 multae
1626 419 1739 449 specus
1769 415 1846 441 sunt
1877 411 1910 442 in
1939 412 2130 452 quibusdam

1165 446 1350 484 regionibus
1383 448 1626 487 subterraneae,
1665 452 1703 482 ad
1745 451 1913 484 dimidium
1943 454 2068 487 miliare
2096 466 2130 487 se

1164 488 1401 533 protendentes.
1447 492 1554 523 David
1585 493 1686 533 igitur
1717 494 1751 525 in
1782 495 1836 525 illa
1869 506 1965 536 specu
1995 508 2028 528 se
2054 508 2129 529 con·

1164 530 1261 576 tinuit
1285 535 1439 572 tanquam
1464 534 1495 564 in
1520 535 1626 575 asyle,
1661 537 1745 576 quod
1771 538 1867 568 sciret
1891 549 1986 578 quam
2011 539 2128 572 infesto

1163 582 1270 603 annno
1300 575 1379 605 Saul
1408 576 1511 615 ipsum
1543 586 1796 617 persequeretur.
1849 580 1936 613 Hinc
1967 581 2129 614 discamus

1163 624 1226 644 nou
1250 615 1448 655 despondero
1472 619 1631 659 animum,
1663 631 1766 661 neque
1797 633 1892 663 aegro
1922 625 2004 655 ferre
2027 636 2128 665 quum

1162 667 1219 687 nos
1244 657 1333 690 Deus
1363 660 1397 690 in
1422 670 1506 691 nova
1530 665 1720 701 certamina,
1751 671 1783 695 et
1809 676 1908 697 novas
1938 667 2127 700 afflictiones

1161 699 1298 732 subinde
1323 708 1424 740 vocat,
1456 714 1560 743 neque
1584 705 1629 736 illi
1653 706 1788 745 obloqui,
1816 708 1870 739 sed
1894 709 2002 748 potius
2026 719 2127 742 novas

1161 742 1245 772 vires
1259 753 1429 776 resumere.
1460 746 1546 777 Nota
1565 748 1649 778 enim
1665 756 1713 779 est
1727 749 1894 781 hominum
1910 752 2128 784 inconstantia

1160 790 1193 814 et
1224 789 1340 817 natura
1363 798 1442 826 quae
1473 789 1591 829 exigua
1616 800 1650 821 re
1674 791 1881 823 vehementer
1903 801 2127 827 commovetur

1160 832 1192 856 et
1210 829 1426 866 perturbatur,
1452 836 1482 861 et
1501 838 1652 871 superata
1671 834 1805 873 quadam
1828 837 2004 868 tentatione
2023 837 2126 869 otium

1160 869 1192 899 in
1214 874 1377 908 posterum
1402 878 1435 903 et
1451 874 1718 914 tranquillitatum
1741 878 1864 917 expetit
1885 878 2010 918 sibique
2034 880 2126 920 polli-

1160 918 1251 943 cetur
1269 914 1299 943 in
1322 914 1478 954 reliquam
1503 918 1613 954 vitam,
1637 918 1690 949 sed
1711 919 1802 950 Deus
1826 921 1896 951 vult
1918 932 1975 952 nos
1999 922 2030 952 in
2055 923 2126 955 istis

1161 955 1254 987 terris
1267 958 1420 995 exerceri,
1445 963 1475 988 et
1495 969 1578 990 nova
1601 961 1735 991 subinde
1754 964 1931 993 certamina
1948 965 2124 996 sustinere:

1161 998 1226 1028 vita
1261 999 1346 1029 enim
1388 1007 1499 1032 nostra
1539 1002 1654 1033 similis
1688 1010 1735 1034 est
1769 1005 1902 1036 militiae
1940 1007 2124 1046 continuae,

1160 1045 1215 1071 aut
1238 1040 1320 1071 bello
1345 1048 1513 1082 perpetuo,
1538 1055 1612 1075 nam
1637 1046 1695 1076 etsi
1719 1046 1806 1078 Deus
1830 1058 1924 1088 saepe
1947 1049 2037 1080 nobis
2060 1051 2125 1082 otia

1161 1084 1252 1119 facit,
1273 1095 1337 1115 non
1372 1085 1442 1116 idco
1473 1092 1583 1118 tamen
1613 1095 1765 1127 perpetua
1797 1100 1858 1129 pax
1887 1092 2062 1130 speranda,
2093 1098 2125 1124 et

1132 1141 1133 1144 =
1158 1127 1293 1156 stultum
1315 1128 1395 1158 soret
1414 1128 1523 1160 fovere
1544 1140 1616 1169 spes
1635 1141 1754 1168 inanes,
1780 1143 1837 1163 nos
1862 1134 1958 1164 nullis
1979 1144 2121 1174 unquam

1157 1169 1386 1201 certaminibus
1423 1172 1627 1204 exercendos.
1680 1173 1896 1212 Quamobrem
1931 1187 2120 1215 persuasum

1158 1211 1247 1242 nobis
1274 1218 1342 1243 esto
1368 1218 1495 1253 praeter
1519 1225 1722 1246 communem
1746 1227 1818 1247 cum
1848 1218 1997 1249 omnibus
2018 1220 2120 1250 homi-

1158 1253 1250 1285 nibus
1274 1255 1489 1287 conditionem
1518 1268 1598 1297 quae
1621 1259 1739 1289 caduca
1761 1265 1819 1297 est,
1848 1267 1877 1290 et
1901 1261 2012 1292 multis
2035 1263 2120 1293 cala—

1157 1296 1321 1328 mitatibus
1333 1298 1470 1330 obnoxia
1482 1300 1592 1331 fideles
1608 1308 1755 1340 oportere
1773 1303 1865 1333 novis
1884 1304 2020 1334 subinde
2035 1305 2118 1335 cala-

1156 1339 1319 1371 mitatibus
1333 1346 1364 1371 et
1377 1342 1608 1373 tentationibus
1621 1344 1772 1383 exerceri,
1795 1349 1827 1375 et
1839 1345 1967 1384 speciali
1981 1347 2118 1386 quadam

1155 1382 1278 1414 ratione
1302 1382 1412 1415 divino
1435 1385 1576 1416 examini
1599 1386 1721 1424 subiici,
1751 1392 1782 1417 et
1805 1397 1823 1417 a
1846 1387 1916 1419 Deo
1937 1388 2032 1419 modo
2055 1389 2119 1421 huc

1155 1424 1249 1455 modo
1279 1425 1355 1458 illuc
1378 1427 1564 1466 transferri,
1587 1439 1627 1459 ne
1650 1429 1773 1460 occulta
1800 1430 1937 1469 quadam
1970 1431 2119 1472 rubigine

1155 1468 1328 1506 vitientur,
1358 1469 1479 1509 sibique
1503 1475 1635 1502 veterno
1658 1472 1831 1511 perniciem
1855 1479 2032 1510 accersant,
2062 1475 2117 1506 sed

1154 1510 1261 1550 potius
1284 1512 1370 1543 omni
1395 1513 1512 1551 studio,
1535 1523 1612 1544 cura
1635 1520 1667 1544 et
1690 1514 1854 1554 diligentia
1878 1515 1911 1545 in
1933 1526 2045 1555 preces
2068 1518 2118 1548 in·

1154 1553 1317 1594 cumbam,
1341 1559 1372 1585 et
1391 1555 1430 1586 ad
1443 1555 1549 1586 Deum
1563 1556 1594 1586 in
1609 1557 1742 1587 summis
1754 1558 1910 1597 angustiis
1921 1559 2118 1599 confugiant.

1153 1595 1252 1627 Fides
1264 1597 1350 1627 enim
1366 1602 1477 1628 nostra
1492 1598 1584 1629 facile
1604 1599 1751 1639 rubigine
1768 1606 2036 1640 corrumperetur,
2055 1603 2118 1634 nisi

1153 1639 1250 1670 variis
1284 1639 1386 1671 modis
1420 1646 1643 1681 exerceretur,
1677 1648 1707 1672 et
1741 1653 1758 1673 a
1782 1642 1850 1673 Deo
1884 1643 2116 1683 exploraretur.

1152 1681 1262 1713 Rebus
1281 1682 1367 1713 enim
1388 1683 1570 1723 tranquillis
1588 1684 1805 1724 segnescimus
1829 1690 1860 1715 et
1881 1685 1913 1716 in
1936 1687 2117 1719 invocando

1152 1723 1222 1755 Deo
1246 1730 1425 1764 torpemus,
1456 1736 1555 1765 quum
1580 1731 1688 1757 tamen
1711 1727 1914 1767 praecipuam
1937 1728 2042 1760 cultus
2066 1730 2116 1761 sui

1152 1773 1274 1807 partem
1298 1768 1536 1800 invocationem
1560 1769 1650 1800 Deus
1673 1780 1691 1800 a
1713 1769 1804 1800 nobis
1828 1771 1979 1810 requirat.
1999 1774 2003 1776 ’
2020 1771 2116 1805 Hanc

1152 1810 1251 1850 igitur
1278 1810 1317 1841 ob
1340 1820 1469 1843 causam
1492 1811 1582 1843 Deus
1610 1822 1669 1843 nos
1699 1812 1796 1843 variis
1819 1813 2054 1845 calamitatibus
2083 1820 2116 1846 et

1151 1853 1380 1884 afflictionibus
1396 1855 1522 1892 excitat,
1546 1865 1585 1885 ne
1605 1865 1667 1885 non
1691 1854 1841 1895 modoseg
1856 1866 2032 1894 nescamus‚
2057 1857 2113 1888 sed

1151 1896 1246 1927 etiam
1281 1895 1411 1927 tandem
1434 1896 1589 1928 adversus
1619 1897 1723 1937 ipsum
1747 1899 1982 1930 contumaciter
2003 1899 2112 1931 insur-

1151 1949 1275 1979 gamus.
1320 1939 1410 1970 Haec
1439 1939 1539 1980 igitur
1569 1940 1714 1979 exemplo
1743 1939 1879 1971 Davidis
1916 1941 2111 1981 meditanda,

1150 1982 1201 2012 cui
1232 1981 1306 2013 licet
1336 1992 1453 2022 magna
1483 1986 1551 2013 erat
1578 1982 1684 2013 oblata
1707 1982 1849 2013 laetitiae
1873 1984 2005 2023 occasio,
2030 1986 2112 2025 quod

1150 2024 1189 2055 ab
1230 2024 1413 2055 imminenti
1454 2030 1555 2055 morte
1589 2025 1743 2056 liberatus
1777 2025 1908 2063 fuisset,
1951 2037 2016 2057 non
2051 2028 2114 2060 fuit

1151 2073 1257 2098 tamen
1286 2067 1341 2097 illa
1364 2066 1528 2105 diuturna,
1559 2067 1613 2098 scd
1638 2067 1847 2099 nihilominus
1871 2074 1979 2100 tamen
2002 2069 2114 2102 David

1149 2114 1346 2141 servatorem
1371 2120 1465 2141 suum
1489 2110 1595 2141 Deum
1619 2120 1796 2150 agnoscens
1820 2110 1867 2141 illi
1890 2111 2012 2151 gratias
2036 2114 2112 2154 egit,

1149 2163 1246 2192 seque
1269 2152 1411 2184 vicissim
1435 2152 1474 2183 ad
1499 2163 1584 2183 nova
1606 2153 1794 2189 certamina,
1817 2164 1982 2194 novasque
2006 2155 2113 2186 feren-

1149 2195 1206 2227 das
1225 2195 1419 2226 tentationes
1442 2195 1655 2235 praeparavit.
1690 2195 1735 2226 At
1758 2206 1835 2227 sane
1858 2196 1948 2227 illum
1971 2199 2114 2238 oportuit

1149 2238 1188 2269 ad
1212 2247 1294 2268 nova
1310 2237 1486 2268 certamina
1499 2248 1533 2269 se
1549 2247 1749 2278 praeparare,
1774 2249 1813 2269 ne
1828 2238 1978 2270 incautus
2001 2240 2112 2281 depre-

1149 2280 1355 2312 henderetur.
1380 2279 1597 2318 Quamobrem
1620 2281 1652 2310 in
1671 2280 1830 2311 desertum
1847 2281 2014 2322 En-gaddi
2037 2292 2112 2315 con—

1148 2322 1240 2363 fugit,
1265 2328 1296 2353 et
1315 2328 1467 2362 tanquam
1486 2323 1551 2354 fera
1572 2323 1728 2362 quaedam
1747 2324 1779 2353 in
1800 2324 1929 2363 rupium
1948 2324 2112 2364 speluncis

1150 2365 1250 2396 vitam
1280 2375 1371 2396 suam
1402 2366 1484 2396 tueri
1514 2371 1641 2396 coactus
1671 2370 1727 2396 est.
1781 2366 1893 2405 Neque
1924 2368 2009 2398 enim
2040 2369 2111 2400 sine

1149 2418 1244 2439 causa
1258 2407 1309 2438 hic
1327 2407 1444 2438 dicitur
1457 2408 1535 2439 Saul
1556 2407 1645 2438 illum
1666 2414 1880 2448 persequutus
1899 2410 1994 2440 etiam
2013 2420 2111 2450 super

1149 2450 1390 2490 abruptissimas
1403 2456 1511 2491 petras
1523 2460 1604 2490 quae
1622 2451 1696 2481 solis
1715 2451 1850 2482 ibicibus
1865 2453 1994 2491 perviae
2018 2460 2108 2484 sunt:

1148 2494 1266 2524 scimus
1285 2497 1391 2523 autem
1412 2494 1494 2523 feras
1517 2493 1587 2524 illas
1610 2502 1678 2524 esse
1702 2493 1891 2532 levissimas,
1915 2504 1997 2533 quae
2021 2495 2109 2526 velo-

1148 2536 1274 2567 cissime
1308 2545 1348 2565 ex
1382 2546 1460 2575 rupe
1493 2536 1526 2566 in
1557 2545 1670 2574 rupem
1703 2535 1866 2567 desiliunt.
1916 2537 1967 2567 Ex
1994 2537 2109 2577 quibus

1148 2582 1280 2618 apparet
1313 2577 1344 2607 in
1379 2588 1459 2617 quas
1492 2578 1657 2618 angustias
1691 2577 1797 2609 David
1832 2579 1980 2610 redactus
2014 2588 2109 2621 esset,

1148 2622 1201 2660 qui
1222 2622 1253 2651 in
1277 2619 1464 2659 speluncam
1488 2620 1576 2651 illam
1601 2620 1717 2651 deserti
1741 2620 1930 2661 confugiens
1953 2622 2015 2653 fuit
2037 2627 2112 2654 tan-

1914 2672 1947 2698 31
