2551 3044
222 216 283 246 645

222 310 263 340 tis
296 309 438 345 indutus,
458 314 558 346 esset,
590 311 623 339 et.
655 306 772 346 aliquis
803 316 820 337 e
849 304 941 344 plebe
974 304 1024 334 vel
1054 303 1195 334 rusticus

222 351 319 382 homo
342 350 516 387 videretur,
550 354 584 381 ut
613 349 684 389 quis
713 347 768 378 ille
791 352 875 379 esset
899 346 1054 386 suspicari
1080 345 1196 376 mulier

224 404 291 424 non
322 393 480 433 potuerit:
510 392 565 423 sed
597 402 637 423 ex
668 394 737 421 arte
767 400 825 421 sua
856 389 1007 420 invocato
1039 388 1195 419 daemone

226 436 358 467 tandem
382 435 499 467 viderit
524 439 554 465 et
577 433 746 474 agnoverit
769 432 886 472 spiritu
906 430 1046 471 quodam
1071 430 1195 461 divina-

227 479 334 515 tionis,
366 477 449 518 quod
474 486 587 508 sensus
611 475 712 515 ipsius
741 474 907 514 percipere
938 483 1003 504 non
1034 478 1194 513 poterant.

224 520 288 552 Hic
312 529 390 551 vero
414 519 535 550 multae
557 518 709 549 oriuntur
732 517 947 557 quaestiones,
980 520 1012 546 et
1042 515 1194 555 inprimis

225 573 266 594 an
291 562 435 593 diabolus
458 571 567 592 rorum
591 561 775 591 futurarum
801 570 870 590 eam
897 558 1015 589 habeat
1037 557 1192 598 cognitio-

226 615 309 642 nem,
342 609 376 635 ut
398 604 499 643 possit
521 613 575 634 eas
605 602 771 633 revelare:
803 602 954 640 deinceps
985 600 1071 631 enim
1104 599 1193 630 vide-

224 647 329 678 bimus
363 652 531 677 evocatum
567 645 665 676 istum
707 654 786 675 sane
827 644 931 675 velem
974 643 1191 683 imaginarum

224 688 322 720 fuisse
335 687 375 729 κ),
399 687 429 718 id
453 692 501 719 est
513 692 678 727 spectrum
703 686 905 726 quodistum
920 685 1023 717 velem
1045 684 1191 722 referret,

225 738 258 762 ut
282 731 320 761 de
343 730 551 770 interrogatis
574 733 683 770 posset
707 729 913 768 respondere.
960 728 1076 767 Itaque
1095 727 1190 758 multi

223 773 412 805 existimant
440 783 503 803 000
533 782 624 812 posse
656 771 799 803 diabolos
833 781 915 811 quae
944 771 1036 801 nobis
1068 769 1192 801 occulta

223 821 299 847 suut
318 825 520 856 cognoscere.
567 814 617 845 Ad
641 824 737 853 quam
762 815 983 854 quaestionem
1015 813 1079 843 iam
1111 812 1191 843 alias

223 857 462 898 respondimus,
493 861 526 888 et
556 857 738 892 docuimus,
777 856 914 887 stultum
949 865 1019 886 esse
1055 854 1190 886 diabolis

224 900 401 931 attribuere
424 899 591 931 scientiam
616 909 724 929 rerum
749 898 946 937 futurarum,
975 907 1057 938 quae
1080 898 1114 928 in
1138 907 1189 928 ar-

223 953 303 974 cano
333 942 395 973 Dei
424 942 555 973 consilio
589 942 813 973 continentur:
849 941 903 972 sed
939 941 964 971 si
1000 940 1038 971 de
1072 945 1191 970 natura

224 985 380 1016 diabolica
403 984 595 1024 quaerimus
610 990 734 1014 certum
766 994 836 1015 esse
859 983 932 1014 illos
955 983 1052 1023 longa
1082 992 1191 1013 rerum

223 1027 425 1067 experientia
447 1026 575 1057 edoctos
599 1027 700 1057 multa
724 1025 837 1057 fraude
860 1025 990 1064 habere,
1015 1025 1132 1065 quibus
1151 1025 1189 1055 ad

221 1069 342 1100 malum
372 1079 430 1100 nos
459 1069 676 1108 impellentes,
707 1079 806 1108 quum
845 1069 910 1099 sint
941 1068 1075 1108 spiritus
1098 1067 1189 1105 aerii,

221 1122 314 1152 posse
337 1111 408 1142 illos
431 1111 534 1142 multa
557 1111 639 1143 scire
663 1121 744 1151 quae
758 1122 816 1142 nos
835 1111 916 1142 scire
929 1121 993 1141 non
1007 1120 1190 1150 possumus,

223 1159 256 1185 et
286 1158 462 1194 praeterea,
491 1153 577 1193 quod
606 1154 639 1184 in
671 1154 731 1185 hac
762 1154 950 1194 quaestione
981 1153 1190 1193 praecipuum

221 1202 280 1234 est,
302 1196 408 1227 Deum
431 1196 605 1235 aliquando
628 1196 735 1227 facere
759 1196 884 1227 diabolo
914 1200 1108 1236 potestatem
1139 1205 1191 1226 res

222 1238 362 1271 occultas
381 1239 474 1270 nobis
485 1239 654 1269 revelandi
666 1249 749 1278 quae
762 1249 780 1269 a
793 1239 936 1269 Domino
948 1238 1189 1276 intellexerunt,

221 1281 300 1313 adeo
323 1286 360 1312 ut
381 1291 447 1312 non
471 1285 598 1312 tantum
623 1291 681 1312 nos
704 1281 738 1312 in
762 1291 906 1312 errorem
930 1281 1097 1318 inducant,
1132 1280 1189 1311 sed

220 1324 318 1354 etiam
353 1323 419 1354 suis
459 1323 664 1355 illusionibus
704 1324 749 1355 ita
788 1324 949 1355 fascinent
984 1328 1019 1354 ut
1059 1333 1188 1354 omnem

219 1370 361 1397 mentem
384 1366 534 1406 eripiant.
574 1366 629 1398 Sic
657 1367 743 1397 enim
767 1366 889 1397 Paulus
919 1366 1068 1397 homines
1097 1365 1188 1397 docet

220 1419 239 1440 a
260 1408 330 1440 Deo
353 1408 472 1448 puniri,
504 1414 540 1439 ut
562 1409 718 1440 immittat
739 1409 819 1449 ipsis
842 1409 992 1449 spiritum
1015 1408 1133 1439 erroris
1156 1412 1188 1439 et

219 1451 393 1483 efficaciam
423 1451 458 1481 in
489 1461 543 1483 eos
572 1451 626 1491 qui
654 1451 790 1482 Domini
820 1452 956 1482 verbum
986 1455 1187 1490 contempse—

219 1498 304 1525 runt.
350 1493 438 1525 Hine
468 1498 559 1525 tanta
588 1494 622 1524 in
652 1495 821 1525 ecclesiam
859 1494 1023 1534 corruptio
1058 1494 1187 1525 invecta

220 1540 279 1575 est,
307 1540 345 1566 ut
374 1536 579 1576 evangelium
610 1536 779 1568 audientes
814 1541 925 1568 tamen
956 1539 1186 1567 excaecentur:

219 1578 319 1610 cuius·
333 1579 491 1609 rationem
516 1579 609 1610 docet
622 1579 756 1617 Paulus,
781 1579 867 1619 quod
881 1579 944 1610 Dei
956 1579 1077 1610 veritas
1101 1578 1188 1610 lucet

219 1620 347 1661 quidem
378 1622 410 1651 in
441 1621 623 1662 evangelio,
654 1626 686 1653 et
717 1631 828 1654 caecos
858 1622 1014 1653 illustrat:
1042 1620 1097 1652 sed
1132 1631 1186 1653 eos

219 1669 327 1694 tamen
352 1663 406 1703 qui
428 1664 633 1705 evangelium
658 1664 808 1696 reiiciunt
830 1665 865 1695 in
889 1664 1043 1696 caecitate
1055 1673 1186 1695 manere

219 1706 307 1744 sinit,
331 1705 416 1746 quod
440 1705 585 1738 diabolus
607 1707 695 1747 ipsos
707 1711 946 1739 excaecaveret.
980 1707 1068 1738 Sane
1091 1707 1186 1738 multi

219 1748 304 1780 ultro
326 1748 433 1779 oculos
457 1749 611 1780 claudunt
634 1760 675 1781 ne
697 1750 818 1781 bonum
843 1760 861 1781 a
883 1750 969 1781 malo
989 1749 1185 1788 discernant,

219 1801 320 1831 quum
343 1790 433 1822 Deus
458 1791 498 1822 ad
521 1802 617 1823 suum
640 1792 764 1823 cultum
795 1798 826 1823 et
850 1792 1069 1824 obedientiam
1097 1792 1185 1832 ipsos

217 1838 356 1871 revocat,
380 1833 514 1874 ideoque
537 1835 594 1865 tali
617 1835 764 1866 mercede
788 1839 865 1866 sunt
884 1835 1074 1875 dignissimi,
1099 1834 1185 1874 quod

218 1875 311 1906 Deus
344 1876 520 1908 efficaciam
554 1879 672 1909 erroris
706 1877 832 1908 diabolo
866 1877 1029 1909 concedat.
1083 1877 1185 1908 Porro

216 1928 318 1958 quum
331 1919 496 1959 apostolus
509 1920 640 1951 vocibus
652 1920 722 1952 istis
736 1921 847 1958 utitur,
861 1921 1031 1958 efficaciae,
1054 1921 1184 1959 erroris,

218 1960 281 1992 duo
314 1961 546 2001 complectitur,
577 1973 694 2003 nempe
722 1963 830 1994 Deum
860 1963 964 1994 facere
992 1966 1185 2003 potestatem

218 2002 344 2034 diabolo
371 2013 430 2034 nos
457 2004 607 2044 fallendi,
636 2011 667 2036 et
699 2006 886 2045 permittere
915 2011 951 2036 ut
980 2005 1104 2037 revelet
1134 2016 1184 2037 res

217 2045 399 2086 incognitas
422 2056 521 2086 eaque
545 2048 671 2079 ratione
694 2058 808 2079 sensus
832 2052 957 2079 nostros
970 2048 1016 2080 sic
1033 2048 1184 2088 obstupe—

217 2088 321 2125 faciat‚
350 2094 386 2119 ut
408 2089 537 2120 nullum
567 2090 706 2130 amplius
737 2090 813 2121 boni
841 2095 873 2122 et
901 2091 979 2122 mali
1010 2091 1183 2123 discrimen

216 2129 402 2168 habeamus,
425 2138 458 2162 et
480 2137 635 2172 tanquam
665 2133 804 2164 miserae
833 2133 954 2165 bestiae
983 2134 1116 2165 naribus
1144 2133 1184 2164 ad

217 2171 321 2212 ipsius
344 2173 512 2205 libidinem
536 2175 715 2207 trahamur.
761 2176 850 2206 Talis
873 2176 935 2207 fuit
957 2176 1020 2207 ista
1043 2176 1184 2217 cognitio

218 2214 364 2246 mulieris
393 2216 461 2247 viso
491 2217 548 2249 illo
576 2217 884 2257 pseudo-Samuele
913 2218 1049 2250 diabolo.
1103 2218 1183 2249 Inde

219 2266 300 2304 ergo·
319 2256 479 2304 diseamus
510 2270 574 2291 non
604 2265 757 2301 appetere
787 2261 851 2292 nisi
882 2261 967 2301 qued
991 2262 1111 2293 bonum
1135 2266 1183 2293 est

218 2304 250 2330 et
281 2299 420 2338 licitum,
458 2305 490 2332 et
519 2302 625 2334 nullas
655 2305 798 2335 rationes
828 2314 982 2343 quaerere
1011 2304 1075 2336 nisi
1103 2314 1183 2344 quas

218 2340 310 2372 Deus
341 2341 465 2389 dederit
492 2349 525 2375 et
555 2345 652 2376 verbo
683 2357 740 2377 suo
771 2346 967 2386 approbarit.
1021 2347 1116 2384 Nam,
1148 2352 1183 2378 ut

219 2388 295 2414 ante
318 2383 466 2422 diximus,
491 2390 556 2418 tam
579 2387 661 2419 altas
684 2388 807 2420 radices
838 2390 905 2429 egit
933 2390 967 2420 in
997 2389 1182 2421 hominibus

219 2425 275 2473 illa
297 2426 458 2466 cupiditas
488 2439 538 2460 res
567 2429 696 2462 illicitas
726 2431 946 2471 cognoscendi,
978 2436 1014 2464 ut
1044 2432 1183 2463 libenter

218 2478 306 2508 1psas
341 2468 451 2507 nubes,
485 2474 658 2504 scrutaturi
691 2473 767 2514 quid
802 2475 835 2505 in
870 2475 957 2506 coelo
989 2478 1020 2506 et
1052 2475 1086 2505 in
1120 2475 1182 2506 alio

221 2612 225 2617 .
306 2578 334 2610 *)
352 2580 432 2604 Anm.
472 2579 571 2619 Tettius
588 2582 683 2609 misere
706 2588 849 2618 corruptus
868 2587 907 2612 sic
925 2586 1110 2613 emendandus
1128 2590 1181 2616 est:

218 2617 300 2637 istum
327 2613 478 2639 Samuelem
502 2616 688 2648 imaginarium
706 2618 795 2652 fuisse,
822 2620 849 2645 id
874 2623 923 2652 est,
948 2624 1084 2654 spectrum
1110 2622 1182 2654 quod

219 2646 370 2672 Samuelem
388 2647 509 2674 referret.

843 211 891 242 IN
914 211 940 243 Ι.
965 211 1053 242 LIB.
1077 210 1277 242 SAMUEL.
1302 210 1399 243 OAI’.
1432 213 1596 244 XXVIII.

2164 217 2225 247 (346

1249 304 1371 335 mundo
1385 312 1527 346 geratur,
1548 307 1804 338 conscenderint.
1831 307 1924 347 Quae
1936 309 2115 349 curiositas,
2134 318 2218 339 com-

1248 347 1407 385 pescenda
1430 354 1479 378 cst
1502 355 1533 379 et
1557 359 1652 379 omne
1665 350 1809 381 studium
1824 356 1968 381 nostrum
1988 351 2026 381 ad
2053 362 2103 382 res
2117 352 2216 383 bonas

1248 394 1277 418 et
1302 389 1399 420 utiles
1423 390 1514 420 nobis
1538 391 1765 431 applicandum
1791 399 1848 429 est,
1871 399 1907 423 ut
1930 404 1988 423 nos
2011 394 2134 425 Paulus
2159 394 2213 424 ad-

1248 436 1358 461 monet
1381 438 1411 462 et
1436 432 1593 464 hortatur.
1627 434 1755 465 Scimus
1779 441 1896 469 autem,
1921 436 2075 475 quidquid
2101 436 2139 467 ad
2165 446 2215 466 sa-

1247 474 1347 504 lutem
1372 479 1403 505 et
1427 475 1465 505 ad
1491 477 1672 506 animarum
1699 478 1842 517 regimen
1872 478 2041 518 spirituale
2066 484 2113 509 est
2138 478 2215 510 utile

1247 517 1405 547 contineri
1431 517 1463 547 in
1488 518 1566 557 lege,
1591 519 1758 558 prophetis
1781 526 1811 549 ct
1831 521 2010 561 evangelio.
2042 520 2157 561 Itaque
2177 521 2210 551 in

1246 558 1316 589 istis
1339 560 1606 599 acquiescendum
1631 567 1688 597 est,
1722 562 1872 602 Deusqne
1902 564 1985 593 serio
2009 563 2213 594 invocandus

1248 604 1282 630 ut
1305 601 1444 632 illustret
1468 613 1525 632 nos
1549 609 1659 633 sancto
1685 615 1743 635 suo
1766 605 1891 644 spiritu,
1916 615 1978 645 quo
2003 605 2083 636 duce
2101 606 2139 636 ad
2155 616 2212 636 vo-

1246 643 1382 673 luntatis
1406 644 1506 683 ipsius
1537 646 1685 676 notitiam
1710 647 1887 683 veniamus,
1920 658 2016 687 quam
2040 658 2131 679 sacro
2155 658 2213 679 suo

1246 685 1343 716 verbo
1364 687 1443 716 satis
1473 687 1635 726 patefacit,
1668 694 1699 718 et
1731 690 1775 719 ita
1799 691 1896 720 vitam
1926 690 2146 728 instituamus,
2177 694 2214 721 ut

1245 727 1400 768 quidquid
1432 730 1510 759 utile
1541 735 1572 760 et
1604 732 1818 762 necessarium
1856 738 1921 762 tarn
1956 733 2080 772 corpori
2114 742 2210 773 quam

1246 771 1375 801 animae
1398 771 1496 801 fucrit
1519 771 1550 802 in
1576 772 1644 812 ipso
1668 775 1841 804 consistere
1865 775 2014 812 sciamus,
2040 775 2211 815 Deumque

1245 823 1414 853 precemur
1448 820 1484 844 ut
1519 815 1550 844 in
1591 825 1649 845 sua
1683 817 1817 855 quisque
1851 818 2020 848 vacatione
2054 817 2211 858 fungatur

1244 856 1357 893 officio,
1382 861 1414 886 et
1437 856 1469 886 in
1494 857 1564 896 ipso
1588 858 1654 887 solo
1677 859 1874 897 acquiescat:
1907 859 1966 890 hoc
1990 860 2091 900 igitur
2113 863 2212 900 caput

1244 903 1293 929 est
1316 899 1421 929 omnis
1445 899 1607 930 humanae
1631 901 1820 940 sapientiae,
1844 901 1925 932 nihil
1947 903 2027 933 scire
2042 902 2123 932 velle
2143 902 2210 933 nisi

1244 940 1331 980 quod
1364 941 1453 972 Deus
1485 941 1586 979 deret7
1618 948 1649 972 et
1680 943 1765 982 quod
1795 943 1833 974 ad
1858 945 2040 975 animarum
2063 945 2209 985 regimen

1244 983 1421 1023 spirituale,
1446 988 1477 1014 et
1497 984 1536 1014 ad
1551 984 1651 1015 vitam
1672 992 1873 1025 praesentem
1897 986 2014 1017 bonum
2029 997 2098 1017 esse
2112 987 2210 1018 verbo

1244 1036 1301 1056 suo
1338 1026 1498 1066 patefecit.
1544 1026 1699 1058 Rationes
1734 1034 1841 1059 autem
1878 1029 2094 1060 instituendae
2124 1031 2211 1061 vitae

1242 1078 1306 1098 non
1321 1078 1377 1108 per
1389 1068 1503 1109 longas
1517 1070 1668 1109 ambages
1686 1070 1888 1110 quaerendae
1901 1077 1986 1108 sunt,
2011 1076 2046 1102 ut
2067 1072 2209 1112 loquitur

1243 1111 1352 1142 Moses
1376 1121 1475 1150 quum
1499 1111 1561 1142 ait:
1592 1112 1641 1142 Ne
1664 1123 1788 1151 quaere,
1817 1114 1887 1152 quis
1911 1113 2086 1145 adscendet
2109 1125 2208 1155 super

1244 1153 1354 1191 nubes,
1379 1154 1450 1193 quis
1473 1164 1563 1184 mare
1576 1155 1740 1185 tranabit‘?
1766 1155 1897 1186 verbum
1913 1157 1973 1187 Dei
1998 1158 2099 1187 estin
2114 1157 2209 1188 corde

1244 1201 1308 1227 tuo.
1333 1196 1551 1235 Quamobrem
1569 1207 1666 1236 quum
1680 1197 1769 1228 Deus
1783 1198 1984 1229 voluntatem
2008 1210 2102 1230 suam
2123 1206 2211 1240 pate-

1243 1239 1329 1276 fecit,
1358 1239 1538 1270 cavendum
1563 1250 1765 1279 summopere
1789 1246 1845 1276 est,
1876 1252 1916 1271 ne
1939 1247 2032 1272 extra
2055 1242 2143 1274 illam
2167 1244 2211 1274 fe-

1243 1291 1370 1312 ramur:
1394 1281 1449 1312 sed
1473 1282 1642 1313 coercendi
1668 1293 1779 1313 omnes
1799 1284 1900 1314 nostri
1914 1284 2086 1324 appetitus,
2110 1296 2151 1317 ne
2174 1286 2208 1316 in

1243 1324 1327 1355 hanc
1352 1324 1403 1355 vel
1425 1324 1513 1355 illam
1538 1330 1661 1364 partem
1686 1324 1908 1356 deflectamus:
1933 1327 1987 1357 sed
2020 1327 2052 1357 10
2077 1326 2209 1360 divinae

1243 1367 1421 1397 voluntatis
1438 1366 1544 1398 studio
1563 1373 1593 1397 et
1607 1367 1758 1407 obsequio
1772 1368 1988 1399 retineamus:
2014 1380 2049 1400 ac
2073 1371 2208 1410 proinde

1242 1410 1343 1440 variis
1366 1410 1528 1450 angustiis
1552 1414 1583 1440 et
1607 1409 1850 1441 difficultatibus
1875 1412 1999 1451 agit-ati,
2030 1422 2071 1442 ne
2095 1413 2127 1443 in
2153 1423 2208 1444 eas

1242 1452 1410 1492 angustias
1441 1463 1500 1484 nos
1531 1452 1739 1484 coniiciamus
1763 1464 1802 1483 ex
1833 1454 1948 1493 quibus
1979 1454 2089 1486 nullus
2113 1455 2208 1486 detur

1242 1495 1358 1526 exitus.
1383 1494 1508 1526 Verum
1533 1494 1619 1526 dicat
1642 1495 1773 1535 aliquis:
1798 1496 1915 1526 Nonne
1939 1497 2073 1528 scientia
2097 1508 2207 1529 rerum

1242 1537 1393 1577 quiddam
1426 1538 1597 1578 pulchrum
1622 1537 1693 1568 est?
1739 1538 1842 1574 Sane,
1873 1539 1927 1569 sed
1957 1540 2056 1570 etiam
2087 1541 2206 1572 scimus

1241 1579 1317 1620 quid
1340 1580 1388 1610 illi
1411 1580 1539 1611 mulieri
1562 1581 1744 1620 contigerit,
1775 1591 1848 1612 cum
1873 1591 1937 1620 qua
1959 1582 2076 1613 melius
2099 1588 2207 1615 actum

1241 1623 1356 1654 fuisset
1379 1624 1405 1654 si
1430 1623 1480 1655 vel
1505 1623 1589 1654 domi
1613 1623 1717 1654 colum
1748 1623 1913 1660 tenuisset,
1945 1630 2000 1654 aut
2024 1625 2152 1665 aliquod
2175 1626 2209 1656 in

1241 1666 1328 1706 agris
1351 1677 1431 1706 opus
1454 1665 1591 1703 fecisset,
1616 1676 1711 1705 quam
1733 1671 1801 1696 arte
1821 1665 1948 1704 diaboli,
1969 1672 2141 1706 praetextu
2160 1673 2210 1699 ta·

1240 1718 1315 1739 men
1346 1709 1487 1739 nominis
1518 1708 1590 1746 Dei,
1622 1719 1815 1748 cognoscere
1839 1719 1876 1739 ea
1906 1719 1986 1748 quae
2016 1710 2207 1750 peritissimi

1237 1752 1355 1791 quique
1377 1751 1524 1782 homines
1548 1761 1640 1781 nosse
1664 1761 1727 1781 non
1757 1755 1914 1790 poterant.
1955 1751 2020 1782 Sed
2045 1754 2206 1792 quomodo

1238 1793 1416 1834 cognovit?
1447 1793 1565 1824 diaboli
1590 1793 1799 1824 revelatione.
1845 1793 1932 1832 Quid
1963 1795 2007 1825 ita
2030 1796 2131 1826 vero?
2162 1807 2204 1828 an

1239 1841 1344 1877 potest
1367 1837 1512 1867 diabolus
1543 1842 1608 1866 tam
1633 1836 1756 1867 occulta
1779 1836 1946 1867 revelare?
1979 1836 2139 1877 Profecto,
2171 1844 2208 1871 ut

1238 1883 1313 1910 ante
1336 1879 1486 1915 diximus,
1510 1879 1563 1918 qui
1587 1889 1620 1909 se
1643 1879 1704 1918 ipsi
1727 1878 1902 1909 subiiciunt
1922 1879 2006 1910 hanc
2024 1881 2204 1913 mercedem

1238 1927 1421 1960 merentur,
1457 1928 1492 1952 ut
1522 1921 1622 1961 ipsius
1651 1921 1832 1961 praestigiis
1870 1926 1901 1952 et
1931 1921 2128 1955 elusionibus
2158 1925 2205 1957 sic

1238 1965 1383 2005 ipsorum
1408 1964 1492 1996 oculi
1516 1968 1697 2000 teneantur,
1722 1967 1757 1994 ut
1780 1963 1914 1994 videant
1937 1964 2022 2004 quod
2046 1976 2115 1997 esse
2139 1977 2203 1999 non

1238 2013 1353 2050 potest.

1324 2050 1479 2090 Sequitur
1503 2049 1634 2081 Saulem
1667 2048 1826 2079 nihildum
1860 2048 1988 2085 vidisse,
2018 2050 2074 2081 sed
2104 2052 2203 2084 inter-

1238 2104 1368 2135 rogasse
1392 2092 1495 2133 qualis
1514 2096 1598 2123 esset
1622 2092 1689 2121 eius
1714 2091 1817 2121 forma
1840 2092 1894 2130 qui
1914 2092 2122 2125 ascendisset.
2150 2095 2203 2127 Ex

1238 2147 1301 2177 quo
1324 2139 1457 2176 apparet
1480 2133 1640 2165 diabolum
1665 2133 1711 2164 sic
1735 2134 1984 2173 obstupefecisse
1999 2134 2108 2167 Saulis
2131 2148 2203 2169 sen-

1238 2190 1303 2218 sus,
1326 2183 1362 2210 ut
1385 2178 1539 2209 maiorem
1563 2176 1657 2207 fidem
1682 2176 1736 2207 isti
1754 2176 1909 2207 veneficio
1933 2181 1965 2207 et
1988 2177 2203 2212 incantationi

1237 2222 1414 2254 adhiberet.
1454 2220 1516 2251 Hic
1540 2218 1671 2259 quidam
1696 2218 1781 2249 acuti
1805 2222 1838 2249 et
1860 2219 1997 2250 subtiles
2020 2220 2123 2252 videri
2147 2234 2203 2254 vo-

1237 2265 1319 2303 lunt,
1348 2268 1379 2294 et
1401 2267 1568 2303 quaerunt,
1600 2261 1731 2300 quinam
1763 2261 1822 2292 hoc
1852 2262 1922 2292 fieri
1952 2264 2094 2301 potuerit
2117 2266 2201 2304 quod

1236 2308 1296 2339 sibi
1326 2306 1423 2338 nullis
1453 2304 1630 2336 rationibus
1661 2303 1848 2343 persuaderi
1877 2305 2054 2343 patiuntur,
2086 2311 2117 2336 et
2140 2307 2201 2338 sibi

1235 2350 1311 2382 solis
1342 2349 1488 2389 sapiunt,
1521 2351 1552 2378 et
1580 2346 1652 2386 plus
1682 2357 1715 2377 se
1746 2346 1819 2376 aliis
1850 2346 1960 2378 videre
1990 2347 2200 2389 arbitrantur,

1236 2392 1319 2424 nihil
1343 2392 1402 2422 nisi
1426 2390 1509 2430 quod
1534 2390 1614 2419 ratio
1638 2398 1695 2419 sua
1719 2388 1891 2419 dictaverit
1910 2389 2087 2421 credentes.
2112 2391 2200 2423 Sane

1236 2436 1298 2466 nisi
1322 2435 1479 2473 scriptura
1504 2432 1638 2468 diceret,
1671 2431 1931 2461 existimaremus
1963 2432 2031 2462 fieri
2056 2443 2120 2463 non
2144 2445 2198 2474 po-

1236 2479 1334 2509 tuisse
1365 2481 1399 2506 ut
1423 2475 1554 2507 Samuel
1589 2484 1628 2504 ex
1659 2474 1804 2513 sepulcro
1834 2480 2031 2512 evocaretur,
2063 2486 2201 2517 eumque

1236 2521 1291 2552 illa
1315 2519 1484 2559 agnoverit
1506 2527 1587 2557 quae
1608 2522 1810 2555 praesentem
1825 2516 1958 2546 Saulem
1972 2527 2036 2547 non
2049 2528 2199 2557 agnosce-

1236 2564 1298 2594 bat.
1323 2561 1386 2592 Sed
1412 2561 1471 2591 ista
1495 2564 1572 2591 sunt
1584 2559 1645 2589 Dei
1670 2559 1787 2589 iudicia
1804 2557 2002 2596 admiranda,
2026 2560 2059 2590 in
2083 2562 2199 2600 quibus

1236 2605 1384 2636 videmus
1400 2603 1510 2634 Deum
1533 2611 1705 2632 excaecare
1726 2612 1764 2632 ex
1789 2606 1880 2640 parte
1900 2601 2070 2632 homiuum
2089 2604 2200 2639 oculos

1236 2649 1290 2688 qui
1315 2657 1331 2677 a
1355 2657 1388 2677 se
1412 2645 1576 2682 recedunt,
1605 2649 1637 2674 et
1660 2644 1723 2674 alia
1747 2647 1880 2683 exparte
1903 2643 2014 2674 eodem
2039 2653 2201 2681 momento

1952 2694 2002 2719 41*
