2551 3044
134 198 196 229 405

800 195 847 225 IN
868 194 892 225 I.
918 194 1006 225 LIB.
1030 194 1228 226 SAMUEL.
1253 195 1347 226 (JAP.
1372 195 1467 228 XXI.

2059 197 2121 227 406

133 291 294 324 concludit
306 294 495 331 quaerentes
507 288 683 319 Dominum
697 298 761 317 non
776 287 878 318 minui
897 287 983 318 omni
1005 287 1095 318 bono.
1122 298 1125 311 ι
1151 288 1280 319 Psalmo
1302 290 1393 320 uobis
1412 290 1612 330 proponitur,
1636 291 1670 321 in
1694 302 1756 330 qua
1779 292 1942 321 intuemur
1966 298 2120 331 tanquam

133 335 231 375 Atqui
244 333 351 365 David
369 333 436 372 ipse
456 332 572 362 famem
589 340 703 369 passus
723 337 806 360 erat:
833 329 887 360 sed
913 336 1096 369 opportuno

135 387 278 417 tempore
300 375 390 406 Deus
418 375 464 405 1111
488 373 663 404 remedium
688 372 844 403 adversus
868 372 984 402 famem
1009 372 1095 402 exhi-
1122 403 1123 410 ,

135 421 261 452 buerat:
291 429 326 449 ac
356 416 488 457 proinde
518 421 615 455 negat
638 415 726 445 illam
750 415 849 446 fuisse
872 414 1094 454 indigentiam.
1121 418 1122 427 ¹

133 463 215 494 Nam
244 460 355 492 fideles
378 459 439 490 Dei
469 457 685 489 miserisordia
710 456 781 488 freti
806 468 973 497 nunquam
998 458 1095 488 rebus

133 503 319 536 necessariis
340 501 563 538 destituentur,
583 510 687 539 neque
699 500 788 531 Deus
808 500 894 540 ipsos
915 500 1095 531 laborantes

133 547 264 579 deseret.
298 544 409 584 Neque
435 553 508 574 vero
533 549 638 573 tamen
665 542 738 574 hinc
759 542 903 582 sequitur
928 542 989 573 Dei
1014 543 1095 573 filios

133 589 229 621 nullis
258 596 400 626 unquam
430 586 479 616 vel
510 585 737 616 afflictionibus
762 586 810 615 vel
836 586 927 622 fiune,
959 585 1009 615 vel
1034 585 1095 622 siti,

134 632 182 663 vel
202 635 300 667 aestu,
325 629 376 659 vel
396 628 514 668 frigore
534 627 746 659 exercendos:
772 627 826 658 sed
846 628 962 667 quibus
986 635 1094 658 tamen

130 675 206 706 satis
225 683 293 704 esse
316 671 410 702 debet
433 670 517 710 quod
541 677 618 701 sunt
641 671 673 700 in
688 670 821 701 Domini
847 671 947 701 tutela
969 678 1002 701 et
1025 680 1095 710 pro-

130 716 279 748 tectione:
310 712 579 754 quemadmodum
609 720 639 743 et
671 713 749 743 illud
775 715 933 753 propheta
956 718 1095 743 testatur

132 759 184 790 Ps.
214 758 271 789 37:
302 757 411 788 Iustos
441 756 536 787 famis
566 762 708 796 tempore
739 755 911 793 satiandos,
932 763 963 786 et
987 755 1094 786 Deum

132 812 262 832 manum
287 800 428 839 ipsorum
452 805 720 835 sustentaturum,
752 799 783 829 id
808 804 865 836 est,
889 798 997 829 Deum
1020 809 1095 830 suos

130 844 311 875 laborantes
334 847 366 872 et
388 842 476 872 omni
500 840 622 871 auxilio
645 841 786 872 humano
803 841 983 878 destitutos,
1005 846 1037 871 et
1060 842 1093 872 in

132 887 208 927 ipsis
242 885 353 916 mortis
387 884 531 915 faucibus
565 884 752 921 collocatos,
787 895 845 916 sua
880 885 1020 915 bonitate
1054 894 1093 914 ex

130 928 277 960 omnibus
307 927 398 958 malis
427 934 612 957 eruturum:
645 938 680 957 ac
705 927 779 957 licet
801 926 841 958 ad
860 927 988 966 aliquod
1013 932 1092 958 tem-

129 983 190 1012 pus
209 971 310 1012 pressi
330 969 487 1010 angustiis
505 970 634 1006 fuerint,
658 976 690 1000 et
702 969 793 1001 Deus
812 969 931 1000 oblitus
950 970 1094 1009 ipsorum

131 1015 285 1051 videat-ur,
308 1012 520 1043 nihilominus
543 1017 653 1043 tamen
672 1018 800 1052 praeter
820 1013 1093 1052 exspectationem

130 1065 161 1089 et
197 1067 284 1096 spem
315 1055 394 1095 ipsis
423 1054 619 1093 adfuturum,
655 1062 687 1086 et
717 1061 885 1095 paternam
915 1066 978 1095 qua
1008 1056 1094 1095 ipsos

131 1099 354 1140 complectitur
391 1097 653 1128 benevolentiam
684 1108 718 1128 re
747 1098 817 1138 ipsa
846 1098 1093 1138 patefacturum,

128 1147 198 1173 tum
228 1141 367 1172 maxime
390 1150 491 1180 quum
515 1140 659 1172 derelicti
683 1146 715 1172 et
738 1141 826 1172 omni
849 1140 972 1171 auxilio
997 1141 1092 1172 desti·
1119 1149 1120 1157 ³

129 1185 190 1216 tuti
214 1183 417 1216 videbuntur.

211 1227 283 1258 Hoc
304 1226 404 1266 igitur
419 1225 550 1256 Psalmo
573 1226 735 1257 Davidem
760 1227 967 1266 complexum
991 1231 1092 1258 totam

128 1280 203 1302 suae
222 1269 419 1300 liberationis
439 1268 607 1300 historiam
632 1269 796 1300 videmus:
822 1269 1092 1309 quemadmodum

127 1319 159 1344 et
188 1323 227 1344 ex
252 1313 289 1343 iis
311 1319 444 1351 apparet
468 1311 573 1342 verbis
595 1312 709 1351 quibus
732 1312 839 1343 Deum
864 1312 942 1343 dicit
965 1312 1091 1343 vultum

126 1355 258 1387 Domini
282 1365 350 1386 esse
373 1364 468 1394 super
499 1354 652 1386 facientes
676 1355 777 1385 mala:
808 1355 923 1395 quibus
946 1366 1009 1386 non
1034 1355 1093 1386 du·

126 1398 214 1429 bium
244 1401 292 1429 est
322 1397 398 1436 quin
424 1397 573 1437 Doegum
596 1403 708 1428 notare
733 1398 879 1429 voluerit.
925 1398 1009 1428 Nam
1033 1398 1092 1429 etsi

126 1443 282 1472 adversus
307 1439 454 1478 Doegum
487 1440 680 1479 peculiarem
704 1441 873 1472 Psalmum
904 1441 1090 1480 composuit,

126 1495 190 1515 non
220 1489 328 1514 tamen
359 1483 427 1513 sine
458 1493 554 1514 causa
585 1483 678 1521 dicit,
710 1483 835 1515 vultum
860 1484 992 1514 Domini
1023 1494 1092 1515 esse

126 1537 222 1567 super
244 1526 396 1557 facientes
420 1526 512 1564 mala,
536 1532 573 1556 ut
596 1526 744 1557 ostendat
766 1537 799 1557 se
823 1536 841 1556 a
857 1526 1001 1558 Domino
1025 1538 1091 1558 ser-

128 1574 238 1600 vatum
257 1570 289 1599 in
313 1568 426 1598 mediis
451 1569 601 1608 periculis
624 1569 781 1600 adversus
794 1569 898 1609 Doegi
922 1569 1091 1607 malitiam,

126 1623 145 1643 a
164 1622 226 1652 quo
244 1611 348 1642 fuerat
367 1611 453 1650 apud
478 1622 586 1652 regem
600 1611 733 1643 Saulem
758 1612 890 1643 delatus.
924 1612 1092 1643 Gloriatur

126 1655 225 1695 igitur
247 1652 355 1686 David
384 1653 423 1684 de
447 1655 509 1686 Dei
539 1654 693 1691 custodia,
718 1665 781 1685 non
806 1660 934 1685 tantum
958 1655 1091 1686 Domini

126 1697 234 1729 oculos
261 1697 411 1737 inquiens
437 1708 506 1728 esse
531 1707 626 1737 super
650 1698 762 1737 iustos,
793 1703 826 1728 et
849 1707 942 1728 aures
965 1698 1034 1728 eius
1057 1699 1090 1728 in

127 1750 236 1771 eorum
276 1749 386 1779 preces
427 1751 496 1771 esse
530 1740 689 1771 intentas:

126 1782 258 1814 Domini
288 1794 356 1814 esse
379 1783 526 1814 custodes
549 1783 584 1813 in
607 1783 742 1815 circuitu
766 1783 951 1814 timentium
975 1784 1092 1823 ipsum,
1117 1804 1118 1813 1

125 1832 156 1857 et
178 1826 320 1865 ipsorum
343 1827 486 1865 potentia
508 1827 645 1867 protegi,
669 1837 766 1865 quum
791 1826 830 1856 ad
853 1826 961 1857 Deum
984 1837 1091 1858 recur-

124 1873 210 1899 runt.
255 1867 361 1906 Quam
385 1870 579 1900 sententiam
603 1869 713 1900 multis
736 1869 866 1908 quidem
890 1869 997 1900 verbis
1022 1880 1092 1908 per-

124 1911 277 1951 sequitur,
308 1917 339 1942 et
367 1911 498 1943 tandem
528 1912 573 1942 ita
603 1911 777 1943 concludit:
811 1911 892 1950 Quis
924 1917 972 1943 est
995 1912 1091 1942 homo

124 1955 177 1993 qui
199 1954 270 1985 vult
288 1954 398 1990 vitam,
422 1960 455 1985 et
474 1955 527 1994 qui
551 1954 657 1995 diligit
680 1954 747 1986 dies
771 1954 879 1985 videre
903 1955 1025 1986 bonos?
1051 1955 1090 1985 ad

124 1995 233 2027 Deum
262 1997 295 2027 in
326 1997 511 2038 integritate
542 2003 574 2028 et
602 1998 786 2029 sinceritate
815 1997 997 2037 confugito:
1028 1997 1090 2028 lin-

125 2049 221 2079 guam
250 2050 341 2071 suam
369 2050 387 2071 a
417 2040 501 2071 malo
532 2040 707 2080 prohibeto,
739 2046 770 2071 et
792 2040 876 2071 labia
899 2050 958 2071 sua
981 2051 1021 2071 ne
1045 2041 1090 2071 lo-

126 2087 265 2121 quantur
295 2082 403 2113 dolum
434 2082 587 2114 divertite
618 2093 637 2113 a
659 2083 754 2122 malo,
786 2088 817 2113 et.
839 2082 936 2114 facito
960 2083 1089 2114 bonum.

127 2123 252 2162 Quibus
293 2126 398 2156 verbis
434 2126 584 2157 doeemur
617 2125 729 2157 fideles
763 2126 863 2157 variis
898 2125 962 2156 Dei
997 2127 1090 2157 casti-

127 2167 308 2206 gationibus
325 2168 479 2199 obnoxios
498 2179 579 2208 esse,
603 2179 621 2199 a
644 2169 759 2209 quibus
782 2179 846 2200 non
870 2178 1003 2209 prorsus
1026 2169 1091 2199 exi—

128 2215 269 2247 muntur,
298 2211 353 2242 sed
383 2218 489 2242 tamen
519 2217 700 2251 opportuno
730 2217 875 2251 tempore
898 2211 1088 2243 liberantur.

129 2250 316 2283 Necessaria
355 2254 497 2293 profecto
539 2255 631 2285 nobis
660 2255 720 2286 hoc
754 2261 899 2294 tempore
934 2254 1089 2293 doctrina,

129 2303 209 2332 quae
238 2294 413 2335 longiorem
443 2296 570 2336 quidem
600 2302 775 2328 tractatum
806 2303 1003 2335 mereretur,
1034 2297 1088 2328 sed

129 2336 218 2367 cuius
247 2342 354 2368 tamen
382 2349 507 2370 summa
531 2339 622 2371 nobis
645 2340 794 2377 sufficiet,
824 2345 860 2370 ut
885 2346 1088 2380 praesentem

129 2377 297 2410 historiam
336 2380 374 2411 ad
415 2388 557 2413 nostram
598 2383 843 2414 instructionem
881 2383 1088 2423 applicemus.

130 2419 288 2452 Davidem
307 2423 407 2462 igitur
425 2424 516 2456 nobis
538 2425 563 2456 si
586 2430 714 2457 tantum
738 2436 956 2465 proponamus
968 2425 1088 2457 Philis-

128 2468 273 2494 taeorum
292 2465 396 2497 minas
417 2467 605 2507 intuentem,
629 2479 647 2500 a
666 2469 783 2509 quibus
804 2474 969 2508 correptus
993 2473 1026 2499 et
1049 2469 1089 2500 ad

130 2515 238 2546 regem
268 2506 383 2539 ductus
413 2509 451 2539 ad
482 2517 616 2541 mortem
640 2511 874 2551 postulabatur,
897 2516 928 2542 et
951 2512 1088 2543 eundem

129 2559 245 2587 magno
276 2555 363 2581 metu
393 2552 585 2591 perculsum,
616 2554 695 2586 haec
722 2554 857 2585 historia
878 2555 995 2586 nostris
1018 2565 1087 2586 sen-

129 2590 217 2622 sibus
247 2591 339 2623 valde
369 2593 485 2634 frigida
512 2601 543 2626 et
566 2596 700 2628 ridicula
724 2597 893 2633 videbitur,
917 2597 971 2628 sed
996 2598 1024 2628 si
1047 2597 1087 2628 ad

128 2644 198 2664 eam
241 2634 417 2666 doctrinam
458 2638 709 2677 respexerimus,
751 2651 830 2680 quae
871 2649 968 2680 supra
1002 2640 1086 2671 dicto

732 1740 787 1771 sed
829 1741 926 1771 etiam
960 1740 1118 1781 angelos,

1122 380 1124 397 1

1151 331 1185 360 111
1208 332 1336 371 speculo
1350 332 1511 363 Davidem
1538 334 1612 364 hinc
1636 334 1763 373 quidem
1789 333 1828 363 dc
1855 333 1920 364 vita
1944 333 2117 373 desperau-

1152 379 1215 403 tem
1239 382 1271 404 et
1294 374 1332 405 ad
1358 382 1493 406 mortem
1518 376 1716 414 damnatum,
1749 375 1824 407 inde
1849 387 1922 407 vero
1946 376 1986 406 ad
2011 377 2119 408 Deum

1151 424 1383 456 assurgentem,
1418 429 1517 458 supra
1552 419 1651 449 iustos
1685 418 1885 459 vigilantem,
1920 425 1951 449 et
1977 425 2119 451 attentas

1152 469 1246 489 aures
1277 460 1450 490 habentem
1482 461 1520 491 ad
1547 472 1600 492 005
1624 462 1677 501 qui
1701 462 1740 492 ad
1763 462 1866 501 ipsius
1889 461 2045 492 auxilium
2070 462 2118 492 fu-

1150 502 1254 540 giunt,
1284 502 1344 532 Dei
1376 503 1612 542 provident-iam
1644 510 1676 535 et
1707 504 1882 535 bonitatem
1907 504 1981 535 totis
2004 506 2119 536 animis

1150 544 1369 583 suspiciemus.
1405 545 1570 585 Quidquid
1594 547 1691 586 igitur
1715 546 1821 578 David
1846 546 1978 577 humani
2004 558 2117 587 passus

1150 587 1248 616 estin
1268 588 1367 618 tantis
1386 588 1450 618 illis
1470 590 1637 628 augustiis,
1662 589 1740 620 adeo
1764 589 1891 629 quidem
1914 594 1949 620 ut
1969 591 2119 621 insanum

1149 634 1180 659 et
1193 629 1317 660 fatuum
1331 630 1484 661 simulare
1503 638 1630 662 coactus
1653 632 1702 668 sit,
1728 632 1766 662 ad
1783 632 1888 662 Deum
1913 640 2019 663 tamen
2045 644 2117 672 prc-

1149 671 1239 702 cibus
1274 672 1448 713 confugere
1482 674 1573 704 illum
1609 685 1672 705 non
1707 675 1867 705 destitisse
1899 682 2026 706 certum
2058 682 2116 706 cst.

1148 713 1248 744 Illum
1277 715 1406 753 quidem
1430 727 1507 747 sane
1531 727 1646 757 magno
1669 724 1756 747 metu
1783 718 1990 756 perterritum
2014 717 2114 750 fuisse

1149 767 1214 787 non
1248 756 1333 788 imus
1366 759 1503 790 infitias:
1534 770 1635 799 neque
1660 760 1744 790 enim
1771 760 1879 790 fideles
1902 766 1978 791 sunt
2001 771 2115 792 sensus

1150 799 1253 830 omnis
1288 807 1439 840 expertes
1474 807 1505 832 et
1537 802 1766 841 impassibiles,
1800 802 1854 833 sed
1889 803 2113 843 praesentibus

1149 842 1241 873 malis
1270 843 1456 874 afficiuntur
1487 850 1516 875 et
1549 851 1806 881 commoventur,
1844 850 1876 876 at
1908 856 1972 876 non
2003 851 2112 877 tantus

1148 884 1202 915 ille
1232 886 1327 916 timor
1358 886 1427 924 fuit,
1458 897 1475 917 a
1505 898 1567 926 quo
1592 887 1698 918 Deum
1721 888 1873 919 invocare
1896 889 1991 919 fuerit
2014 889 2111 928 impe-

1148 927 1243 958 ditus.
1269 928 1382 968 Neque
1402 929 1487 960 enim
1508 941 1541 960 se
1565 930 1664 960 aDeo
1688 941 1797 970 preces
1820 941 1895 962 suas
1918 930 2113 963 exaudiente

1147 970 1296 1001 adiutum
1320 971 1408 1011 dicit,
1432 972 1493 1003 nisi
1517 973 1667 1012 quoniam
1692 975 1757 1012 ipse
1781 979 1922 1004 mentem
1947 973 1985 1004 ad
2006 974 2112 1005 Deum

1148 1012 1276 1044 direxit.
1309 1014 1458 1046 Psalmus
1478 1015 1577 1055 igitur
1600 1016 1659 1046 iste
1684 1016 1774 1046 nobis
1798 1021 1846 1046 est
1865 1016 1967 1047 instar
1990 1017 2113 1056 speculi

1146 1056 1180 1086 in
1204 1066 1266 1095 quo
1290 1056 1351 1087 Dei
1373 1057 1548 1088 bonitatem
1572 1058 1765 1095 intueamur,
1798 1058 1957 1089 Davidem
1982 1070 2022 1090 ex
2044 1060 2114 1099 ipsa

1148 1104 1250 1129 morte
1280 1099 1463 1130 liberantis:
1494 1100 1577 1140 quod
1599 1111 1699 1140 quum
1722 1101 1849 1131 nullum
1873 1102 2033 1133 evasionis
2057 1113 2112 1142 ap-

1148 1147 1274 1180 pareret
1307 1143 1503 1181 periculum,
1535 1143 1569 1173 in
1603 1144 1707 1174 Deum
1743 1150 1851 1174 tamen
1886 1145 2002 1176 mentis
2036 1155 2113 1176 suae

1147 1186 1248 1215 aciem
1268 1184 1431 1222 direxerit,
1452 1192 1483 1216 et
1502 1186 1540 1217 ab
1560 1186 1670 1216 eodem
1690 1186 1847 1216 auxilium
1867 1188 2111 1227 exspectaverit.

1119 1245 1120 1248 =
1146 1226 1242 1265 Quod
1270 1228 1309 1258 ad
1332 1229 1465 1268 angelos
1489 1235 1593 1259 autem
1619 1229 1657 1259 de
1681 1229 1795 1268 quibus
1820 1230 1975 1268 propheta
1999 1231 2111 1260 memi-

1146 1270 1204 1307 nit,
1229 1280 1293 1300 non
1313 1276 1390 1301 sunt
1410 1271 1457 1301 illi
1478 1277 1593 1302 natura
1612 1273 1750 1311 quadam
1770 1282 1921 1311 corporea
1941 1279 1972 1303 et
1991 1273 2112 1303 visibili

1146 1312 1292 1352 praediti,
1323 1313 1378 1344 sed
1413 1314 1573 1353 spirituali
1601 1320 1635 1344 ut
1663 1314 1824 1354 corporeis
1855 1315 1954 1345 oculis
1978 1325 1996 1345 a
2019 1315 2111 1347 nobis

1145 1356 1287 1395 conspici
1329 1362 1504 1396 nequeant:
1547 1355 1602 1388 sed
1643 1362 1751 1387 tamen
1786 1357 1929 1396 ipsorum
1964 1358 2110 1389 custodia

1146 1397 1236 1429 nobis
1266 1399 1326 1429 hoc
1356 1399 1424 1430 loeo
1452 1400 1651 1439 proponitur,
1674 1406 1711 1430 ut
1733 1406 1819 1430 certo
1843 1401 1987 1439 persuasi
2010 1401 2110 1432 simus

1145 1452 1204 1472 nos
1243 1441 1317 1472 licet
1353 1443 1503 1482 miseros,
1539 1448 1569 1473 et
1599 1442 1740 1481 quotidie
1770 1443 1929 1474 sexcentis
1959 1444 2109 1483 periculis

1145 1485 1259 1515 mortis
1279 1485 1445 1521 obnoxios,
1465 1485 1583 1515 habere
1603 1492 1710 1515 tamen
1730 1485 1859 1524 angelos
1872 1485 1934 1516 Dei
1953 1486 2109 1525 custodes,

1145 1527 1200 1565 qui
1223 1527 1256 1557 in
1282 1533 1424 1558 nostram
1447 1528 1583 1559 salutem
1607 1534 1759 1567 perpetuo
1780 1528 1961 1568 invigilent.
1996 1528 2109 1568 Neque

1145 1580 1223 1600 vero
1243 1570 1294 1601 hic
1317 1570 1453 1610 singulis
1476 1570 1623 1601 fidelibus
1647 1581 1722 1601 suus
1745 1571 1880 1610 angelus
1903 1571 2107 1602 attribuitur:

1144 1612 1199 1643 sed
1223 1613 1255 1643 in
1279 1624 1396 1653 genere
1421 1614 1510 1644 Deus
1533 1624 1607 1644 suos
1631 1613 1761 1653 angelos
1784 1613 1822 1643 ad
1847 1624 1979 1644 suorum
2003 1621 2108 1645 eusto-

1146 1655 1228 1686 diam
1254 1656 1382 1687 mittere
1406 1656 1533 1687 dieitur.
1567 1656 1667 1687 Porro
1687 1656 1777 1686 Deus
1801 1656 1989 1696 angelorum
2013 1667 2109 1696 opera

1145 1708 1208 1728 non
1223 1698 1356 1739 indiget,
1375 1699 1465 1730 cuius
1484 1699 1552 1730 sola
1570 1700 1675 1729 virtus
1694 1698 1732 1728 ad
1746 1709 1875 1729 suorum
1890 1699 2108 1731 defensionem

1144 1741 1272 1772 sufficit.
1307 1742 1540 1773 Verumtamen
1561 1742 1734 1772 bonitatem
1759 1751 1849 1771 suam
1873 1752 1950 1782 erga
1974 1743 2108 1774 miseros

1145 1791 1176 1814 et
1206 1784 1342 1816 afflictos
1374 1785 1434 1816 hac
1464 1785 1587 1815 ratione
1616 1784 1719 1823 magis
1749 1793 1784 1814 ac
1814 1785 1917 1824 magis
1949 1785 2106 1824 patefacit.

1144 1826 1240 1865 Nam,
1271 1838 1399 1866 quaeso,
1429 1827 1522 1866 quale
1553 1835 1773 1867 quantumque
1805 1827 1932 1858 divinae
1957 1827 2108 1859 bonitatis

1145 1876 1193 1900 est
1227 1870 1462 1906 testimonium,
1503 1869 1587 1909 quod
1622 1869 1693 1899 vilis
1728 1875 1760 1899 et
1793 1869 1916 1900 abiecta
1949 1876 2107 1908 creatura,

1144 1912 1237 1952 inops
1268 1918 1300 1943 et
1328 1924 1438 1953 egena,
1470 1921 1573 1943 terrae
1604 1912 1739 1951 denique
1766 1911 1942 1943 lumbricus
1966 1919 1997 1943 et
2020 1924 2109 1944 mera

1144 1956 1308 1994 corruptio
1338 1967 1401 1986 non
1431 1966 1529 1986 unum
1563 1962 1687 1985 tantum
1718 1954 1869 1994 angelum
1896 1955 2010 1986 salutis
2032 1967 2108 1987 suae

1144 1998 1337 2034 ministrum,
1361 1998 1416 2029 sed
1436 1998 1542 2038 plures
1562 1999 1655 2028 etiam
1682 1997 1812 2027 habeat:
1836 1997 2107 2036 quamadmodum

1144 2048 1175 2071 et
1198 2042 1265 2080 ipsc
1281 2041 1440 2072 Dominus
1464 2048 1570 2071 noster
1595 2041 1685 2071 Iesus
1708 2039 1859 2071 Christus
1883 2051 1940 2071 nos
1963 2041 2049 2072 istud
2072 2042 2105 2073 in

1143 2083 1311 2123 evangelio
1355 2083 1454 2115 docet.
1526 2084 1596 2114 Non
1637 2082 1769 2113 dubium
1803 2082 1913 2122 itaque
1946 2089 1995 2114 est
2028 2085 2106 2124 quin

1144 2126 1251 2157 David
1275 2127 1369 2157 istam
1392 2126 1615 2157 liberationem
1641 2133 1703 2155 tam
1728 2125 1947 2162 excellentem,
1977 2131 2106 2166 tamque

1145 2170 1350 2209 magnificam
1385 2170 1573 2209 agnoverit,
1616 2169 1704 2207 quasi
1739 2168 1880 2207 ipsorum
1916 2169 2105 2209 angelorum

1144 2213 1320 2242 exercitum
1362 2212 1487 2242 misisse
1521 2212 1608 2242 Deus
1649 2211 1819 2241 videretur.
1878 2210 1989 2251 Neque
2030 2223 2105 2244 vero

1144 2254 1235 2285 nobis
1266 2254 1317 2286 hic
1347 2254 1454 2294 aliqua
1480 2254 1633 2294 fingenda
1656 2253 1780 2284 oculata
1803 2253 1990 2293 angelorum
2014 2255 2105 2294 visio,

1143 2308 1222 2337 quos
1251 2307 1316 2328 non
1347 2302 1395 2328 est
1418 2297 1591 2328 verisimile
1615 2295 1773 2339 Davidem
1798 2295 1899 2326 oculis
1922 2297 2106 2329 carnalibus

1143 2340 1404 2379 contemplatum,
1436 2340 1490 2371 sed
1514 2339 1627 2370 salutis
1650 2339 1808 2374 effectum,
1840 2349 1938 2378 quum
1961 2339 2106 2380 ipsorum

1143 2393 1201 2422 ope
1232 2388 1263 2413 et
1293 2383 1411 2413 auxilio
1441 2393 1474 2413 se
1506 2381 1685 2419 liberatum,
1719 2387 1749 2411 et
1780 2392 1819 2411 ex
1848 2381 1996 2413 manibus
2025 2383 2104 2414 Phi-

1142 2426 1328 2457 listaeornm
1359 2430 1486 2456 erutum
1510 2425 1658 2464 agnovit:
1689 2423 1786 2454 huius
1810 2423 2007 2455 liberationis
2030 2436 2101 2465 per-

1143 2475 1275 2508 petuum
1291 2474 1535 2499 monumentum
1548 2477 1616 2498 esse
1636 2468 1668 2497 in
1687 2466 1819 2498 ecclesia
1839 2466 1924 2498 hunc
1937 2467 2104 2500 Psalmum

1143 2511 1253 2541 voluit.
1298 2510 1516 2548 Quamobrem
1540 2520 1579 2540 ex
1602 2509 1661 2540 hoc
1685 2509 1752 2539 loco
1776 2509 1837 2539 Dei
1861 2509 2035 2541 bonitatem
2058 2511 2104 2544 sic

1142 2554 1257 2585 efferre
1288 2560 1318 2584 et
1340 2553 1524 2593 praedicare
1547 2552 1717 2588 discamus,
1749 2557 1784 2582 ut
1808 2562 1871 2582 nou
1895 2559 2021 2584 tantum
2046 2565 2104 2586 nos

1141 2596 1201 2636 ipsi
1233 2596 1380 2627 fiduciam
1411 2601 1552 2627 nostram
1575 2595 1609 2625 in
1633 2594 1702 2626 Deo
1724 2594 1922 2633 collocemus,
1949 2595 2004 2627 sed
2027 2597 2105 2630 alios

1142 2639 1238 2670 etiam
1258 2639 1296 2670 ad
1321 2638 1404 2669 idem
1429 2637 1605 2670 faciendam
1628 2637 1841 2668 cohortemur.
1877 2638 1960 2669 Nam
1985 2643 2015 2669 et
2036 2640 2104 2680 ipse

1850 2688 1899 2715 26*
