2551 3044
183 183 245 216 577

182 279 274 312 cibus
297 278 488 316 sollicitarit‚
512 284 542 309 et
565 278 680 317 quibus
705 277 809 308 verbis
833 288 905 308 eum
931 278 1148 317 compellarit,

183 322 347 361 iuquiens:
375 321 510 351 Domine
540 320 626 351 Deus
649 322 780 358 propter
809 330 915 350 nomen
943 323 1029 350 taum
1057 332 1147 351 screa

184 375 241 403 me,
265 366 291 395 et
312 364 496 403 fortitudine
520 365 573 393 tua
595 372 723 394 causam
745 372 845 392 meam
867 373 934 402 aye.
958 362 1046 393 Deus
1071 363 1148 394 audi

183 407 352 438 orationem
374 416 481 442 meam,
505 415 612 436 aurem
634 405 756 436 adverte
768 405 810 435 ad
827 415 981 436 sermones
993 405 1057 435 oris
1076 406 1146 436 mei.

186 450 272 481 Nam
284 449 377 480 ederi
396 449 560 487 insurywzt
580 447 612 477 ‘in
631 457 687 484 me,
707 449 734 477 et
755 447 878 478 violenti
890 451 1042 486 quaerunt
1053 448 1148 479 vitam

183 501 290 524 meam.
320 490 397 521 Ecce
419 490 508 520 Deus
530 489 657 520 adiuvat
679 499 740 520 me:
765 489 922 521 Dominus
944 493 987 520 est
1010 490 1148 521 intereos

182 535 238 574 qui
255 535 423 565 sustentant
441 533 535 562 vitam
552 542 660 563 meam.
685 531 828 562 Tandem
844 542 919 563 vero
931 532 1040 563 David
1055 544 1147 573 prae-

184 578 269 608 dicat
290 586 324 607 se
347 575 517 605 liberatum
532 575 664 605 Domini
689 575 820 614 virtute,
844 573 954 606 laudes
973 575 1035 614 ipsi
1054 582 1146 615 grato

183 620 290 650 animo
319 618 493 656 dicturum,
523 623 554 647 et
583 617 848 654 sacrificaturum,
881 628 945 647 non
976 628 1069 657 parce
1092 618 1147 648 sed

183 661 376 692 liberaliter:
407 667 438 691 et
461 661 494 690 in
517 660 580 690 ist-a
602 660 780 700 gratiarum
805 659 931 690 actione
960 670 1148 700 persevera·

182 710 292 735 turum
316 702 399 743 quod
419 703 480 733 Dei
500 703 676 733 bonitatem
696 702 885 742 degustarit,
909 713 928 733 a
951 713 1013 742 quo
1037 713 1148 742 preces

182 746 284 787 ipsius
308 745 478 776 exauditae
502 752 586 776 sunt.
633 744 839 785 Quapropter
870 755 970 784 quum
995 745 1147 776 ecclesiae

181 789 397 821 conditionem
421 798 491 819 eam
514 799 584 819 esse
606 798 688 827 quae
711 787 774 818 fuit
787 787 921 818 Davidis
940 788 1145 819 animadver-

182 838 305 871 temus,
342 841 456 870 nempe
487 830 628 861 hostium
658 830 758 870 copiis
789 829 930 870 undique
962 831 1080 870 premi,
1115 836 1146 861 ct

181 875 324 915 ipsorum
345 873 467 904 viribus
491 873 592 911 obrui,
616 878 647 904 et
670 872 795 903 nullum
819 873 920 913 ipsius
944 884 1013 904 esse
1038 873 1144 910 robur,

181 917 238 949 sed
262 916 350 948 velut
373 916 407 947 in
431 917 508 956 ipsis
531 915 673 947 hostium
696 915 843 946 faucibus
866 916 931 946 iam
954 916 1085 956 versari,
1111 922 1146 947 ut

181 960 244 991 iam
275 959 478 999 triumphum
508 959 601 998 quasi·
628 965 791 998 reportata
816 958 950 989 victoria
984 959 1022 989 de
1051 959 1144 990 nobis

180 1008 309 1041 canant,
333 1008 365 1033 et
387 1001 538 1041 superbia
560 1001 746 1038 efferantur,
771 1000 811 1031 ad
836 1000 943 1032 Deum
968 1012 1004 1032 eo
1029 1001 1143 1032 arden-

181 1046 246 1076 tius
269 1044 519 1084 confugiendum
542 1044 692 1074 sciamus.
738 1043 851 1083 Neque
882 1044 970 1074 enim
994 1044 1072 1075 satis
1096 1050 1144 1075 est

179 1087 220 1119 ad
244 1087 386 1119 hostium
410 1087 496 1118 vires
527 1086 732 1125 frangendas,
763 1097 878 1118 causae
902 1094 1030 1118 nostrae
1055 1086 1143 1117 boui-

180 1135 279 1161 tatem
310 1129 502 1170 praedicare,
533 1136 565 1160 et
591 1129 806 1160 innocentiam
840 1129 986 1160 laudare:
1021 1128 1076 1160 sed
1105 1129 1143 1160 ad

180 1173 287 1204 Deum
311 1173 417 1213 ipsum
440 1176 489 1203 est
512 1172 774 1212 confugiendum,
799 1182 839 1202 ne
862 1173 964 1212 ipsius
987 1172 1144 1203 auxilium

179 1215 411 1255 contempsisse
432 1214 609 1246 videamur.
633 1214 746 1254 Neque
770 1214 853 1245 istud
874 1215 1009 1255 lmpedit
1022 1216 1145 1255 quomi-

180 1269 241 1289 nus
259 1268 317 1289 nos
338 1258 408 1288 iure
423 1264 532 1288 nostro
552 1263 709 1295 tueamur,
733 1268 910 1297 eorumque
933 1258 1089 1288 malitiam
1114 1266 1146 1288 et

178 1300 429 1341 improbitatem,
454 1300 506 1340 qui
530 1301 600 1331 sine
623 1310 718 1331 eausa
737 1311 794 1330 1105
818 1306 1064 1340 persequuntur,
1089 1311 1144 1341 pa-

178 1344 243 1375 lam
257 1344 458 1383 detegamus:
484 1354 523 1374 ne
536 1342 730 1374 offendiculo
742 1343 844 1374 simus
856 1353 984 1374 causam
1000 1350 1144 1374 nostram
1172 1363 1173 1379 2

178 1386 410 1427 ignorantibus,
440 1393 471 1416 et
494 1397 533 1416 ne
556 1386 693 1416 inauditi
722 1386 851 1417 iniustis
881 1386 1006 1418 iudiciis
1035 1387 1144 1426 oppri-

178 1439 303 1460 namur.
324 1428 559 1459 Verumtamen
583 1429 617 1459 in
641 1429 754 1469 primis
774 1428 813 1458 ad
827 1428 934 1459 Deum
952 1429 1144 1469 confugien-

178 1472 254 1503 dum
286 1482 356 1502 esse
385 1472 540 1502 sciamus:
582 1482 836 1511 persuasumque
867 1471 1051 1509 habeamus,
1086 1483 1144 1503 nos

178 1557 331 1588 humanis
354 1556 467 1588 mediis
492 1556 637 1588 adiuvari
662 1568 763 1596 posse,
789 1565 820 1587 et
843 1568 883 1588 ex
907 1559 1051 1597 ipsorum
1075 1568 1143 1588 ma·

179 1600 277 1631 nibus
306 1599 445 1631 liberari.
490 1599 556 1630 Nos
585 1599 687 1639 igitur
716 1599 786 1630 Deo
822 1600 914 1631 nobis
942 1600 982 1630 ad
1012 1611 1046 1631 se
1077 1607 1142 1631 tam

178 1643 304 1674 facilem
333 1652 495 1673 accessum
520 1642 631 1678 dante,
661 1649 693 1673 et
716 1643 775 1674 hoc
801 1643 970 1683 privilegio
994 1643 1144 1681 donante,
1170 1641 1172 1660 ’-

179 1693 216 1716 ut
244 1685 348 1725 ipsum
384 1685 415 1715 in
446 1685 605 1725 angustiis
636 1685 783 1725 precibus
813 1685 988 1716 audeamus
1019 1697 1144 1726 urgere,

178 1727 329 1759 fiduciam
348 1728 381 1758 in
405 1727 474 1767 ipso
493 1728 648 1759 collocare
662 1728 833 1766 discamus,
857 1735 1042 1768 opportuno
1063 1736 1142 1759 tem-

177 1781 254 1810 pore
285 1771 384 1809 ipsius
415 1770 572 1801 auxilium
604 1778 838 1810 exspectantes.

176 1823 297 1853 genere
320 1813 436 1852 psalmi
460 1813 608 1844 doctrina
638 1814 728 1844 nobis
762 1813 963 1844 meditanda:
995 1820 1025 1845 et
1050 1825 1141 1854 prae-

177 1862 267 1886 terea
290 1865 383 1886 voces
415 1857 511 1886 etiam
547 1855 775 1894 observandae,
806 1867 905 1896 quum
934 1856 999 1888 Dei
1031 1857 1142 1888 memi-

177 1898 236 1935 nit,
258 1903 290 1928 et
308 1899 451 1929 nominis
465 1899 665 1929 fortitudinis
678 1909 713 1930 ac
727 1899 872 1930 veritatis
896 1899 1009 1939 ipsius.
1032 1899 1141 1930 Deum

176 1941 278 1981 igitur
296 1941 419 1972 oraturi
432 1940 571 1971 Davxdis
584 1942 740 1981 exemplo,
765 1942 827 1972 Dei
849 1943 971 1972 nomini
986 1949 1140 1982 tanquam

176 1983 290 2024 clypeo
320 1989 546 2024 protegamur:
577 1995 641 2014 non
671 1984 800 2024 quidem
831 1985 983 2016 simulate
1016 1992 1049 2015 ut
1073 1985 1140 2025 ple-

177 2037 312 2066 rumque
345 2026 448 2058 solent
482 2026 686 2067 hypocritae,
720 2027 776 2058 sed
805 2033 1047 2059 sacrosanctum
1077 2028 1140 2058 Dei

176 2078 294 2099 nomen
324 2080 396 2100 cum
428 2070 610 2100 reverentia
641 2075 844 2109 usurpantes,
874 2077 906 2101 et
931 2070 1081 2102 fiduciam
1106 2071 1139 2101 in

177 2111 246 2151 ipso
269 2111 469 2143 collocantes.
501 2112 644 2150 Quinam
668 2119 777 2143 autem
801 2112 831 2143 id
856 2113 922 2150 fiet,
947 2114 1009 2144 nisi
1033 2125 1139 2145 corum

177 2153 249 2184 Deo
272 2160 304 2185 et
326 2155 427 2194 ipsius
451 2155 575 2196 angelis
598 2155 717 2186 bonum
743 2155 963 2186 testimonium
988 2157 1135 2188 habueri*

177 2206 260 2234 mus,
282 2207 341 2228 nos
361 2203 486 2228 tant-um
506 2198 647 2228 intentos
660 2198 694 2228 in
712 2198 812 2237 ipsius
824 2198 946 2229 cultum
960 2206 991 2230 et
1004 2210 1139 2230 venera-

178 2238 313 2270 tionem:
340 2246 372 2270 et
401 2240 485 2271 velle
515 2251 588 2272 cum
618 2241 775 2280 proximis
803 2241 848 2272 ita
876 2242 1076 2279 conversari,
1105 2249 1139 2272 ut

178 2280 258 2311 nulli
288 2282 389 2314 simus
419 2283 657 2320 contumeliosi,
688 2294 747 2315 uec
777 2284 876 2314 etiam
907 2285 1027 2316 iniurii.
1072 2285 1138 2316 Nos

177 2323 276 2362 igitur
298 2324 358 2356 hac
383 2325 465 2357 bona
495 2326 693 2357 conscientia
723 2325 806 2362 freti,
836 2335 868 2357 et
898 2328 984 2357 omni
1009 2327 1139 2358 simula-

178 2366 264 2397 tione
292 2374 324 2397 et
351 2368 542 2399 erudelitate
574 2369 675 2406 vacui,
704 2368 813 2399 Deum
846 2370 1044 2407 invocantes,
1077 2370 1139 2400 Dei

178 2418 294 2440 nomeu
324 2421 524 2442 assumemus
554 2421 627 2441 cum
661 2411 794 2449 fiducia,
829 2420 862 2443 et
895 2413 949 2443 illo
984 2419 1138 2452 tanquam

178 2451 290 2491 clypeo
320 2458 351 2483 et
379 2454 618 2493 propugnaculo
647 2460 803 2494 tegemur.
846 2454 1007 2494 Quoniam
1032 2456 1139 2495 itaque

177 2492 267 2524 Deus
285 2501 334 2526 est
355 2497 566 2536 omnipotens,
590 2502 622 2527 et·
645 2508 702 2528 nos
725 2497 786 2528 sibi
809 2498 988 2538 coniunxit,
1019 2503 1051 2529 et
1074 2499 1141 2538 qui-

179 2538 251 2566 dem
271 2537 397 2569 viuculo
415 2539 633 2579 inseparabili,
657 2539 716 2571 hoc
736 2551 800 2571 uno
813 2548 983 2572 contentos
1001 2551 1070 2572 esse
1083 2552 1140 2572 nos
1166 2571 1167 2583 ἶ
1645 2583 1649 2587 .

1166 2585 1167 2614 J
1194 2594 1310 2614 nomen
1340 2582 1488 2613 omnibus
1520 2582 1668 2621 periculis
1697 2593 1904 2621 opponamus,
1936 2586 2155 2623 promissioni-

222 2588 240 2608 0
309 2603 315 2610 .

179 2588 220 2618 op
242 2585 307 2652 τιέξ
329 2622 365 2654 de
389 2623 450 2654 Dei
475 2624 604 2655 nomine
627 2636 690 2664 quo
714 2636 748 2656 se
759 2625 869 2657 David
893 2631 1004 2657 tuetur
1025 2627 1057 2657 in
1082 2625 1136 2657 ad-

279 2672 386 2700 Galvini
400 2681 493 2708 opera.
531 2675 589 2702 Vol.
606 2676 702 2702 XXX.

816 184 862 215 IN
890 185 912 216 l.
938 185 1025 216 LIB.
1051 185 1249 217 SAMUEL.
1275 188 1371 219 CAP.
1397 189 1528 222 XXVI.

887 1773 993 1811 Atque
1024 1772 1087 1802 ista
1110 1773 1141 1802 in
1169 1774 1170 1777 ’

2106 193 2168 224 578

1204 281 1305 311 versis
1338 282 1508 314 hactenus:
1545 285 1768 324 expendamus
1797 285 1892 316 etiam
1929 296 2039 318 vocem
2075 286 2166 318 illam

1201 323 1398 355 fortitudinis
1428 336 1523 364 quam
1555 326 1708 358 liberatus
1738 339 1754 358 c
1777 329 1928 367 periculis
1962 339 2024 359 non
2050 329 2106 360 abs
2131 340 2166 360 re

1202 372 1346 405 usurpat.
1392 367 1475 398 Nam
1500 376 1595 407 prout
1617 369 1655 400 ad
1688 370 1900 401 diffidentiam
1927 371 2088 411 proclives
2112 381 2166 403 su-

1203 418 1284 441 mus.
1307 409 1359 439 ubi
1384 411 1525 448 pericula
1538 412 1695 450 quaedam
1720 413 1887 453 ingruunt,
1912 414 2018 444 subito
2042 420 2166 445 terrore

1202 452 1411 490 concutimur,
1446 458 1477 482 et
1510 454 1599 492 quasi
1634 456 1730 486 rebus
1766 455 1939 495 deploratis
1974 456 2166 497 affligimur.

1203 492 1265 522 Sed
1298 493 1485 525 discendum
1515 497 1661 536 exemplo
1690 497 1826 529 Davidis
1852 498 1890 528 ad
1919 499 2025 529 Deum
2056 499 2164 531 oculos

1202 534 1400 573 attollendos,
1424 542 1458 567 ut
1484 539 1634 569 virtutem
1657 547 1689 570 et
1711 540 1934 571 fortitudinem
1961 542 2062 580 ipsius
2087 552 2165 582 erga

1202 588 1258 607 uos
1279 578 1544 610 inaestimabilem
1566 582 1855 621 apprehendamus,
1880 584 1962 614 etad
1977 594 2047 614 eam
2067 585 2165 616 variis

1201 620 1310 650 afflicti
1332 621 1560 652 tentationibus
1574 625 1814 663 confugiamus:
1834 637 1870 657 ac
1890 627 1963 657 licet
1978 628 2060 658 vires
2076 627 2165 659 Deus

1201 662 1383 702 suppeditet
1413 664 1451 694 ad
1484 664 1592 696 hostes
1622 667 1851 707 profligandos,
1883 669 2094 701 nihilominus
2124 669 2164 700 ad

1202 704 1356 736 virtutem
1381 706 1469 736 illam
1496 707 1563 744 Dei,
1596 708 1634 739 de
1657 720 1720 748 qua
1743 709 1850 741 David
1876 711 2026 751 loquitur,
2055 722 2164 743 assur·

1200 757 1331 786 gamus:
1356 759 1395 779 ne
1419 749 1445 779 si
1461 749 1580 781 viribus
1603 751 1721 790 pollere
1746 753 1838 784 nobis
1858 754 2026 784 videamur
2045 754 2164 794 quibus

1200 788 1395 821 adversariis
1426 792 1602 823 resistendo
1635 804 1725 833 pares
1763 795 1880 832 simus,
1915 796 2018 827 divini
2050 797 2165 828 auxilii

1200 832 1405 864 immemores
1439 836 1623 874 arrogantia
1657 844 1767 868 nostra
1802 848 1986 877 pereamus,
2021 839 2164 879 quando-

1201 874 1329 913 quidem
1353 876 1444 906 obliti
1467 877 1622 909 fuerimus
1647 880 1860 911 invocationis
1881 881 1983 912 divini
2009 882 2165 919 nominis,

1200 927 1280 956 quac
1301 918 1395 949 unica
1408 919 1490 949 ratio
1505 926 1553 951 est
1567 921 1716 953 victoriae
1729 922 1930 954 obtinendae.
1956 923 2163 964 Quapropter

1199 960 1267 990 sive
1291 961 1389 1000 copiis
1413 969 1444 992 et
1464 962 1584 993 viribus
1608 964 1755 996 instructi
1780 976 1871 1004 pares
1891 967 1992 998 simus
2019 967 2165 999 hostibus

1199 1003 1385 1040 resistendo,
1410 1004 1478 1034 sive
1501 1005 1613 1036 mediis
1637 1008 1784 1038 omnibus
1809 1008 1964 1045 destituti,
1990 1009 2096 1040 Deum
2116 1011 2166 1041 in-

1200 1055 1313 1076 vocare
1344 1045 1514 1082 discamus,
1546 1056 1577 1078 et
1607 1048 1794 1081 ardentibus
1820 1052 1901 1081 votis
1931 1051 2107 1084 sollicitare
2133 1060 2167 1083 ut

1199 1088 1355 1119 virtutem
1376 1100 1466 1119 suam
1487 1099 1519 1120 et
1538 1091 1788 1123 misericordiam
1809 1102 1936 1124 exserat
1957 1095 1989 1124 in
2011 1095 2103 1126 nobis
2117 1102 2165 1126 tu-

1200 1129 1306 1161 tandis
1330 1139 1361 1162 et
1384 1133 1597 1172 protegendis,
1621 1141 1651 1164 et
1675 1146 1708 1165 re
1731 1136 1799 1174 ipsa
1813 1137 1990 1168 sentiamus
2003 1138 2042 1168 ab
2062 1138 2164 1178 ipsius

1199 1173 1266 1203 sola
1299 1173 1438 1204 bonitate
1470 1186 1598 1206 manere
1629 1176 1781 1217 quidquid
1814 1178 1969 1210 bonorum
1996 1180 2163 1212 habemus.

1200 1216 1303 1246 Porro
1326 1216 1432 1247 David
1457 1217 1563 1248 Deum
1595 1218 1749 1251 invocans
1773 1222 1834 1252 ait:
1865 1222 2000 1253 Domine
2022 1223 2055 1253 in
2077 1223 2163 1263 forti-

1199 1258 1306 1290 tudine
1334 1262 1386 1289 ΐιια
1412 1260 1515 1291 iudica
1540 1271 1602 1292 me.-
1632 1272 1693 1301 qua
1719 1274 1795 1294 voce
1819 1264 1993 1303 iudicandi,
2027 1276 2091 1296 non
2117 1273 2163 1296 te-

1200 1312 1287 1332 mere
1311 1303 1422 1333 utitur.
1447 1302 1529 1333 Nam
1554 1304 1599 1334 ita
1619 1311 1724 1336 ratum
1741 1306 1815 1337 facit
1838 1306 1920 1346 quod
1941 1308 2035 1347 attigi
2055 1319 2162 1348 supra,

1199 1354 1258 1375 nos
1282 1344 1344 1374 Dei
1376 1355 1491 1375 nomen
1516 1346 1546 1376 iu
1579 1347 1734 1378 auxilium
1769 1356 1914 1379 nostrum
1940 1349 2163 1389 advocaturos,

1199 1393 1345 1427 oportere
1380 1399 1419 1418 ex
1450 1389 1556 1419 animo
1587 1395 1619 1420 et
1649 1390 1771 1421 sincere
1803 1393 1915 1422 testari
1948 1403 2056 1423 coram
2093 1394 2162 1433 ipso

1198 1429 1303 1460 iudice
1328 1441 1426 1469 posse,
1459 1441 1516 1461 nos
1546 1432 1669 1463 sincere
1701 1434 1809 1464 testari
1833 1444 1938 1465 coram
1965 1436 2033 1474 ipso
2057 1446 2162 1475 agere,

1170 1487 1173 1506 ;
1198 1482 1327 1503 causam
1354 1484 1391 1503 ue
1421 1482 1563 1505 nostram
1595 1475 1708 1506 bonam
1740 1482 1770 1506 et
1799 1476 1916 1507 iustam
1949 1488 2034 1515 esse,
2066 1486 2098 1509 at
2124 1489 2162 1509 ue

178 1514 254 1546 licet
276 1515 420 1545 omnium
445 1514 572 1545 iudiciis
595 1521 627 1545 et
646 1514 727 1544 odiis
747 1524 926 1554 oppressos,
951 1525 969 1545 a
988 1515 1058 1545 Deo
1075 1515 1144 1545 sine
1170 1507 1173 1521 ⁴'
1331 1484 1349 1513 q
2101 1489 2119 1518 q

1198 1515 1245 1545 illi
1270 1516 1406 1554 probari.
1432 1516 1511 1546 Nam
1533 1517 1597 1547 fere
1611 1518 1647 1548 fit
1662 1524 1694 1548 ut
1708 1519 1761 1558 qui
1775 1518 1892 1550 malam
1907 1531 2037 1551 causam
2050 1528 2162 1561 agunt,

1198 1564 1305 1588 tamen
1320 1558 1405 1589 illius
1419 1559 1593 1590 bonitatam
1615 1561 1812 1600 praedicent:
1834 1562 1924 1593 facile
1938 1570 1984 1594 est
2001 1565 2085 1594 enim
2104 1564 2163 1594 ho-

1199 1601 1338 1631 minibus
1362 1602 1542 1641 imponere:
1575 1611 1604 1633 et
1636 1603 1822 1642 saepissime
1853 1604 2066 1636 oculatissimi
2090 1607 2161 1646 qui-

1198 1653 1259 1683 que
1283 1644 1432 1684 caligant.
1468 1644 1575 1683 Quare
1599 1645 1759 1677 ‹liscamus
1783 1646 1956 1687 diligenter
1979 1649 2162 1689 expendere

1197 1696 1263 1716 uon
1287 1692 1413 1717 tantum
1437 1687 1519 1718 facta
1543 1695 1686 1727 externa,
1717 1688 1772 1720 sed
1796 1689 1880 1728 ipsas
1911 1691 2008 1721 etiam
2034 1699 2162 1723 nostras

1197 1729 1406 1769 cogitationes
1429 1738 1459 1760 et
1483 1730 1678 1768 affectiones,
1711 1738 1744 1761 ut
1775 1731 1814 1762 ad
1840 1733 1947 1763 Deum
1971 1734 2162 1775 confugien-

1196 1779 1244 1802 tes
1276 1782 1349 1803 vere
1380 1773 1488 1803 testari
1519 1774 1688 1812 possimus,
1719 1785 1775 1805 nos
1798 1782 1886 1806 recta
1911 1776 2107 1808 conscientia
2130 1783 2162 1808 et

1196 1825 1311 1845 causae
1336 1815 1476 1846 bonitate
1500 1816 1597 1847 fretos
1622 1816 1660 1847 ad
1685 1818 1789 1856 ipsum
1814 1817 1975 1858 accedere,
2007 1826 2038 1850 et
2061 1820 2162 1860 ipsius

1196 1867 1289 1897 opem
1312 1857 1494 1897 implorare,
1518 1865 1553 1888 ut
1576 1869 1706 1890 causam
1730 1865 1871 1890 nostram
1892 1860 2023 1892 iudicet.
2049 1862 2161 1903 Neque

1197 1910 1273 1931 vero
1297 1900 1405 1931 Deum
1435 1902 1557 1931 moveri
1590 1909 1696 1932 nostra
1727 1901 1884 1941 dignitate
1910 1910 1942 1933 et
1965 1905 2091 1944 merito,
2124 1914 2161 1937 ut

1196 1943 1298 1973 solent
1322 1943 1480 1981 mortales,
1504 1944 1754 1975 existimandum
1775 1951 1838 1975 est:
1863 1945 1918 1976 sed
1933 1951 2059 1977 tantum
2084 1959 2157 1988 pro-

1195 1986 1279 2016 fiteri
1311 1992 1436 2026 oportet
1464 1997 1521 2016 1105
1551 1987 1687 2017 candide
1717 1994 1747 2017 et
1778 1989 1901 2019 sincere
1925 1999 2030 2028 agere,
2063 1998 2094 2021 et
2117 1991 2157 2022 ad

1194 2029 1301 2068 ipsum
1326 2028 1462 2059 iudicem
1487 2030 1667 2069 confugere,
1691 2030 1822 2069 eiusque
1847 2030 2101 2064 misericordiam
2125 2042 2157 2064 et

1195 2082 1286 2110 opem
1309 2071 1488 2110 implorare.
1535 2072 1616 2102 Cum
1641 2071 1828 2103 fortitudine
1851 2080 1883 2103 et
1909 2073 2025 2105 virtute
2049 2076 2157 2107 David

1195 2114 1289 2144 etiam
1315 2113 1376 2144 Dei
1401 2114 1569 2145 veritatem
1593 2114 1734 2152 advocat,
1765 2114 1846 2154 quod
1877 2121 1907 2145 et
1932 2115 2156 2150 observatione

1195 2157 1328 2196 dignum
1362 2163 1419 2187 est.
1466 2156 1578 2196 Neque
1614 2158 1698 2188 enim
1729 2158 1806 2188 satis
1837 2164 1922 2188 esset
1949 2159 2057 2190 animo
2080 2172 2156 2192 con-

1193 2199 1314 2238 cepisse
1329 2199 1388 2230 Dei
1413 2201 1588 2239 potentiam
1613 2199 1650 2230 ad
1676 2210 1732 2230 nos
1756 2200 1878 2231 auxilio
1903 2211 1960 2231 suo
1984 2202 2155 2245 iuvandos,

1194 2250 1223 2273 et
1249 2252 1417 2281 persuasos
1441 2252 1510 2272 esse
1534 2253 1590 2273 nos
1610 2243 1642 2273 in
1669 2242 1770 2282 ipsius
1794 2242 1975 2274 clientelam
2000 2255 2156 2286 receptos,

1193 2295 1251 2316 nos
1280 2285 1380 2323 ipsius
1411 2284 1564 2324 populum
1594 2296 1677 2325 esse,
1715 2291 1747 2315 et
1777 2287 1876 2315 nostri
1907 2296 2016 2317 curam
2050 2288 2157 2327 ipsum

1193 2338 1320 2368 gerere,
1358 2328 1558 2366 salutemque
1596 2337 1800 2367 promovere:
1834 2328 1894 2358 nisi
1924 2329 2025 2368 ipsius
2056 2332 2155 2364 etiam

1193 2370 1457 2410 promissionibus
1486 2370 1687 2409 potissimum
1719 2370 1906 2408 niteremur,
1937 2372 2005 2402 sine
2036 2374 2155 2412 quibus

1193 2413 1307 2444 incerti
1341 2423 1467 2452 semper
1507 2412 1750 2449 fluctuaremus,
1792 2419 1823 2442 et
1857 2413 1943 2443 anxii
1980 2414 2018 2445 de
2051 2416 2155 2455 ipsius

1193 2455 1312 2487 auxilio
1336 2455 1564 2491 dubitaremus,
1588 2464 1619 2485 et
1643 2455 1752 2485 multis
1775 2454 2020 2487 difficultatibus
2039 2459 2153 2490 obrue—

1193 2508 1309 2529 remur.
1355 2497 1582 2536 Quamobrem,
1613 2505 1647 2527 ut
1678 2498 1715 2527 de
1738 2497 1800 2527 Dei
1831 2499 1973 2537 potentia
2001 2502 2154 2534 certiores

1192 2542 1319 2578 fiamus,
1332 2546 1363 2570 et
1376 2540 1409 2570 in
1422 2540 1476 2570 illa
1486 2541 1758 2579 conquiescamus,
1772 2542 1902 2579 eiusque
1912 2552 2153 2576 sacrosanctum

1192 2627 1251 2658 bus
1275 2625 1392 2656 divinis
1422 2624 1591 2655 nitendum
1623 2632 1687 2655 est:
1719 2633 1789 2655 tum
1819 2626 1960 2656 maxime
1991 2638 2091 2667 quum
2114 2631 2154 2661 de

1916 2676 1950 2701 37
