2551 3044
363 196 419 227 151

362 289 438 319 tiam
473 287 626 319 adversus
661 287 813 328 populum
847 288 1018 319 intonant?
1053 288 1124 328 quis
1154 297 1215 317 non
1247 286 1318 318 illos

361 341 489 362 omnem
529 331 739 361 humanitatis
779 331 929 362 abiecisse
969 341 1096 361 sensum
1130 328 1318 360 existimet?

362 374 510 413 Denique
532 384 571 404 ex
595 374 664 403 istis
683 372 852 411 discamus,
874 384 968 413 saepe
986 374 1095 404 fideles
1118 372 1229 403 multis
1247 381 1319 403 cum

363 416 606 447 difficultatibus
631 415 754 452 luctari,
783 426 865 456 quae
889 415 960 446 fidei
990 415 1166 447 contrariae
1190 414 1320 446 videan-

363 466 434 489 tur:
468 458 523 489 sed
546 468 626 498 quae
650 466 756 489 tamen
779 468 851 489 cum
876 468 913 489 ea
938 458 1017 489 bene
1039 457 1249 489 conveniant:
1283 467 1320 488 ac

362 500 497 541 proinde
521 511 577 531 nos
599 507 743 540 oportere
763 500 825 532 Dei
847 500 913 532 zelo
936 506 967 532 et
990 501 1093 533 studio
1115 501 1160 531 sic
1182 510 1320 531 commo-

363 545 441 580 veri,
476 550 509 574 ut
544 543 615 574 licet
651 553 778 574 omnem
811 542 988 574 humanum
1023 543 1170 574 affectum
1194 542 1320 574 exuisse

363 587 537 621 videamur,
568 593 673 616 tamen
697 585 735 616 ad
759 585 1007 617 misericordiam
1032 586 1188 626 proclives
1211 586 1320 623 simus,

362 637 394 660 et
418 629 466 660 vel
491 629 619 669 proprio
652 628 810 668 sanguine
833 629 1022 660 miserorum
1046 628 1248 669 pereuntium
1272 628 1319 659 vi-

363 678 429 703 tam
452 672 607 703 redimere
630 672 742 711 parati.

448 714 480 745 Is
492 725 568 754 ergo
587 714 646 744 fuit
658 712 819 745 Samuelis
837 714 977 744 animus:
1003 724 1103 754 neque
1119 714 1203 744 enim
1223 723 1319 753 quum

363 768 469 797 regem
497 759 644 797 Agagum
667 757 699 787 in
723 756 824 787 frusta
847 756 993 794 concidit,
1018 756 1205 788 crudelitate
1229 756 1318 787 fecit:

362 804 415 831 sed
440 811 509 830 eam
532 799 737 830 severitatem
759 798 905 830 adhibuit
936 809 1030 839 quam
1061 799 1157 838 ipsius
1180 799 1319 830 officium

363 842 550 882 postulabat,
585 841 845 881 quandoquidem
879 842 923 872 ita
954 842 1042 873 Deus
1077 842 1232 872 voluerat.
1278 841 1321 872 Et

363 892 469 916 tamen
501 885 587 915 illius
616 884 768 915 misertus
797 891 853 920 est,
885 891 917 915 et
946 894 1065 924 pronus
1096 884 1133 914 ad
1165 884 1321 915 humanos

364 928 497 958 affectus
521 927 591 958 fuit.
636 926 703 957 Nos
736 927 843 967 itaque
875 927 995 967 singuli
1030 927 1110 958 hanc
1144 926 1320 958 doctrinam

365 981 565 1011 usurpemus,
597 976 633 1000 ut
656 974 785 1009 peccata
808 969 978 1005 oderimus,
1009 978 1040 1000 et
1063 980 1158 1009 quum
1184 970 1321 1001 necessi·

365 1021 412 1044 tas
444 1012 618 1053 postulabit
645 1012 742 1042 etiam
772 1022 881 1043 severe
903 1012 1129 1051 corripiamus:
1160 1018 1192 1043 et
1215 1019 1321 1043 tamen

364 1066 439 1097 erga
463 1065 614 1095 personas
638 1054 718 1085 bene
741 1054 845 1085 affecti
868 1055 976 1090 simus,
1001 1061 1031 1085 et
1053 1055 1216 1095 lugeamus
1229 1056 1323 1086 mise-

365 1110 415 1130 ros
448 1098 593 1129 homines
623 1107 692 1128 sese
723 1097 755 1127 in
778 1097 911 1128 exitium
936 1097 1083 1127 ultimum
1107 1097 1321 1128 eoniicientes.

364 1141 487 1173 Iudices
507 1142 614 1180 itaque
632 1141 658 1171 si
678 1150 757 1179 quos
776 1140 879 1179 capite
902 1139 1068 1172 damnant,
1092 1151 1154 1170 non
1178 1141 1232 1176 ira,
1257 1151 1321 1171 non

364 1183 551 1216 crudelitate
575 1182 657 1221 duci,
681 1192 784 1222 neque
805 1192 930 1213 omnem
945 1182 1172 1213 humanitatem
1186 1193 1320 1213 exuere:

364 1227 417 1258 sed
443 1234 549 1257 tamen
572 1225 638 1256 zelo
662 1224 782 1266 gloriae
805 1224 868 1255 Dei
891 1226 957 1264 regi
982 1225 1106 1262 debent,
1137 1233 1230 1265 atque
1254 1236 1320 1256 om-

365 1281 435 1300 nem
472 1268 651 1300 naturalem
684 1267 833 1298 affectum
867 1277 1026 1306 superare,
1062 1275 1098 1298 ut
1131 1268 1233 1299 officio
1262 1278 1320 1299 suo

364 1313 556 1352 fungantur:
591 1315 623 1342 et
644 1310 783 1342 vicissim
807 1319 917 1340 eorum
941 1319 1018 1349 quos
1041 1310 1144 1350 capite
1167 1310 1321 1342 damnant

366 1355 517 1391 misereri,
548 1359 580 1384 et
609 1353 751 1393 ipsorum
784 1351 903 1383 bonum
933 1362 1100 1392 quaerere:
1133 1353 1215 1393 quod
1246 1353 1321 1385 licet

365 1398 418 1429 isti
450 1397 584 1428 affectus
613 1394 705 1427 valde
734 1399 950 1436 repugnantes
978 1395 1156 1432 videantur,
1187 1396 1321 1436 pulchre

365 1447 473 1472 tamen
497 1439 698 1475 conveniant,
733 1437 760 1469 si
782 1437 896 1468 modus
919 1436 971 1467 ille
994 1448 1086 1477 quem
1114 1438 1200 1469 Deus
1223 1439 1320 1469 verbo

366 1494 422 1514 suo
446 1483 535 1514 nobis
559 1481 747 1522 praescribit
770 1486 924 1511 servetur.
973 1480 1115 1520 Denique
1139 1480 1243 1512 danda
1266 1492 1321 1512 no-

366 1525 414 1557 bis
437 1531 486 1556 est
507 1534 603 1564 opera
633 1531 668 1555 ut
698 1523 742 1554 sic
771 1522 887 1553 nostris
917 1522 1082 1554 affectibus
1110 1524 1321 1559 moderemur,

367 1574 402 1600 ut
427 1568 485 1599 Dei
516 1567 673 1598 voluntati
703 1565 922 1603 subiiciantur‚
950 1572 981 1595 et
1012 1565 1091 1596 nihil
1124 1567 1155 1596 in
1187 1567 1249 1596 illis
1279 1568 1323 1596 ui-

366 1611 465 1642 mium
489 1615 654 1650 appareat:
685 1614 779 1648 atque
802 1608 870 1638 eius
893 1607 1116 1639 moderationis
1139 1609 1322 1649 exemplum

367 1661 435 1684 esto
466 1652 604 1689 Samuel,
634 1661 728 1691 quam
758 1649 887 1690 quidem
917 1650 976 1680 etsi
1009 1661 1068 1681 non
1100 1662 1322 1691 usquequaque

367 1696 508 1732 retinuit,
537 1695 592 1726 sed
616 1700 723 1725 tamen
747 1703 815 1724 sese
841 1692 899 1722 nei
921 1702 1044 1732 semper
1069 1693 1225 1724 voluntati
1248 1695 1323 1725 sub-

367 1739 451 1770 iecit.
502 1738 547 1768 At
579 1737 605 1768 si
640 1745 704 1767 tam
740 1735 950 1766 excellentem
984 1735 1171 1775 prophetam
1206 1736 1323 1776 aliquid

367 1781 501 1812 humani
524 1790 652 1820 passum
678 1779 834 1813 videmus,
857 1777 932 1817 quid
957 1778 1048 1809 nobis
1071 1779 1212 1810 futurum
1235 1786 1319 1819 puta-

367 1835 447 1859 mus,
471 1823 524 1863 qui
548 1823 640 1862 longe
663 1822 702 1852 ab
721 1821 775 1851 illa
798 1820 991 1860 perfectione
1014 1821 1173 1859 absumus,
1198 1830 1231 1852 ut
1255 1822 1324 1852 Deo

369 1877 426 1897 nos
460 1873 540 1896 totos
575 1866 618 1895 ita
651 1864 793 1895 dicemus
829 1870 863 1894 ut
902 1862 1025 1894 nullum
1060 1863 1157 1894 alium
1193 1875 1322 1904 scopum

369 1909 566 1949 propositum
590 1907 679 1938 nobis
704 1907 877 1937 habeamus
902 1915 996 1946 quam
1020 1912 1055 1936 ut
1088 1907 1186 1949 ipsius
1210 1918 1322 1939 nomen

369 1949 588 1992 glorificetur?
621 1951 706 1981 Saue
731 1948 859 1979 Samuel
885 1959 946 1979 non
972 1948 1066 1979 deflet
1091 1949 1220 1979 Saulem
1247 1950 1323 1981 lueri

369 1994 546 2033 cuiuspiam
578 1992 689 2033 gratia,
718 1992 767 2021 cui
799 2000 910 2030 sponte
933 1998 1084 2021 cesserat:
1118 2002 1218 2031 neque
1242 1994 1324 2032 quod

369 2037 400 2067 in
425 2036 560 2077 gratiam
585 2045 656 2066 cum
680 2034 734 2065 illo
759 2033 861 2064 redire
885 2039 1023 2073 cuperet,
1046 2040 1100 2064 aut
1122 2034 1221 2073 ipsius
1245 2035 1324 2066 divi-

371 2081 429 2110 tias
442 2085 594 2118 speraret,
619 2084 673 2108 aut
688 2077 808 2107 viribus
821 2076 1004 2107 c·›nfideret.
1035 2075 1092 2107 Sui
1113 2077 1210 2115 ipsius
1230 2079 1324 2109 ratio-

371 2132 442 2152 nem
469 2121 590 2152 nullam
616 2119 717 2155 habet,
749 2120 802 2149 sed
827 2125 953 2149 tautum
979 2119 1084 2158 populi
1108 2119 1273 2151 commoda
1295 2128 1326 2151 et

371 2172 473 2195 status
497 2163 756 2202 tranquillitatem
781 2162 935 2192 intuetur.
960 2161 1085 2192 Deinde
1108 2167 1227 2192 tautam
1250 2171 1327 2193 tam-

371 2218 431 2247 que
456 2205 647 2237 horrendam
681 2205 737 2235 Dci
770 2204 940 2234 vindictam
975 2204 1177 2235 considerans
1200 2206 1229 2235 in
1254 2216 1325 2236 eum

373 2260 466 2290 quem
498 2259 560 2278 n‹›n
592 2249 634 2278 ita
665 2247 785 2287 pridem
815 2246 848 2276 in
876 2249 995 2286 regiam
1020 2253 1164 2278 evectum
1189 2247 1326 2287 dignita-

374 2299 437 2322 tem
468 2298 597 2331 repente
620 2290 723 2321 deiicit
748 2296 779 2320 et
801 2295 996 2325 exauctorat,
1034 2289 1239 2320 vehementer
1263 2297 1325 2321 tam

374 2334 509 2375 insignis
556 2333 654 2363 divini
698 2333 800 2371 operis
842 2331 1056 2362 destructione
1099 2338 1326 2364 commovetur.

375 2377 446 2408 Nou
469 2386 560 2407 secus
594 2386 629 2407 ac
662 2376 687 2406 si
722 2376 791 2415 quis
825 2374 940 2405 eximie
974 2375 1093 2405 caelata
1127 2385 1202 2405 vasa
1224 2375 1329 2406 doleat

375 2419 544 2459 confringi,
580 2424 614 2448 ut
648 2428 709 2457 quo
743 2418 800 2448 fuit
836 2427 890 2447 vas
924 2417 1059 2457 insignis
1093 2428 1129 2447 eo
1162 2418 1202 2448 sit
1239 2417 1328 2448 dolor

375 2462 605 2493 vehementior.
659 2460 788 2491 Samuel
824 2469 897 2490 vero
931 2459 981 2491 hic
1014 2459 1197 2490 intuebatur
1229 2461 1328 2500 ipsius

377 2505 437 2536 Dei
466 2503 616 2534 invisibili
647 2513 744 2533 manu
775 2513 831 2533 vas
861 2502 978 2533 factum
1013 2502 1083 2542 plus
1107 2512 1201 2542 quam
1225 2502 1329 2543 frangi

378 2554 409 2577 et
433 2547 547 2577 minui:
579 2556 640 2585 quo
668 2556 741 2576 casu
772 2545 846 2576 dum
871 2552 1099 2584 vommovetur,
1130 2544 1327 2576 affectionem

379 2599 467 2619 suam
492 2589 574 2628 piam
599 2594 630 2619 et
652 2594 795 2619 sanctam
826 2588 989 2627 patefacit:
1018 2597 1098 2627 quae
1130 2592 1195 2617 tota
1228 2587 1328 2619 fertur

379 2632 411 2661 in
435 2631 535 2661 divini
559 2630 698 2662 nominis
719 2630 982 2671 glorificationem
1006 2635 1037 2661 et
1055 2629 1205 2661 ecclesiae
1224 2629 1330 2662 defen-

1179 193 1379 226 HOMILIA
1396 192 1504 225 LVII.

2265 193 2325 225 152

1371 287 1503 318 sionem.
1551 285 1672 318 Verum
1704 293 1811 319 tamen
1841 298 1903 319 non
1933 288 2002 318 sine
2031 293 2160 327 peccato
2182 287 2214 318 id
2238 287 2328 318 facit:

1371 330 1501 360 minime
1524 329 1650 369 quidem
1681 331 1772 371 quasi
1802 331 1843 362 sit
1867 330 2000 362 affectus
2023 329 2076 361 ille
2096 329 2244 368 vitiosus,
2273 328 2329 361 sed

1369 372 1452 411 quod
1477 372 1606 403 modum
1629 372 1778 410 excedat,
1808 378 1839 404 et
1861 373 1963 405 luctui
1985 382 2043 404 suo
2067 372 2202 403 nimium
2225 371 2330 402 indul-

1370 420 1450 453 geat.
1495 414 1582 446 Hinc
1611 425 1794 452 monemur,
1825 415 1962 447 dandam
1993 425 2119 446 omnem
2142 424 2272 455 operam
2296 418 2331 444 ut

1370 457 1443 488 licet
1476 456 1543 488 zelo
1576 457 1695 496 optimo
1728 458 1891 495 ducamur,
1926 469 1964 489 ne
1999 464 2105 488 tamen
2135 457 2168 488 in
2198 466 2330 488 excessu

1371 505 1493 539 peccet:
1517 499 1572 530 sed
1595 500 1680 531 intra
1703 500 1799 532 huius
1817 500 2019 542 cogitationis
2038 501 2156 531 limites
2174 509 2244 531 sese
2256 508 2330 530 con-

1371 543 1482 578 tineat,
1517 551 1640 581 nempe,
1673 542 1741 574 fieri
1775 552 1919 583 oportere
1953 543 2014 574 Dei
2050 543 2264 574 voluntatem:
2299 546 2332 573 et

1371 589 1500 625 gratum
1523 583 1678 624 quidquid
1701 585 1777 616 facit
1800 586 1926 621 habere,
1952 592 1984 616 et
2005 585 2040 616 in
2062 584 2166 617 medio
2190 585 2277 616 luctu
2300 590 2332 615 et

1372 627 1503 658 tristitia
1532 626 1736 666 gaudendum
1771 638 1840 659 esse
1863 634 1896 660 et
1917 628 2100 659 laetandum
2124 629 2157 659 in
2180 627 2330 658 Domino.

1372 669 1455 700 Nam
1484 670 1544 700 etsi
1574 668 1695 708 gloriae
1724 670 1857 701 studiosi
1888 670 2003 707 simus,
2039 678 2146 702 tamen
2173 671 2244 701 fieri
2268 680 2330 700 non

1372 716 1475 752 potest
1504 712 1579 751 quin
1614 711 1710 742 etiam
1740 713 1858 744 nostris
1885 713 2110 744 afflictionibus
2137 722 2332 754 magnopere

1371 764 1632 786 commoveamur
1655 760 1686 785 et
1709 754 1904 787 afficiamur:
1938 755 1994 787 sed
2025 760 2132 786 tamen
2160 755 2331 796 superandi

1371 803 1447 828 sunt
1469 797 1521 827 isti
1545 796 1688 836 affectus,
1712 802 1743 827 et
1765 798 1798 828 in
1823 799 1890 838 ipsa
1914 804 2023 829 nostra
2046 798 2174 828 tristitia
2193 798 2332 837 gauden-

1371 839 1456 876 dum,
1480 844 1515 870 ut
1537 839 1608 870 Deo
1630 840 1713 879 quod
1737 840 1889 872 debemus
1911 840 2112 872 obedientiae
2141 840 2332 872 sacrificium

1372 882 1551 913 reddamus.
1576 880 1662 914 Sane
1685 882 1784 923 digna
1806 883 1951 915 doctrina
1973 889 2022 916 est
2044 892 2140 922 quam
2163 882 2333 923 diligenter

1372 925 1575 956 meditemur.
1620 925 1782 964 Quoniam
1812 927 1896 958 enim
1928 926 2074 957 homines
2096 926 2156 957 sibi
2179 926 2256 965 ipsis
2279 924 2331 956 de-

1373 968 1456 999 litias
1479 977 1604 1007 semper
1626 968 1757 1005 faciunt,
1780 975 1811 1000 et
1833 970 1892 1000 sibi
1906 969 1982 1010 ipsis
1994 968 2176 1007 adulantur,
2199 967 2333 1008 pulchre

1373 1020 1481 1041 secum
1503 1011 1556 1051 agi
1586 1016 1702 1050 putant
1724 1012 1751 1042 si
1775 1012 1970 1052 reliquorum
1996 1011 2162 1042 hominum
2186 1010 2334 1051 hypocri-

1372 1055 1422 1084 sin
1445 1060 1614 1093 sequentes
1636 1053 1743 1094 aliqua
1765 1061 1901 1086 externa
1923 1056 2026 1094 specie
2045 1054 2152 1085 nescio
2171 1054 2247 1093 quid
2266 1063 2332 1084 rec-

1373 1101 1439 1126 tum
1471 1096 1640 1128 simulent:
1670 1102 1702 1128 et
1731 1097 1885 1129 iustitiam
1915 1104 1947 1130 et
1976 1097 2195 1137 integritatem
2226 1095 2334 1127 verbis

1372 1139 1564 1178 praedicent,
1587 1143 1620 1170 et
1641 1139 1766 1171 interea
1788 1141 1852 1172 suis
1872 1140 2041 1173 affectibus
2054 1149 2088 1170 se
2101 1139 2203 1179 abripi
2215 1139 2333 1174 sinant,

1373 1181 1461 1212 velut
1483 1181 1564 1218 odio,
1588 1181 1719 1219 invidia,
1747 1183 1795 1214 ira
1818 1188 1849 1214 et
1871 1183 2047 1215 similibus:
2076 1192 2156 1221 quae
2186 1181 2334 1214 excusari

1372 1234 1464 1264 posse
1498 1224 1658 1262 videntur,
1693 1225 1777 1266 quod
1807 1225 1922 1257 bonam
1952 1225 2163 1257 intentionem
2192 1235 2267 1265 prae
2300 1233 2334 1255 se

1371 1266 1485 1298 ferant.
1518 1266 1604 1298 Sane
1628 1277 1692 1298 non
1716 1269 1818 1299 omnis
1842 1269 1924 1300 bona
1945 1269 2081 1300 intentio
2104 1278 2161 1299 nos
2182 1276 2334 1298 excusare

1373 1315 1495 1349 potest:
1526 1309 1580 1341 sed
1614 1320 1672 1341 nos
1695 1311 1780 1351 ipsos
1803 1311 1893 1343 nobis
1915 1323 1984 1344 esse
2007 1318 2170 1350 suspectos
2193 1317 2332 1350 oportet:

1371 1353 1632 1393 quandoquidem
1656 1352 1731 1385 licet
1755 1353 1871 1385 bonum
1892 1355 1987 1385 finem
2000 1354 2205 1385 consiliorum
2221 1353 2335 1384 habea-

1373 1405 1454 1432 mus,
1484 1396 1517 1426 in
1551 1395 1633 1427 hane
1667 1400 1776 1427 tamen
1799 1403 1854 1427 aut
1877 1397 1964 1428 illam
1988 1404 2110 1437 partem
2137 1396 2335 1437 propendea-

1374 1448 1454 1475 mus,
1478 1438 1672 1478 modumque
1696 1444 1804 1470 tenere
1827 1450 1919 1479 quem
1941 1439 2070 1471 decebat
2090 1449 2153 1469 non
2167 1439 2333 1479 possimus.

1375 1480 1580 1520 Quapropter
1611 1491 1672 1520 quo
1706 1482 1876 1521 proclivior
1909 1488 1957 1512 est
1992 1484 2114 1521 lapsus,
2155 1492 2191 1512 eo
2233 1481 2334 1512 maior

1375 1522 1478 1553 danda
1502 1534 1596 1563 opera
1628 1535 1666 1555 ne
1694 1532 1787 1556 extra
1810 1527 1962 1556 terminos
1987 1525 2229 1561 transsiliamus,
2255 1534 2335 1555 neve

1375 1566 1540 1597 affectibus
1569 1567 1787 1598 immoderatis
1817 1567 1916 1608 abripi
1953 1580 2008 1599 nos
2039 1569 2198 1598 sinamus:
2236 1577 2334 1607 quum

1376 1608 1560 1640 Samuelem
1586 1609 1636 1639 hic
1660 1620 1714 1640 oro
1736 1611 1836 1650 ipsius
1859 1610 1918 1642 Dei
1944 1610 2132 1651 reprehendi
2157 1609 2333 1640 audiamus.

1460 1652 1638 1691 Sequentia
1668 1652 1815 1692 deinceps
1840 1655 1935 1685 verba
1958 1652 2186 1693 expendamus,
2221 1653 2336 1692 quibus

1378 1694 1465 1725 Deus
1487 1705 1585 1734 quum
1609 1694 1702 1731 dicit,
1736 1697 1883 1735 quoniam
1905 1707 1956 1737 eqo
1977 1696 2137 1737 reprobavi
2160 1705 2239 1735 eum,
2274 1694 2334 1726 Sa—

1376 1737 1488 1768 muelis
1512 1737 1784 1769 inconsideratum
1809 1739 1929 1771 luctum
1949 1741 2055 1779 arguit
2074 1739 2112 1769 de
2131 1738 2238 1769 Saule.
2281 1738 2335 1769 Li-

1375 1779 1467 1810 cebat
1489 1780 1615 1819 quidem
1641 1781 1783 1812 Samueli
1804 1782 1910 1813 Saulis
1933 1791 2042 1813 casum
2063 1781 2191 1820 deflere,
2215 1781 2269 1812 sed
2288 1781 2335 1812 illi

1377 1823 1504 1853 modum
1536 1824 1631 1854 etiam
1663 1822 1773 1855 debuit
1802 1824 1974 1865 imponere,
2005 1831 2036 1855 et
2065 1824 2214 1854 affectum
2249 1823 2335 1855 cohi-

1377 1866 1467 1896 bere:
1498 1865 1554 1896 Sic
1583 1876 1639 1896 nos
1669 1874 1792 1905 oportet
1826 1868 1944 1898 nostris
1975 1866 2140 1898 affectibus
2164 1866 2334 1905 moderari,

1377 1914 1412 1938 ut
1436 1907 1508 1939 licet
1531 1908 1606 1939 boni
1630 1908 1692 1943 illi,
1724 1920 1763 1940 ne
1787 1915 1894 1941 tamen
1924 1909 2054 1940 modum
2079 1908 2252 1946 excedant,
2281 1909 2336 1940 sed

1376 1951 1462 1981 intra
1499 1951 1670 1982 voluntatis
1701 1951 1826 1983 divinae
1855 1953 2007 1984 terminos
2037 1962 2105 1983 sese
2139 1952 2334 1982 contineant.

1377 1995 1491 2032 Qualis
1514 1995 1598 2024 enim
1622 2000 1804 2034 quantaque
1827 1995 2024 2026 contumacia
2054 1996 2135 2025 foret
2163 1994 2334 2033 pertinaci-

1377 2044 1426 2069 ter
1444 2044 1553 2068 contra
1568 2036 1628 2067 Dei
1654 2037 1849 2068 voluntatem
1874 2036 2021 2068 sentire?
2045 2036 2194 2076 Exempli
2213 2037 2332 2076 gratia:

1351 2107 1353 2118 ,
1379 2082 1412 2112 Si
1437 2081 1585 2111 miseram
1617 2079 1782 2111 ecclesiam
1814 2080 1921 2111 multis
1951 2082 2055 2120 urgeri
2085 2079 2332 2119 persequutioni-

1378 2124 1435 2155 bus
1465 2123 1645 2154 videamus:
1680 2122 1705 2153 si
1740 2123 1899 2163 improbos
1936 2122 2017 2153 nihil
2051 2122 2109 2153 nisi
2144 2121 2269 2161 gladios
2303 2128 2335 2153 et

1377 2167 1467 2206 ignes
1491 2164 1615 2201 minari,
1641 2165 1820 2205 triumphos
1844 2175 1937 2206 agere
1960 2170 1990 2196 et
2014 2165 2111 2196 veluti
2134 2163 2217 2195 laxis
2236 2164 2333 2196 habe-

1379 2210 1427 2239 nis
1453 2210 1484 2239 in
1509 2207 1570 2238 Dei
1605 2207 1687 2238 filios
1717 2208 1888 2240 crudeliter
1911 2208 1994 2244 ferri,
2021 2217 2098 2238 sane
2121 2217 2184 2237 nou
2209 2213 2334 2246 oportet

1379 2262 1434 2282 nos
1458 2251 1564 2289 duros,
1595 2250 1721 2287 ferreos,
1751 2251 1942 2282 inhumanos
1965 2261 2042 2287 esse,
2070 2249 2124 2280 sed
2148 2251 2255 2289 potius
2280 2260 2332 2281 ve-

1380 2294 1544 2324 hementer
1574 2293 1656 2324 affici
1687 2293 1778 2324 malis
1803 2293 1878 2324 illis:
1913 2302 2016 2333 neque
2039 2293 2123 2324 enim
2146 2292 2240 2323 aliter
2262 2303 2334 2333 pre-

1378 2336 1465 2367 cibus
1496 2336 1533 2367 ad
1569 2336 1671 2366 Deum
1703 2346 1870 2377 assurgere
1903 2345 2107 2376 cuperemus,
2142 2335 2203 2365 nisi
2234 2336 2334 2367 tantis

1378 2378 1470 2409 malis
1494 2378 1700 2409 vehementer
1730 2380 1938 2410 afficeremur.
1982 2377 2046 2409 Sed
2080 2384 2186 2408 tamen
2221 2377 2334 2410 modus

1378 2420 1575 2452 adhibendus
1608 2428 1655 2452 est
1678 2419 1839 2461 lacrymis,
1877 2426 1913 2452 ut
1946 2426 2085 2451 nostram
2119 2419 2333 2452 obedientiam

1379 2473 1458 2502 quae
1481 2463 1627 2494 omnibus
1651 2465 1768 2495 nostris
1790 2463 1953 2495 affectibus
1979 2463 2102 2503 praeire
2126 2462 2220 2494 debet
2244 2463 2330 2494 testi-

1380 2507 1524 2536 ficemur:
1549 2512 1581 2537 et
1603 2505 1682 2537 illud
1705 2506 1923 2546 propheticum
1947 2515 2146 2545 usurpemus,
2170 2505 2257 2537 zelus
2279 2505 2332 2536 do-

1380 2558 1450 2577 mus
1474 2547 1533 2578 Dei
1557 2560 1606 2579 me
1629 2548 1743 2580 adurit.
1790 2548 1947 2580 Ecclesiae
1969 2547 2075 2588 itaque
2102 2548 2253 2579 desolatio
2277 2558 2334 2580 nos

1381 2590 1424 2620 ita
1447 2590 1539 2622 debet
1561 2591 1704 2627 afficere,
1735 2597 1770 2622 ut
1792 2591 1864 2622 licet
1887 2590 2027 2630 alioquin
2050 2601 2088 2621 ex
2113 2591 2219 2622 animo
2241 2590 2333 2622 nobis

1381 2633 1486 2663 omnia
1509 2633 1687 2671 succedant,
1717 2634 1743 2665 si
1775 2633 1933 2665 desoletur
1953 2633 2091 2670 ecelesia,
2123 2633 2208 2665 illius
2231 2632 2332 2665 ruinis
