<?xml version="1.0" encoding="UTF-8"?>
<!DOCTYPE html PUBLIC "-//W3C//DTD XHTML 1.0 Transitional//EN"
    "http://www.w3.org/TR/xhtml1/DTD/xhtml1-transitional.dtd">
<html xmlns="http://www.w3.org/1999/xhtml" xml:lang="en" lang="en">
 <head>
  <title>
</title>
<meta http-equiv="Content-Type" content="text/html;charset=utf-8" />
  <meta name='ocr-system' content='tesseract 3.04.00' />
  <meta name='ocr-capabilities' content='ocr_page ocr_carea ocr_par ocr_line ocrx_word'/>
</head>
<body>
  <div class='ocr_page' id='page_1' title='image "./ioanniscalviniop30calv_0104.png"; bbox 0 0 2551 3044; ppageno 0'>
   <div class='ocr_carea' id='block_1_1' title="bbox 339 190 1479 225">
    <p class='ocr_par' dir='ltr' id='par_1_1' title="bbox 339 190 1479 225">
     <span class='ocr_line' id='line_1_1' title="bbox 339 190 1479 225; baseline -0.004 0"><span class='ocrx_word' id='word_1_1' title='bbox 339 196 396 225; x_wconf 68' lang='grc' dir='ltr'>1οῙ</span> <span class='ocrx_word' id='word_1_2' title='bbox 1180 190 1379 222; x_wconf 76' lang='grc' dir='ltr'><strong>ΠΟΜΙΙᾸΑ</strong></span> <span class='ocrx_word' id='word_1_3' title='bbox 1406 190 1479 221; x_wconf 82' lang='lat' dir='ltr'>LX.</span> 
     </span>
    </p>
   </div>
   <div class='ocr_carea' id='block_1_2' title="bbox 338 283 1300 754">
    <p class='ocr_par' dir='ltr' id='par_1_2' title="bbox 338 283 1300 754">
     <span class='ocr_line' id='line_1_2' title="bbox 338 283 1296 327; baseline -0.006 -8"><span class='ocrx_word' id='word_1_4' title='bbox 338 300 449 327; x_wconf 59' lang='lat' dir='ltr'>nepa.</span> <span class='ocrx_word' id='word_1_5' title='bbox 479 288 504 317; x_wconf 70' lang='grc'>51</span> <span class='ocrx_word' id='word_1_6' title='bbox 535 298 597 317; x_wconf 89' lang='grc'><strong>0011</strong></span> <span class='ocrx_word' id='word_1_7' title='bbox 623 286 733 325; x_wconf 75' lang='lat' dir='ltr'>quales</span> <span class='ocrx_word' id='word_1_8' title='bbox 756 294 831 317; x_wconf 89' lang='lat' dir='ltr'>sunt</span> <span class='ocrx_word' id='word_1_9' title='bbox 855 293 1085 325; x_wconf 76' lang='lat' dir='ltr'>agnoscuntur,</span> <span class='ocrx_word' id='word_1_10' title='bbox 1118 283 1296 324; x_wconf 86' lang='lat' dir='ltr'>indignari:</span> 
     </span>
     <span class='ocr_line' id='line_1_3' title="bbox 338 326 1298 370; baseline -0.003 -10"><span class='ocrx_word' id='word_1_11' title='bbox 338 330 421 370; x_wconf 67' lang='lat' dir='ltr'>⁴1¹¹·&#39;d</span> <span class='ocrx_word' id='word_1_12' title='bbox 453 340 547 369; x_wconf 77' lang='lat' dir='ltr'>saepe</span> <span class='ocrx_word' id='word_1_13' title='bbox 573 337 679 359; x_wconf 82' lang='lat' dir='ltr'>tamen</span> <span class='ocrx_word' id='word_1_14' title='bbox 704 328 772 359; x_wconf 84' lang='lat' dir='ltr'>fieri</span> <span class='ocrx_word' id='word_1_15' title='bbox 797 328 953 363; x_wconf 70' lang='lat' dir='ltr'>videmus,</span> <span class='ocrx_word' id='word_1_16' title='bbox 989 335 1019 357; x_wconf 86' lang='lat' dir='ltr'>et</span> <span class='ocrx_word' id='word_1_17' title='bbox 1045 326 1217 357; x_wconf 84' lang='lat' dir='ltr'>multorum</span> <span class='ocrx_word' id='word_1_18' title='bbox 1243 337 1298 357; x_wconf 85' lang='lat' dir='ltr'>cx—</span> 
     </span>
     <span class='ocr_line' id='line_1_4' title="bbox 338 369 1299 413; baseline -0.004 -9"><span class='ocrx_word' id='word_1_19' title='bbox 338 374 514 413; x_wconf 77' lang='lat' dir='ltr'>emploruni</span> <span class='ocrx_word' id='word_1_20' title='bbox 554 371 751 410; x_wconf 70' lang='lat' dir='ltr'>experientia</span> <span class='ocrx_word' id='word_1_21' title='bbox 791 378 938 402; x_wconf 85' lang='lat' dir='ltr'>testatur.</span> <span class='ocrx_word' id='word_1_22' title='bbox 993 370 1074 400; x_wconf 76' lang='lat' dir='ltr'>Nam</span> <span class='ocrx_word' id='word_1_23' title='bbox 1111 369 1299 409; x_wconf 87' lang='lat' dir='ltr'>plerumque</span> 
     </span>
     <span class='ocr_line' id='line_1_5' title="bbox 338 412 1298 456; baseline 0 -13"><span class='ocrx_word' id='word_1_24' title='bbox 338 417 389 456; x_wconf 54' lang='lat' dir='ltr'>¹{ui</span> <span class='ocrx_word' id='word_1_25' title='bbox 421 415 460 446; x_wconf 84' lang='lat' dir='ltr'>ad</span> <span class='ocrx_word' id='word_1_26' title='bbox 492 425 607 444; x_wconf 77' lang='lat' dir='ltr'>munus</span> <span class='ocrx_word' id='word_1_27' title='bbox 639 413 767 453; x_wconf 75' lang='lat' dir='ltr'>aliquod</span> <span class='ocrx_word' id='word_1_28' title='bbox 799 413 902 444; x_wconf 89' lang='lat' dir='ltr'>idonei</span> <span class='ocrx_word' id='word_1_29' title='bbox 937 413 998 443; x_wconf 86' lang='lat' dir='ltr'>sibi</span> <span class='ocrx_word' id='word_1_30' title='bbox 1035 412 1201 450; x_wconf 78' lang='lat' dir='ltr'>videntur,</span> <span class='ocrx_word' id='word_1_31' title='bbox 1237 412 1298 443; x_wconf 89' lang='lat' dir='ltr'>nisi</span> 
     </span>
     <span class='ocr_line' id='line_1_6' title="bbox 338 454 1300 498; baseline -0.004 -10"><span class='ocrx_word' id='word_1_32' title='bbox 338 459 441 498; x_wconf 88' lang='lat' dir='ltr'>primo</span> <span class='ocrx_word' id='word_1_33' title='bbox 472 467 596 497; x_wconf 72' lang='lat' dir='ltr'>quoquc</span> <span class='ocrx_word' id='word_1_34' title='bbox 627 456 677 486; x_wconf 87' lang='lat' dir='ltr'>die</span> <span class='ocrx_word' id='word_1_35' title='bbox 710 463 872 493; x_wconf 78' lang='lat' dir='ltr'>vocentur,</span> <span class='ocrx_word' id='word_1_36' title='bbox 904 455 942 486; x_wconf 90' lang='lat' dir='ltr'>dc</span> <span class='ocrx_word' id='word_1_37' title='bbox 974 455 1090 486; x_wconf 82' lang='lat' dir='ltr'>iniuria</span> <span class='ocrx_word' id='word_1_38' title='bbox 1121 454 1179 485; x_wconf 86' lang='lat' dir='ltr'>sibi</span> <span class='ocrx_word' id='word_1_39' title='bbox 1210 454 1300 484; x_wconf 84' lang='lat' dir='ltr'>illata</span> 
     </span>
     <span class='ocr_line' id='line_1_7' title="bbox 339 497 1298 541; baseline -0.004 -10"><span class='ocrx_word' id='word_1_40' title='bbox 339 509 591 541; x_wconf 65' lang='lat' dir='ltr'>conqueruntur,</span> <span class='ocrx_word' id='word_1_41' title='bbox 616 508 648 529; x_wconf 87' lang='lat' dir='ltr'>et</span> <span class='ocrx_word' id='word_1_42' title='bbox 672 499 761 529; x_wconf 78' lang='lat' dir='ltr'>virus</span> <span class='ocrx_word' id='word_1_43' title='bbox 783 509 876 529; x_wconf 86' lang='lat' dir='ltr'>suum</span> <span class='ocrx_word' id='word_1_44' title='bbox 901 505 1065 530; x_wconf 82' lang='lat' dir='ltr'>evomunt.</span> <span class='ocrx_word' id='word_1_45' title='bbox 1089 503 1184 536; x_wconf 84' lang='lat' dir='ltr'>atque</span> <span class='ocrx_word' id='word_1_46' title='bbox 1198 497 1298 527; x_wconf 83' lang='lat' dir='ltr'>ambi-</span> 
     </span>
     <span class='ocr_line' id='line_1_8' title="bbox 340 539 1299 582; baseline -0.005 -8"><span class='ocrx_word' id='word_1_47' title='bbox 340 545 427 574; x_wconf 79' lang='lat' dir='ltr'>tione</span> <span class='ocrx_word' id='word_1_48' title='bbox 452 542 573 582; x_wconf 85' lang='lat' dir='ltr'>turgidi</span> <span class='ocrx_word' id='word_1_49' title='bbox 597 541 720 572; x_wconf 89' lang='lat' dir='ltr'>coelum</span> <span class='ocrx_word' id='word_1_50' title='bbox 741 548 845 572; x_wconf 83' lang='lat' dir='ltr'>terrae</span> <span class='ocrx_word' id='word_1_51' title='bbox 865 542 998 572; x_wconf 90' lang='lat' dir='ltr'>miseere</span> <span class='ocrx_word' id='word_1_52' title='bbox 1019 541 1177 570; x_wconf 83' lang='lat' dir='ltr'>nituntur.</span> <span class='ocrx_word' id='word_1_53' title='bbox 1214 539 1299 570; x_wconf 85' lang='lat' dir='ltr'>Hinc</span> 
     </span>
     <span class='ocr_line' id='line_1_9' title="bbox 339 582 1298 625; baseline -0.005 -8"><span class='ocrx_word' id='word_1_54' title='bbox 339 589 373 617; x_wconf 81' lang='lat' dir='ltr'>tit</span> <span class='ocrx_word' id='word_1_55' title='bbox 407 594 440 617; x_wconf 93' lang='lat' dir='ltr'>ut</span> <span class='ocrx_word' id='word_1_56' title='bbox 473 586 526 625; x_wconf 86' lang='lat' dir='ltr'>qui</span> <span class='ocrx_word' id='word_1_57' title='bbox 560 585 609 615; x_wconf 81' lang='lat' dir='ltr'>vel</span> <span class='ocrx_word' id='word_1_58' title='bbox 643 584 818 619; x_wconf 85' lang='lat' dir='ltr'>industria,</span> <span class='ocrx_word' id='word_1_59' title='bbox 856 584 905 615; x_wconf 77' lang='lat' dir='ltr'>vel</span> <span class='ocrx_word' id='word_1_60' title='bbox 939 584 1009 614; x_wconf 76' lang='lat' dir='ltr'>aliis</span> <span class='ocrx_word' id='word_1_61' title='bbox 1033 584 1135 613; x_wconf 82' lang='lat' dir='ltr'>sancti</span> <span class='ocrx_word' id='word_1_62' title='bbox 1168 582 1298 622; x_wconf 87' lang='lat' dir='ltr'>spiritus</span> 
     </span>
     <span class='ocr_line' id='line_1_10' title="bbox 339 625 1298 664; baseline -0.006 -4"><span class='ocrx_word' id='word_1_63' title='bbox 339 629 431 660; x_wconf 89' lang='lat' dir='ltr'>donis</span> <span class='ocrx_word' id='word_1_64' title='bbox 452 628 557 659; x_wconf 84' lang='lat' dir='ltr'>ornati</span> <span class='ocrx_word' id='word_1_65' title='bbox 580 634 664 664; x_wconf 87' lang='lat' dir='ltr'>sunt,</span> <span class='ocrx_word' id='word_1_66' title='bbox 695 626 815 658; x_wconf 87' lang='lat' dir='ltr'>multas</span> <span class='ocrx_word' id='word_1_67' title='bbox 840 626 949 657; x_wconf 82' lang='lat' dir='ltr'>turbas</span> <span class='ocrx_word' id='word_1_68' title='bbox 973 626 1064 656; x_wconf 77' lang='lat' dir='ltr'>dent:</span> <span class='ocrx_word' id='word_1_69' title='bbox 1097 626 1178 664; x_wconf 78' lang='lat' dir='ltr'>quod</span> <span class='ocrx_word' id='word_1_70' title='bbox 1204 625 1298 655; x_wconf 91' lang='lat' dir='ltr'>nimi-</span> 
     </span>
     <span class='ocr_line' id='line_1_11' title="bbox 339 669 1297 709; baseline -0.005 -7"><span class='ocrx_word' id='word_1_71' title='bbox 339 683 410 703; x_wconf 88' lang='lat' dir='ltr'>rum</span> <span class='ocrx_word' id='word_1_72' title='bbox 442 682 505 702; x_wconf 89' lang='lat' dir='ltr'>non</span> <span class='ocrx_word' id='word_1_73' title='bbox 537 671 644 701; x_wconf 85' lang='lat' dir='ltr'>statim</span> <span class='ocrx_word' id='word_1_74' title='bbox 677 669 716 700; x_wconf 83' lang='lat' dir='ltr'>ad</span> <span class='ocrx_word' id='word_1_75' title='bbox 747 679 800 701; x_wconf 88' lang='lat' dir='ltr'>eas</span> <span class='ocrx_word' id='word_1_76' title='bbox 834 669 1008 709; x_wconf 74' lang='lat' dir='ltr'>dignitates</span> <span class='ocrx_word' id='word_1_77' title='bbox 1040 675 1297 708; x_wconf 76' lang='lat' dir='ltr'>promoveantur,</span> 
     </span>
     <span class='ocr_line' id='line_1_12' title="bbox 340 712 1297 754; baseline -0.005 -9"><span class='ocrx_word' id='word_1_78' title='bbox 340 724 476 754; x_wconf 84' lang='lat' dir='ltr'>quarum</span> <span class='ocrx_word' id='word_1_79' title='bbox 507 724 539 744; x_wconf 83' lang='lat' dir='ltr'>se</span> <span class='ocrx_word' id='word_1_80' title='bbox 570 713 685 751; x_wconf 75' lang='lat' dir='ltr'>«lignos</span> <span class='ocrx_word' id='word_1_81' title='bbox 716 712 918 749; x_wconf 81' lang='lat' dir='ltr'>existimant,</span> <span class='ocrx_word' id='word_1_82' title='bbox 956 719 984 742; x_wconf 86' lang='lat' dir='ltr'>et</span> <span class='ocrx_word' id='word_1_83' title='bbox 1016 721 1093 750; x_wconf 85' lang='lat' dir='ltr'>quas</span> <span class='ocrx_word' id='word_1_84' title='bbox 1131 717 1297 750; x_wconf 86' lang='lat' dir='ltr'>appetunt.</span> 
     </span>
    </p>
   </div>
   <div class='ocr_carea' id='block_1_3' title="bbox 339 750 1325 794">
    <p class='ocr_par' dir='ltr' id='par_1_3' title="bbox 339 750 1325 794">
     <span class='ocr_line' id='line_1_13' title="bbox 339 750 1325 794; baseline -0.005 -6"><span class='ocrx_word' id='word_1_85' title='bbox 339 757 407 788; x_wconf 75' lang='lat' dir='ltr'>Nos</span> <span class='ocrx_word' id='word_1_86' title='bbox 437 768 513 788; x_wconf 81' lang='lat' dir='ltr'>vero</span> <span class='ocrx_word' id='word_1_87' title='bbox 544 750 681 785; x_wconf 72' lang='lat' dir='ltr'>Davidis</span> <span class='ocrx_word' id='word_1_88' title='bbox 711 754 896 794; x_wconf 83' lang='lat' dir='ltr'>exemplum</span> <span class='ocrx_word' id='word_1_89' title='bbox 926 755 1104 785; x_wconf 86' lang='lat' dir='ltr'>imitemur.</span> <span class='ocrx_word' id='word_1_90' title='bbox 1141 754 1192 792; x_wconf 91' lang='lat' dir='ltr'>qui</span> <span class='ocrx_word' id='word_1_91' title='bbox 1226 753 1298 784; x_wconf 89' lang='lat' dir='ltr'>licet</span> <span class='ocrx_word' id='word_1_92' title='bbox 1324 761 1325 765; x_wconf 58' lang='lat'>¹</span> 
     </span>
    </p>
   </div>
   <div class='ocr_carea' id='block_1_4' title="bbox 340 794 1299 923">
    <p class='ocr_par' dir='ltr' id='par_1_4' title="bbox 340 794 1299 923">
     <span class='ocr_line' id='line_1_14' title="bbox 340 794 1298 840; baseline -0.006 -9"><span class='ocrx_word' id='word_1_93' title='bbox 340 801 466 840; x_wconf 82' lang='lat' dir='ltr'>maguis</span> <span class='ocrx_word' id='word_1_94' title='bbox 488 798 659 829; x_wconf 79' lang='lat' dir='ltr'>virtutibus</span> <span class='ocrx_word' id='word_1_95' title='bbox 678 803 819 837; x_wconf 83' lang='lat' dir='ltr'>ornatus,</span> <span class='ocrx_word' id='word_1_96' title='bbox 843 804 951 837; x_wconf 85' lang='lat' dir='ltr'>pastor</span> <span class='ocrx_word' id='word_1_97' title='bbox 971 805 1077 827; x_wconf 78' lang='lat' dir='ltr'>tamen</span> <span class='ocrx_word' id='word_1_98' title='bbox 1102 806 1181 833; x_wconf 81' lang='grc'><strong>0550,</strong></span> <span class='ocrx_word' id='word_1_99' title='bbox 1205 802 1236 826; x_wconf 90' lang='lat' dir='ltr'>ct</span> <span class='ocrx_word' id='word_1_100' title='bbox 1259 794 1298 826; x_wconf 87' lang='lat' dir='ltr'>ad</span> 
     </span>
     <span class='ocr_line' id='line_1_15' title="bbox 340 839 1299 881; baseline -0.005 -8"><span class='ocrx_word' id='word_1_101' title='bbox 340 844 449 873; x_wconf 79' lang='lat' dir='ltr'>ovium</span> <span class='ocrx_word' id='word_1_102' title='bbox 479 848 569 881; x_wconf 81' lang='lat' dir='ltr'>septa</span> <span class='ocrx_word' id='word_1_103' title='bbox 599 839 708 871; x_wconf 75' lang='lat' dir='ltr'>sedere</span> <span class='ocrx_word' id='word_1_104' title='bbox 739 850 802 871; x_wconf 90' lang='lat' dir='ltr'>non</span> <span class='ocrx_word' id='word_1_105' title='bbox 843 839 986 871; x_wconf 91' lang='lat' dir='ltr'>erubuit:</span> <span class='ocrx_word' id='word_1_106' title='bbox 1018 848 1048 869; x_wconf 70' lang='lat' dir='ltr'>et</span> <span class='ocrx_word' id='word_1_107' title='bbox 1072 848 1256 878; x_wconf 82' lang='lat' dir='ltr'>quanquam</span> <span class='ocrx_word' id='word_1_108' title='bbox 1281 849 1299 868; x_wconf 88' lang='lat' dir='ltr'>a</span> 
     </span>
     <span class='ocr_line' id='line_1_16' title="bbox 340 882 1299 923; baseline -0.005 -7"><span class='ocrx_word' id='word_1_109' title='bbox 340 884 491 916; x_wconf 75' lang='lat' dir='ltr'>Samuele</span> <span class='ocrx_word' id='word_1_110' title='bbox 522 894 579 914; x_wconf 83' lang='lat' dir='ltr'>rex</span> <span class='ocrx_word' id='word_1_111' title='bbox 604 888 688 914; x_wconf 85' lang='lat' dir='ltr'>esset</span> <span class='ocrx_word' id='word_1_112' title='bbox 712 882 898 923; x_wconf 88' lang='lat' dir='ltr'>designatus</span> <span class='ocrx_word' id='word_1_113' title='bbox 923 890 953 913; x_wconf 88' lang='lat' dir='ltr'>et</span> <span class='ocrx_word' id='word_1_114' title='bbox 978 883 1201 921; x_wconf 73' lang='lat' dir='ltr'>inauguratus,</span> <span class='ocrx_word' id='word_1_115' title='bbox 1235 891 1299 911; x_wconf 89' lang='lat' dir='ltr'>non</span> 
     </span>
    </p>
   </div>
   <div class='ocr_carea' id='block_1_5' title="bbox 340 923 1325 965">
    <p class='ocr_par' dir='ltr' id='par_1_5' title="bbox 340 923 1325 965">
     <span class='ocr_line' id='line_1_17' title="bbox 340 923 1325 965; baseline -0.005 -7"><span class='ocrx_word' id='word_1_116' title='bbox 340 936 446 958; x_wconf 88' lang='lat' dir='ltr'>tamen</span> <span class='ocrx_word' id='word_1_117' title='bbox 471 926 542 958; x_wconf 90' lang='lat' dir='ltr'>ideo</span> <span class='ocrx_word' id='word_1_118' title='bbox 562 926 700 957; x_wconf 85' lang='lat' dir='ltr'>maiores</span> <span class='ocrx_word' id='word_1_119' title='bbox 719 925 844 956; x_wconf 88' lang='lat' dir='ltr'>animos</span> <span class='ocrx_word' id='word_1_120' title='bbox 862 925 1010 965; x_wconf 85' lang='lat' dir='ltr'>sumpsit,</span> <span class='ocrx_word' id='word_1_121' title='bbox 1035 924 1089 954; x_wconf 84' lang='lat' dir='ltr'>sed</span> <span class='ocrx_word' id='word_1_122' title='bbox 1109 924 1141 954; x_wconf 90' lang='lat' dir='ltr'>in</span> <span class='ocrx_word' id='word_1_123' title='bbox 1162 923 1299 963; x_wconf 86' lang='lat' dir='ltr'>pristina</span> <span class='ocrx_word' id='word_1_124' title='bbox 1324 930 1325 941; x_wconf 66' lang='lat'>¹</span> 
     </span>
    </p>
   </div>
   <div class='ocr_carea' id='block_1_6' title="bbox 334 966 1302 2077">
    <p class='ocr_par' dir='ltr' id='par_1_6' title="bbox 334 966 1300 1692">
     <span class='ocr_line' id='line_1_18' title="bbox 337 966 1299 1009; baseline -0.005 -8"><span class='ocrx_word' id='word_1_125' title='bbox 337 970 518 1002; x_wconf 83' lang='lat' dir='ltr'>conditione</span> <span class='ocrx_word' id='word_1_126' title='bbox 542 969 682 1009; x_wconf 86' lang='lat' dir='ltr'>quietam</span> <span class='ocrx_word' id='word_1_127' title='bbox 708 975 737 999; x_wconf 89' lang='lat' dir='ltr'>et</span> <span class='ocrx_word' id='word_1_128' title='bbox 762 967 938 999; x_wconf 84' lang='lat' dir='ltr'><strong>modestam</strong></span> <span class='ocrx_word' id='word_1_129' title='bbox 964 969 1063 998; x_wconf 83' lang='lat' dir='ltr'>vitam</span> <span class='ocrx_word' id='word_1_130' title='bbox 1087 967 1162 1006; x_wconf 87' lang='lat' dir='ltr'>egit.</span> <span class='ocrx_word' id='word_1_131' title='bbox 1205 966 1299 997; x_wconf 85' lang='lat' dir='ltr'>Tales</span> 
     </span>
     <span class='ocr_line' id='line_1_19' title="bbox 338 1009 1299 1050; baseline -0.005 -6"><span class='ocrx_word' id='word_1_132' title='bbox 338 1024 406 1044; x_wconf 79' lang='lat' dir='ltr'>esse</span> <span class='ocrx_word' id='word_1_133' title='bbox 438 1012 528 1043; x_wconf 86' lang='lat' dir='ltr'>decet</span> <span class='ocrx_word' id='word_1_134' title='bbox 552 1022 605 1042; x_wconf 88' lang='lat' dir='ltr'>cos</span> <span class='ocrx_word' id='word_1_135' title='bbox 629 1021 707 1050; x_wconf 89' lang='lat' dir='ltr'>quos</span> <span class='ocrx_word' id='word_1_136' title='bbox 732 1011 820 1041; x_wconf 86' lang='lat' dir='ltr'>Deus</span> <span class='ocrx_word' id='word_1_137' title='bbox 844 1011 1018 1041; x_wconf 85' lang='lat' dir='ltr'>maioribus</span> <span class='ocrx_word' id='word_1_138' title='bbox 1043 1010 1133 1040; x_wconf 86' lang='lat' dir='ltr'>donis</span> <span class='ocrx_word' id='word_1_139' title='bbox 1158 1009 1299 1049; x_wconf 83' lang='lat' dir='ltr'>insignes</span> 
     </span>
     <span class='ocr_line' id='line_1_20' title="bbox 334 1052 1297 1095; baseline -0.005 -9"><span class='ocrx_word' id='word_1_140' title='bbox 334 1056 423 1095; x_wconf 86' lang='lat' dir='ltr'>fecit,</span> <span class='ocrx_word' id='word_1_141' title='bbox 456 1062 486 1086; x_wconf 92' lang='lat' dir='ltr'>ct</span> <span class='ocrx_word' id='word_1_142' title='bbox 517 1054 591 1086; x_wconf 89' lang='lat' dir='ltr'>licet</span> <span class='ocrx_word' id='word_1_143' title='bbox 622 1054 692 1084; x_wconf 89' lang='lat' dir='ltr'>aliis</span> <span class='ocrx_word' id='word_1_144' title='bbox 723 1053 844 1093; x_wconf 90' lang='lat' dir='ltr'>ingenii</span> <span class='ocrx_word' id='word_1_145' title='bbox 876 1053 999 1083; x_wconf 90' lang='lat' dir='ltr'>viribus</span> <span class='ocrx_word' id='word_1_146' title='bbox 1022 1052 1167 1083; x_wconf 84' lang='lat' dir='ltr'>meliores</span> <span class='ocrx_word' id='word_1_147' title='bbox 1192 1059 1297 1082; x_wconf 88' lang='lat' dir='ltr'>tamen</span> 
     </span>
     <span class='ocr_line' id='line_1_21' title="bbox 340 1095 1298 1136; baseline -0.004 -7"><span class='ocrx_word' id='word_1_148' title='bbox 340 1098 483 1130; x_wconf 89' lang='lat' dir='ltr'>modeste</span> <span class='ocrx_word' id='word_1_149' title='bbox 513 1104 544 1128; x_wconf 90' lang='lat' dir='ltr'>ct</span> <span class='ocrx_word' id='word_1_150' title='bbox 574 1097 681 1136; x_wconf 84' lang='lat' dir='ltr'>quiete</span> <span class='ocrx_word' id='word_1_151' title='bbox 711 1106 779 1127; x_wconf 85' lang='grc'><strong>5050</strong></span> <span class='ocrx_word' id='word_1_152' title='bbox 808 1096 840 1126; x_wconf 90' lang='grc'>10</span> <span class='ocrx_word' id='word_1_153' title='bbox 873 1096 939 1126; x_wconf 87' lang='lat' dir='ltr'>vita</span> <span class='ocrx_word' id='word_1_154' title='bbox 970 1096 1095 1135; x_wconf 77' lang='lat' dir='ltr'>privata</span> <span class='ocrx_word' id='word_1_155' title='bbox 1125 1095 1298 1132; x_wconf 69' lang='lat' dir='ltr'>continere,</span> 
     </span>
     <span class='ocr_line' id='line_1_22' title="bbox 340 1137 1298 1181; baseline -0.005 -9"><span class='ocrx_word' id='word_1_156' title='bbox 340 1152 445 1181; x_wconf 87' lang='lat' dir='ltr'>neque</span> <span class='ocrx_word' id='word_1_157' title='bbox 465 1149 585 1171; x_wconf 87' lang='lat' dir='ltr'>temere</span> <span class='ocrx_word' id='word_1_158' title='bbox 609 1150 679 1170; x_wconf 85' lang='lat' dir='ltr'>sese</span> <span class='ocrx_word' id='word_1_159' title='bbox 703 1139 849 1179; x_wconf 81' lang='lat' dir='ltr'>ingerere</span> <span class='ocrx_word' id='word_1_160' title='bbox 872 1139 905 1169; x_wconf 92' lang='lat' dir='ltr'>in</span> <span class='ocrx_word' id='word_1_161' title='bbox 931 1137 1057 1178; x_wconf 85' lang='lat' dir='ltr'>publica</span> <span class='ocrx_word' id='word_1_162' title='bbox 1082 1148 1215 1168; x_wconf 88' lang='lat' dir='ltr'>munera</span> <span class='ocrx_word' id='word_1_163' title='bbox 1238 1137 1298 1167; x_wconf 91' lang='lat' dir='ltr'>nisi</span> 
     </span>
     <span class='ocr_line' id='line_1_23' title="bbox 341 1181 1300 1222; baseline -0.005 -8"><span class='ocrx_word' id='word_1_164' title='bbox 341 1192 480 1222; x_wconf 77' lang='lat' dir='ltr'>vocatos,</span> <span class='ocrx_word' id='word_1_165' title='bbox 512 1193 552 1213; x_wconf 90' lang='lat' dir='ltr'>ne</span> <span class='ocrx_word' id='word_1_166' title='bbox 581 1192 641 1213; x_wconf 84' lang='lat' dir='ltr'>sua</span> <span class='ocrx_word' id='word_1_167' title='bbox 671 1181 844 1212; x_wconf 86' lang='lat' dir='ltr'>ambitione</span> <span class='ocrx_word' id='word_1_168' title='bbox 869 1181 977 1212; x_wconf 77' lang='lat' dir='ltr'>turbas</span> <span class='ocrx_word' id='word_1_169' title='bbox 1000 1181 1149 1215; x_wconf 78' lang='lat' dir='ltr'>excitent,</span> <span class='ocrx_word' id='word_1_170' title='bbox 1181 1187 1211 1210; x_wconf 88' lang='lat' dir='ltr'>ct</span> <span class='ocrx_word' id='word_1_171' title='bbox 1241 1190 1300 1210; x_wconf 85' lang='lat' dir='ltr'>sua</span> 
     </span>
     <span class='ocr_line' id='line_1_24' title="bbox 339 1223 1298 1265; baseline -0.006 -7"><span class='ocrx_word' id='word_1_172' title='bbox 339 1226 541 1258; x_wconf 79' lang='lat' dir='ltr'>contumacia</span> <span class='ocrx_word' id='word_1_173' title='bbox 561 1224 720 1265; x_wconf 82' lang='lat' dir='ltr'>publicam</span> <span class='ocrx_word' id='word_1_174' title='bbox 741 1224 879 1264; x_wconf 90' lang='lat' dir='ltr'>quietem</span> <span class='ocrx_word' id='word_1_175' title='bbox 900 1223 1123 1258; x_wconf 70' lang='lat' dir='ltr'>interturbent,</span> <span class='ocrx_word' id='word_1_176' title='bbox 1149 1232 1210 1253; x_wconf 89' lang='lat' dir='ltr'>non</span> <span class='ocrx_word' id='word_1_177' title='bbox 1234 1230 1298 1253; x_wconf 84' lang='lat' dir='ltr'>tam</span> 
     </span>
     <span class='ocr_line' id='line_1_25' title="bbox 341 1264 1299 1308; baseline -0.006 -7"><span class='ocrx_word' id='word_1_178' title='bbox 341 1269 451 1301; x_wconf 82' lang='lat' dir='ltr'>statim</span> <span class='ocrx_word' id='word_1_179' title='bbox 481 1278 576 1308; x_wconf 86' lang='lat' dir='ltr'>quam</span> <span class='ocrx_word' id='word_1_180' title='bbox 601 1272 750 1308; x_wconf 90' lang='lat' dir='ltr'>optarent</span> <span class='ocrx_word' id='word_1_181' title='bbox 771 1276 824 1297; x_wconf 88' lang='grc'>035</span> <span class='ocrx_word' id='word_1_182' title='bbox 847 1276 925 1306; x_wconf 88' lang='lat' dir='ltr'>quas</span> <span class='ocrx_word' id='word_1_183' title='bbox 948 1274 1103 1305; x_wconf 84' lang='lat' dir='ltr'>expetunt</span> <span class='ocrx_word' id='word_1_184' title='bbox 1127 1264 1299 1305; x_wconf 78' lang='lat' dir='ltr'>dignitates</span> 
     </span>
     <span class='ocr_line' id='line_1_26' title="bbox 341 1308 1299 1352; baseline -0.005 -9"><span class='ocrx_word' id='word_1_185' title='bbox 341 1311 521 1352; x_wconf 70' lang='lat' dir='ltr'>assequuti:</span> <span class='ocrx_word' id='word_1_186' title='bbox 547 1310 601 1342; x_wconf 90' lang='lat' dir='ltr'>sed</span> <span class='ocrx_word' id='word_1_187' title='bbox 626 1309 787 1350; x_wconf 81' lang='lat' dir='ltr'>patienter</span> <span class='ocrx_word' id='word_1_188' title='bbox 806 1316 915 1340; x_wconf 86' lang='lat' dir='ltr'>contra</span> <span class='ocrx_word' id='word_1_189' title='bbox 930 1309 989 1339; x_wconf 81' lang='lat' dir='ltr'>Dei</span> <span class='ocrx_word' id='word_1_190' title='bbox 1013 1308 1207 1339; x_wconf 81' lang='lat' dir='ltr'>voluntatem</span> <span class='ocrx_word' id='word_1_191' title='bbox 1227 1308 1299 1339; x_wconf 88' lang='lat' dir='ltr'>illos</span> 
     </span>
     <span class='ocr_line' id='line_1_27' title="bbox 341 1350 1298 1395; baseline -0.003 -12"><span class='ocrx_word' id='word_1_192' title='bbox 341 1362 468 1395; x_wconf 63' lang='lat' dir='ltr'>oportet</span> <span class='ocrx_word' id='word_1_193' title='bbox 491 1359 688 1393; x_wconf 81' lang='lat' dir='ltr'>exspectare,</span> <span class='ocrx_word' id='word_1_194' title='bbox 711 1358 742 1383; x_wconf 87' lang='lat' dir='ltr'>ct</span> <span class='ocrx_word' id='word_1_195' title='bbox 765 1362 834 1383; x_wconf 85' lang='lat' dir='ltr'>sese</span> <span class='ocrx_word' id='word_1_196' title='bbox 857 1358 940 1382; x_wconf 84' lang='lat' dir='ltr'>totos</span> <span class='ocrx_word' id='word_1_197' title='bbox 965 1351 1024 1391; x_wconf 83' lang='lat' dir='ltr'>ipsi</span> <span class='ocrx_word' id='word_1_198' title='bbox 1049 1350 1203 1390; x_wconf 88' lang='lat' dir='ltr'>regendos</span> <span class='ocrx_word' id='word_1_199' title='bbox 1226 1361 1298 1390; x_wconf 89' lang='lat' dir='ltr'>per·</span> 
     </span>
     <span class='ocr_line' id='line_1_28' title="bbox 342 1393 1299 1436; baseline -0.006 -7"><span class='ocrx_word' id='word_1_200' title='bbox 342 1398 478 1434; x_wconf 87' lang='lat' dir='ltr'>mittere,</span> <span class='ocrx_word' id='word_1_201' title='bbox 498 1406 602 1436; x_wconf 88' lang='lat' dir='ltr'>neque</span> <span class='ocrx_word' id='word_1_202' title='bbox 615 1396 641 1426; x_wconf 89' lang='lat' dir='ltr'>si</span> <span class='ocrx_word' id='word_1_203' title='bbox 655 1395 794 1426; x_wconf 93' lang='lat' dir='ltr'>Domino</span> <span class='ocrx_word' id='word_1_204' title='bbox 808 1394 957 1425; x_wconf 87' lang='lat' dir='ltr'>videatur</span> <span class='ocrx_word' id='word_1_205' title='bbox 976 1395 1058 1424; x_wconf 87' lang='lat' dir='ltr'>dona</span> <span class='ocrx_word' id='word_1_206' title='bbox 1078 1404 1157 1433; x_wconf 86' lang='lat' dir='ltr'>quae</span> <span class='ocrx_word' id='word_1_207' title='bbox 1177 1394 1208 1423; x_wconf 88' lang='lat' dir='ltr'>in</span> <span class='ocrx_word' id='word_1_208' title='bbox 1229 1393 1299 1424; x_wconf 90' lang='lat' dir='ltr'>illos</span> 
     </span>
     <span class='ocr_line' id='line_1_29' title="bbox 341 1436 1298 1478; baseline -0.006 -6"><span class='ocrx_word' id='word_1_209' title='bbox 341 1439 477 1472; x_wconf 90' lang='lat' dir='ltr'>eontulit</span> <span class='ocrx_word' id='word_1_210' title='bbox 496 1439 534 1469; x_wconf 89' lang='lat' dir='ltr'>ad</span> <span class='ocrx_word' id='word_1_211' title='bbox 557 1445 685 1478; x_wconf 86' lang='lat' dir='ltr'>tempus</span> <span class='ocrx_word' id='word_1_212' title='bbox 710 1437 879 1475; x_wconf 78' lang='lat' dir='ltr'>occultare,</span> <span class='ocrx_word' id='word_1_213' title='bbox 903 1437 974 1467; x_wconf 89' lang='lat' dir='ltr'>ideo</span> <span class='ocrx_word' id='word_1_214' title='bbox 998 1437 1140 1467; x_wconf 82' lang='lat' dir='ltr'>animum</span> <span class='ocrx_word' id='word_1_215' title='bbox 1164 1436 1298 1475; x_wconf 88' lang='lat' dir='ltr'>despon-</span> 
     </span>
     <span class='ocr_line' id='line_1_30' title="bbox 342 1479 1300 1521; baseline -0.004 -7"><span class='ocrx_word' id='word_1_216' title='bbox 342 1483 426 1514; x_wconf 84' lang='lat' dir='ltr'>dere.</span> <span class='ocrx_word' id='word_1_217' title='bbox 479 1481 590 1521; x_wconf 76' lang='lat' dir='ltr'>Neque</span> <span class='ocrx_word' id='word_1_218' title='bbox 629 1481 732 1518; x_wconf 71' lang='lat' dir='ltr'>enim,</span> <span class='ocrx_word' id='word_1_219' title='bbox 770 1487 805 1510; x_wconf 86' lang='lat' dir='ltr'>ut</span> <span class='ocrx_word' id='word_1_220' title='bbox 835 1480 880 1510; x_wconf 86' lang='lat' dir='ltr'>ait</span> <span class='ocrx_word' id='word_1_221' title='bbox 909 1479 1064 1520; x_wconf 87' lang='lat' dir='ltr'>propheta</span> <span class='ocrx_word' id='word_1_222' title='bbox 1094 1480 1125 1508; x_wconf 88' lang='lat' dir='ltr'>in</span> <span class='ocrx_word' id='word_1_223' title='bbox 1153 1479 1300 1517; x_wconf 78' lang='lat' dir='ltr'>Psalmis,</span> 
     </span>
     <span class='ocr_line' id='line_1_31' title="bbox 343 1522 1300 1566; baseline -0.002 -12"><span class='ocrx_word' id='word_1_224' title='bbox 343 1526 484 1566; x_wconf 83' lang='lat' dir='ltr'>dignitas</span> <span class='ocrx_word' id='word_1_225' title='bbox 517 1524 605 1555; x_wconf 86' lang='lat' dir='ltr'>venit</span> <span class='ocrx_word' id='word_1_226' title='bbox 630 1534 648 1554; x_wconf 81' lang='lat' dir='ltr'>a</span> <span class='ocrx_word' id='word_1_227' title='bbox 671 1523 791 1554; x_wconf 79' lang='lat' dir='ltr'>virtute</span> <span class='ocrx_word' id='word_1_228' title='bbox 814 1522 902 1560; x_wconf 87' lang='lat' dir='ltr'>coeli,</span> <span class='ocrx_word' id='word_1_229' title='bbox 932 1532 1033 1561; x_wconf 88' lang='lat' dir='ltr'>neque</span> <span class='ocrx_word' id='word_1_230' title='bbox 1058 1528 1170 1558; x_wconf 89' lang='lat' dir='ltr'>terrac,</span> <span class='ocrx_word' id='word_1_231' title='bbox 1199 1531 1300 1561; x_wconf 89' lang='lat' dir='ltr'>neque</span> 
     </span>
     <span class='ocr_line' id='line_1_32' title="bbox 343 1564 1300 1605; baseline -0.004 -6"><span class='ocrx_word' id='word_1_232' title='bbox 343 1569 382 1600; x_wconf 85' lang='lat' dir='ltr'>ab</span> <span class='ocrx_word' id='word_1_233' title='bbox 407 1567 551 1604; x_wconf 85' lang='lat' dir='ltr'>Oriente,</span> <span class='ocrx_word' id='word_1_234' title='bbox 575 1576 679 1605; x_wconf 87' lang='lat' dir='ltr'>neque</span> <span class='ocrx_word' id='word_1_235' title='bbox 703 1565 742 1596; x_wconf 89' lang='lat' dir='ltr'>ab</span> <span class='ocrx_word' id='word_1_236' title='bbox 762 1564 944 1596; x_wconf 84' lang='lat' dir='ltr'>Occidente.</span> <span class='ocrx_word' id='word_1_237' title='bbox 980 1565 1069 1595; x_wconf 84' lang='lat' dir='ltr'>Deus</span> <span class='ocrx_word' id='word_1_238' title='bbox 1092 1565 1190 1605; x_wconf 83' lang='lat' dir='ltr'>igitur</span> <span class='ocrx_word' id='word_1_239' title='bbox 1213 1565 1300 1595; x_wconf 72' lang='lat' dir='ltr'>solus</span> 
     </span>
     <span class='ocr_line' id='line_1_33' title="bbox 343 1607 1299 1647; baseline -0.005 -5"><span class='ocrx_word' id='word_1_240' title='bbox 343 1611 490 1642; x_wconf 89' lang='lat' dir='ltr'>homines</span> <span class='ocrx_word' id='word_1_241' title='bbox 523 1608 648 1640; x_wconf 78' lang='lat' dir='ltr'>extollit</span> <span class='ocrx_word' id='word_1_242' title='bbox 679 1608 730 1639; x_wconf 87' lang='lat' dir='ltr'>vel</span> <span class='ocrx_word' id='word_1_243' title='bbox 761 1607 915 1647; x_wconf 86' lang='lat' dir='ltr'>deprimit</span> <span class='ocrx_word' id='word_1_244' title='bbox 944 1615 1038 1647; x_wconf 90' lang='lat' dir='ltr'>prout</span> <span class='ocrx_word' id='word_1_245' title='bbox 1069 1607 1129 1647; x_wconf 81' lang='lat' dir='ltr'>ipsi</span> <span class='ocrx_word' id='word_1_246' title='bbox 1165 1607 1299 1644; x_wconf 86' lang='lat' dir='ltr'>videtur,</span> 
     </span>
     <span class='ocr_line' id='line_1_34' title="bbox 343 1649 1299 1692; baseline -0.003 -8"><span class='ocrx_word' id='word_1_247' title='bbox 343 1662 372 1684; x_wconf 91' lang='lat' dir='ltr'>et</span> <span class='ocrx_word' id='word_1_248' title='bbox 397 1654 431 1684; x_wconf 91' lang='lat' dir='ltr'>in</span> <span class='ocrx_word' id='word_1_249' title='bbox 455 1663 492 1683; x_wconf 87' lang='grc'>03</span> <span class='ocrx_word' id='word_1_250' title='bbox 516 1652 682 1692; x_wconf 79' lang='lat' dir='ltr'>dignitate,</span> <span class='ocrx_word' id='word_1_251' title='bbox 711 1661 792 1691; x_wconf 89' lang='lat' dir='ltr'>quae</span> <span class='ocrx_word' id='word_1_252' title='bbox 815 1651 875 1690; x_wconf 86' lang='lat' dir='ltr'>ipsi</span> <span class='ocrx_word' id='word_1_253' title='bbox 898 1650 1010 1691; x_wconf 85' lang='lat' dir='ltr'>placet,</span> <span class='ocrx_word' id='word_1_254' title='bbox 1035 1650 1134 1680; x_wconf 87' lang='lat' dir='ltr'>elatos</span> <span class='ocrx_word' id='word_1_255' title='bbox 1157 1649 1299 1681; x_wconf 86' lang='lat' dir='ltr'>collocat.</span> 
     </span>
    </p>

    <p class='ocr_par' dir='ltr' id='par_1_7' title="bbox 342 1692 1302 2077">
     <span class='ocr_line' id='line_1_35' title="bbox 428 1692 1301 1726; baseline 0 -3"><span class='ocrx_word' id='word_1_256' title='bbox 428 1696 603 1726; x_wconf 80' lang='lat' dir='ltr'>Caeterum</span> <span class='ocrx_word' id='word_1_257' title='bbox 633 1694 732 1725; x_wconf 83' lang='lat' dir='ltr'>etiam</span> <span class='ocrx_word' id='word_1_258' title='bbox 756 1693 831 1724; x_wconf 88' lang='lat' dir='ltr'>hinc</span> <span class='ocrx_word' id='word_1_259' title='bbox 854 1692 1088 1724; x_wconf 80' lang='lat' dir='ltr'>observandum</span> <span class='ocrx_word' id='word_1_260' title='bbox 1112 1692 1217 1723; x_wconf 87' lang='lat' dir='ltr'>Deum</span> <span class='ocrx_word' id='word_1_261' title='bbox 1242 1693 1301 1723; x_wconf 88' lang='lat' dir='ltr'>hae</span> 
     </span>
     <span class='ocr_line' id='line_1_36' title="bbox 342 1734 1301 1770; baseline -0.004 -1"><span class='ocrx_word' id='word_1_262' title='bbox 342 1739 467 1770; x_wconf 88' lang='lat' dir='ltr'>ratione</span> <span class='ocrx_word' id='word_1_263' title='bbox 497 1738 584 1767; x_wconf 79' lang='lat' dir='ltr'>viam</span> <span class='ocrx_word' id='word_1_264' title='bbox 616 1736 727 1767; x_wconf 84' lang='lat' dir='ltr'>secisse</span> <span class='ocrx_word' id='word_1_265' title='bbox 757 1735 898 1767; x_wconf 87' lang='lat' dir='ltr'>consiliis</span> <span class='ocrx_word' id='word_1_266' title='bbox 929 1735 994 1766; x_wconf 84' lang='lat' dir='ltr'>suis</span> <span class='ocrx_word' id='word_1_267' title='bbox 1018 1734 1056 1765; x_wconf 91' lang='lat' dir='ltr'>ad</span> <span class='ocrx_word' id='word_1_268' title='bbox 1081 1736 1177 1765; x_wconf 88' lang='lat' dir='ltr'>finem</span> <span class='ocrx_word' id='word_1_269' title='bbox 1201 1735 1301 1765; x_wconf 87' lang='lat' dir='ltr'>dedu-</span> 
     </span>
     <span class='ocr_line' id='line_1_37' title="bbox 342 1777 1301 1818; baseline -0.005 -6"><span class='ocrx_word' id='word_1_270' title='bbox 342 1781 461 1817; x_wconf 86' lang='lat' dir='ltr'>cendis,</span> <span class='ocrx_word' id='word_1_271' title='bbox 496 1780 534 1811; x_wconf 90' lang='lat' dir='ltr'>de</span> <span class='ocrx_word' id='word_1_272' title='bbox 566 1778 694 1810; x_wconf 85' lang='lat' dir='ltr'>Davidc</span> <span class='ocrx_word' id='word_1_273' title='bbox 723 1779 756 1809; x_wconf 87' lang='lat' dir='ltr'>in</span> <span class='ocrx_word' id='word_1_274' title='bbox 792 1778 879 1809; x_wconf 86' lang='lat' dir='ltr'>illam</span> <span class='ocrx_word' id='word_1_275' title='bbox 910 1777 1098 1818; x_wconf 88' lang='lat' dir='ltr'>dignitatem</span> <span class='ocrx_word' id='word_1_276' title='bbox 1135 1778 1173 1808; x_wconf 91' lang='lat' dir='ltr'>ad</span> <span class='ocrx_word' id='word_1_277' title='bbox 1207 1788 1301 1817; x_wconf 81' lang='lat' dir='ltr'>quam</span> 
     </span>
     <span class='ocr_line' id='line_1_38' title="bbox 342 1820 1301 1860; baseline -0.004 -6"><span class='ocrx_word' id='word_1_278' title='bbox 342 1831 461 1855; x_wconf 86' lang='lat' dir='ltr'>unctus</span> <span class='ocrx_word' id='word_1_279' title='bbox 484 1823 588 1853; x_wconf 82' lang='lat' dir='ltr'>fuerat</span> <span class='ocrx_word' id='word_1_280' title='bbox 611 1821 788 1852; x_wconf 78' lang='lat' dir='ltr'>evehendo.</span> <span class='ocrx_word' id='word_1_281' title='bbox 834 1820 920 1852; x_wconf 82' lang='lat' dir='ltr'>Sane</span> <span class='ocrx_word' id='word_1_282' title='bbox 948 1821 1048 1852; x_wconf 84' lang='lat' dir='ltr'>fateor</span> <span class='ocrx_word' id='word_1_283' title='bbox 1071 1821 1175 1860; x_wconf 87' lang='lat' dir='ltr'>prima</span> <span class='ocrx_word' id='word_1_284' title='bbox 1199 1821 1301 1851; x_wconf 78' lang='lat' dir='ltr'>fronte</span> 
     </span>
     <span class='ocr_line' id='line_1_39' title="bbox 343 1863 1302 1902; baseline -0.003 -5"><span class='ocrx_word' id='word_1_285' title='bbox 343 1878 407 1897; x_wconf 90' lang='lat' dir='ltr'>non</span> <span class='ocrx_word' id='word_1_286' title='bbox 438 1865 537 1896; x_wconf 84' lang='lat' dir='ltr'>videri</span> <span class='ocrx_word' id='word_1_287' title='bbox 570 1865 725 1896; x_wconf 88' lang='lat' dir='ltr'>musicam</span> <span class='ocrx_word' id='word_1_288' title='bbox 757 1865 870 1902; x_wconf 90' lang='lat' dir='ltr'>istam,</span> <span class='ocrx_word' id='word_1_289' title='bbox 903 1868 935 1894; x_wconf 87' lang='lat' dir='ltr'>et</span> <span class='ocrx_word' id='word_1_290' title='bbox 965 1863 1122 1895; x_wconf 87' lang='lat' dir='ltr'>citharam</span> <span class='ocrx_word' id='word_1_291' title='bbox 1153 1863 1302 1902; x_wconf 82' lang='lat' dir='ltr'>pulsandi</span> 
     </span>
     <span class='ocr_line' id='line_1_40' title="bbox 343 1905 1301 1944; baseline -0.005 -4"><span class='ocrx_word' id='word_1_292' title='bbox 343 1909 522 1944; x_wconf 81' lang='lat' dir='ltr'>scientiam,</span> <span class='ocrx_word' id='word_1_293' title='bbox 552 1907 651 1938; x_wconf 81' lang='lat' dir='ltr'>fuisse</span> <span class='ocrx_word' id='word_1_294' title='bbox 682 1907 766 1938; x_wconf 88' lang='lat' dir='ltr'>viam</span> <span class='ocrx_word' id='word_1_295' title='bbox 798 1905 837 1937; x_wconf 88' lang='lat' dir='ltr'>ad</span> <span class='ocrx_word' id='word_1_296' title='bbox 867 1916 1028 1944; x_wconf 87' lang='grc'><strong>00100301,</strong></span> <span class='ocrx_word' id='word_1_297' title='bbox 1060 1915 1169 1936; x_wconf 81' lang='lat' dir='ltr'>verum</span> <span class='ocrx_word' id='word_1_298' title='bbox 1195 1912 1301 1936; x_wconf 80' lang='lat' dir='ltr'>tamen</span> 
     </span>
     <span class='ocr_line' id='line_1_41' title="bbox 344 1948 1301 1987; baseline -0.004 -5"><span class='ocrx_word' id='word_1_299' title='bbox 344 1953 450 1982; x_wconf 79' lang='lat' dir='ltr'>exitus</span> <span class='ocrx_word' id='word_1_300' title='bbox 480 1949 575 1981; x_wconf 89' lang='lat' dir='ltr'>fidem</span> <span class='ocrx_word' id='word_1_301' title='bbox 603 1950 691 1981; x_wconf 88' lang='lat' dir='ltr'>facit:</span> <span class='ocrx_word' id='word_1_302' title='bbox 723 1950 830 1980; x_wconf 89' lang='lat' dir='ltr'>Deum</span> <span class='ocrx_word' id='word_1_303' title='bbox 851 1948 1031 1980; x_wconf 83' lang='lat' dir='ltr'>admirabili</span> <span class='ocrx_word' id='word_1_304' title='bbox 1054 1958 1113 1978; x_wconf 88' lang='lat' dir='ltr'>sua</span> <span class='ocrx_word' id='word_1_305' title='bbox 1137 1949 1301 1987; x_wconf 77' lang='lat' dir='ltr'>providen-</span> 
     </span>
     <span class='ocr_line' id='line_1_42' title="bbox 345 1990 1301 2031; baseline -0.003 -6"><span class='ocrx_word' id='word_1_306' title='bbox 345 1996 389 2025; x_wconf 86' lang='lat' dir='ltr'>tia</span> <span class='ocrx_word' id='word_1_307' title='bbox 419 2004 514 2024; x_wconf 80' lang='lat' dir='ltr'>usum</span> <span class='ocrx_word' id='word_1_308' title='bbox 543 1993 602 2024; x_wconf 90' lang='grc'><strong>1130</strong></span> <span class='ocrx_word' id='word_1_309' title='bbox 633 1993 685 2023; x_wconf 80' lang='lat' dir='ltr'>via</span> <span class='ocrx_word' id='word_1_310' title='bbox 716 1992 755 2023; x_wconf 87' lang='lat' dir='ltr'>ad</span> <span class='ocrx_word' id='word_1_311' title='bbox 779 1992 811 2022; x_wconf 86' lang='lat' dir='ltr'>id</span> <span class='ocrx_word' id='word_1_312' title='bbox 835 1990 1074 2031; x_wconf 87' lang='lat' dir='ltr'>perficiendum.</span> <span class='ocrx_word' id='word_1_313' title='bbox 1117 1990 1228 2030; x_wconf 82' lang='lat' dir='ltr'>Itaque</span> <span class='ocrx_word' id='word_1_314' title='bbox 1253 1992 1301 2022; x_wconf 92' lang='lat' dir='ltr'>vcl</span> 
     </span>
     <span class='ocr_line' id='line_1_43' title="bbox 344 2033 1302 2077; baseline -0.005 -9"><span class='ocrx_word' id='word_1_315' title='bbox 344 2038 413 2077; x_wconf 87' lang='lat' dir='ltr'>ipso</span> <span class='ocrx_word' id='word_1_316' title='bbox 438 2036 537 2067; x_wconf 81' lang='lat' dir='ltr'>Saule</span> <span class='ocrx_word' id='word_1_317' title='bbox 561 2041 753 2076; x_wconf 75' lang='lat' dir='ltr'>promotore,</span> <span class='ocrx_word' id='word_1_318' title='bbox 777 2035 851 2066; x_wconf 90' lang='lat' dir='ltr'>lieet</span> <span class='ocrx_word' id='word_1_319' title='bbox 875 2038 1002 2075; x_wconf 88' lang='lat' dir='ltr'>praeter</span> <span class='ocrx_word' id='word_1_320' title='bbox 1021 2033 1120 2074; x_wconf 88' lang='lat' dir='ltr'>ipsius</span> <span class='ocrx_word' id='word_1_321' title='bbox 1152 2039 1302 2074; x_wconf 82' lang='lat' dir='ltr'>mentem,</span> 
     </span>
    </p>
   </div>
   <div class='ocr_carea' id='block_1_7' title="bbox 345 2077 1329 2118">
    <p class='ocr_par' dir='ltr' id='par_1_8' title="bbox 345 2077 1329 2118">
     <span class='ocr_line' id='line_1_44' title="bbox 345 2077 1329 2118; baseline -0.003 -7"><span class='ocrx_word' id='word_1_322' title='bbox 345 2081 435 2111; x_wconf 85' lang='lat' dir='ltr'>Deus</span> <span class='ocrx_word' id='word_1_323' title='bbox 457 2089 533 2110; x_wconf 87' lang='lat' dir='ltr'>usus</span> <span class='ocrx_word' id='word_1_324' title='bbox 553 2085 611 2109; x_wconf 89' lang='lat' dir='ltr'>est.</span> <span class='ocrx_word' id='word_1_325' title='bbox 641 2077 754 2118; x_wconf 89' lang='lat' dir='ltr'>Neque</span> <span class='ocrx_word' id='word_1_326' title='bbox 773 2077 858 2108; x_wconf 89' lang='lat' dir='ltr'>enim</span> <span class='ocrx_word' id='word_1_327' title='bbox 879 2078 905 2108; x_wconf 91' lang='lat' dir='ltr'>si</span> <span class='ocrx_word' id='word_1_328' title='bbox 924 2077 1072 2108; x_wconf 85' lang='lat' dir='ltr'>scivisset</span> <span class='ocrx_word' id='word_1_329' title='bbox 1089 2086 1301 2108; x_wconf 78' lang='lat' dir='ltr'>successorem</span> <span class='ocrx_word' id='word_1_330' title='bbox 1328 2082 1329 2116; x_wconf 45' lang='lat' dir='ltr'>g</span> 
     </span>
    </p>
   </div>
   <div class='ocr_carea' id='block_1_8' title="bbox 345 2118 1302 2161">
    <p class='ocr_par' dir='ltr' id='par_1_9' title="bbox 345 2118 1302 2161">
     <span class='ocr_line' id='line_1_45' title="bbox 345 2118 1302 2161; baseline -0.003 -8"><span class='ocrx_word' id='word_1_331' title='bbox 345 2123 404 2154; x_wconf 90' lang='lat' dir='ltr'>sibi</span> <span class='ocrx_word' id='word_1_332' title='bbox 429 2121 630 2161; x_wconf 85' lang='lat' dir='ltr'>designatum</span> <span class='ocrx_word' id='word_1_333' title='bbox 654 2120 813 2151; x_wconf 85' lang='lat' dir='ltr'>Davidem</span> <span class='ocrx_word' id='word_1_334' title='bbox 844 2119 929 2151; x_wconf 86' lang='lat' dir='ltr'>ultro</span> <span class='ocrx_word' id='word_1_335' title='bbox 953 2119 986 2150; x_wconf 92' lang='grc'>10</span> <span class='ocrx_word' id='word_1_336' title='bbox 1010 2119 1115 2150; x_wconf 84' lang='lat' dir='ltr'>aulam</span> <span class='ocrx_word' id='word_1_337' title='bbox 1139 2118 1302 2150; x_wconf 88' lang='lat' dir='ltr'>hominem</span> 
     </span>
    </p>
   </div>
   <div class='ocr_carea' id='block_1_9' title="bbox 346 2161 1330 2203">
    <p class='ocr_par' dir='ltr' id='par_1_10' title="bbox 346 2161 1330 2203">
     <span class='ocr_line' id='line_1_46' title="bbox 346 2161 1330 2203; baseline -0.003 -7"><span class='ocrx_word' id='word_1_338' title='bbox 346 2164 544 2199; x_wconf 75' lang='lat' dir='ltr'>advocasset,</span> <span class='ocrx_word' id='word_1_339' title='bbox 576 2173 680 2203; x_wconf 89' lang='lat' dir='ltr'>neque</span> <span class='ocrx_word' id='word_1_340' title='bbox 710 2163 846 2203; x_wconf 82' lang='lat' dir='ltr'>gloriam</span> <span class='ocrx_word' id='word_1_341' title='bbox 879 2162 969 2193; x_wconf 91' lang='lat' dir='ltr'>illum</span> <span class='ocrx_word' id='word_1_342' title='bbox 998 2161 1161 2202; x_wconf 83' lang='lat' dir='ltr'>acquirere</span> <span class='ocrx_word' id='word_1_343' title='bbox 1187 2163 1303 2201; x_wconf 67' lang='grc'><strong>11011111-</strong></span> <span class='ocrx_word' id='word_1_344' title='bbox 1329 2182 1330 2187; x_wconf 63' lang='lat'>,</span> 
     </span>
    </p>
   </div>
   <div class='ocr_carea' id='block_1_10' title="bbox 346 2203 1307 2673">
    <p class='ocr_par' dir='ltr' id='par_1_11' title="bbox 346 2203 1307 2673">
     <span class='ocr_line' id='line_1_47' title="bbox 346 2203 1303 2246; baseline -0.003 -7"><span class='ocrx_word' id='word_1_345' title='bbox 346 2209 450 2243; x_wconf 85' lang='lat' dir='ltr'>sisset,</span> <span class='ocrx_word' id='word_1_346' title='bbox 474 2206 528 2238; x_wconf 86' lang='lat' dir='ltr'>sed</span> <span class='ocrx_word' id='word_1_347' title='bbox 552 2207 658 2246; x_wconf 82' lang='lat' dir='ltr'>potius</span> <span class='ocrx_word' id='word_1_348' title='bbox 678 2215 736 2245; x_wconf 90' lang='lat' dir='ltr'>pro</span> <span class='ocrx_word' id='word_1_349' title='bbox 757 2206 877 2236; x_wconf 84' lang='lat' dir='ltr'>viribus</span> <span class='ocrx_word' id='word_1_350' title='bbox 897 2205 1019 2246; x_wconf 87' lang='lat' dir='ltr'>eripere</span> <span class='ocrx_word' id='word_1_351' title='bbox 1041 2205 1141 2234; x_wconf 87' lang='lat' dir='ltr'>vitam</span> <span class='ocrx_word' id='word_1_352' title='bbox 1160 2203 1206 2234; x_wconf 91' lang='lat' dir='ltr'>illi</span> <span class='ocrx_word' id='word_1_353' title='bbox 1226 2215 1303 2245; x_wconf 85' lang='lat' dir='ltr'>qua-</span> 
     </span>
     <span class='ocr_line' id='line_1_48' title="bbox 346 2247 1304 2290; baseline -0.004 -8"><span class='ocrx_word' id='word_1_354' title='bbox 346 2260 472 2290; x_wconf 84' lang='lat' dir='ltr'>cunque</span> <span class='ocrx_word' id='word_1_355' title='bbox 505 2250 629 2280; x_wconf 81' lang='lat' dir='ltr'>rationc</span> <span class='ocrx_word' id='word_1_356' title='bbox 660 2254 792 2280; x_wconf 87' lang='lat' dir='ltr'>conatus</span> <span class='ocrx_word' id='word_1_357' title='bbox 822 2248 945 2279; x_wconf 88' lang='lat' dir='ltr'>fuisset.</span> <span class='ocrx_word' id='word_1_358' title='bbox 990 2247 1073 2278; x_wconf 89' lang='lat' dir='ltr'>Nam</span> <span class='ocrx_word' id='word_1_359' title='bbox 1097 2252 1129 2278; x_wconf 87' lang='lat' dir='ltr'>et</span> <span class='ocrx_word' id='word_1_360' title='bbox 1151 2247 1235 2278; x_wconf 80' lang='lat' dir='ltr'>iufra</span> <span class='ocrx_word' id='word_1_361' title='bbox 1258 2249 1304 2278; x_wconf 80' lang='lat' dir='ltr'>vi—</span> 
     </span>
     <span class='ocr_line' id='line_1_49' title="bbox 347 2289 1303 2330; baseline -0.002 -7"><span class='ocrx_word' id='word_1_362' title='bbox 347 2293 413 2324; x_wconf 86' lang='lat' dir='ltr'>suri</span> <span class='ocrx_word' id='word_1_363' title='bbox 449 2302 560 2323; x_wconf 89' lang='lat' dir='ltr'>sumus</span> <span class='ocrx_word' id='word_1_364' title='bbox 596 2291 726 2323; x_wconf 80' lang='lat' dir='ltr'>Saulem</span> <span class='ocrx_word' id='word_1_365' title='bbox 759 2291 807 2322; x_wconf 90' lang='lat' dir='ltr'>ira</span> <span class='ocrx_word' id='word_1_366' title='bbox 839 2296 871 2321; x_wconf 87' lang='lat' dir='ltr'>et</span> <span class='ocrx_word' id='word_1_367' title='bbox 905 2291 1011 2321; x_wconf 84' lang='lat' dir='ltr'>furore</span> <span class='ocrx_word' id='word_1_368' title='bbox 1044 2289 1216 2330; x_wconf 80' lang='lat' dir='ltr'>percitum,</span> <span class='ocrx_word' id='word_1_369' title='bbox 1252 2290 1303 2321; x_wconf 92' lang='grc'><strong>0111</strong></span> 
     </span>
     <span class='ocr_line' id='line_1_50' title="bbox 349 2331 1304 2374; baseline -0.003 -8"><span class='ocrx_word' id='word_1_370' title='bbox 349 2334 506 2366; x_wconf 80' lang='lat' dir='ltr'>Davidem</span> <span class='ocrx_word' id='word_1_371' title='bbox 531 2333 759 2364; x_wconf 84' lang='lat' dir='ltr'>animadvertit</span> <span class='ocrx_word' id='word_1_372' title='bbox 783 2333 887 2374; x_wconf 83' lang='lat' dir='ltr'>gratia</span> <span class='ocrx_word' id='word_1_373' title='bbox 911 2333 1018 2364; x_wconf 84' lang='lat' dir='ltr'>valere</span> <span class='ocrx_word' id='word_1_374' title='bbox 1042 2332 1124 2372; x_wconf 88' lang='lat' dir='ltr'>apud</span> <span class='ocrx_word' id='word_1_375' title='bbox 1149 2331 1304 2369; x_wconf 88' lang='lat' dir='ltr'>homines,</span> 
     </span>
     <span class='ocr_line' id='line_1_51' title="bbox 348 2375 1304 2417; baseline -0.002 -9"><span class='ocrx_word' id='word_1_376' title='bbox 348 2388 479 2409; x_wconf 87' lang='lat' dir='ltr'>manum</span> <span class='ocrx_word' id='word_1_377' title='bbox 514 2377 633 2407; x_wconf 85' lang='lat' dir='ltr'>inferre</span> <span class='ocrx_word' id='word_1_378' title='bbox 666 2377 728 2417; x_wconf 88' lang='lat' dir='ltr'>ipsi</span> <span class='ocrx_word' id='word_1_379' title='bbox 763 2384 794 2407; x_wconf 89' lang='lat' dir='ltr'>et</span> <span class='ocrx_word' id='word_1_380' title='bbox 828 2376 989 2407; x_wconf 86' lang='lat' dir='ltr'>trucidare</span> <span class='ocrx_word' id='word_1_381' title='bbox 1029 2375 1156 2416; x_wconf 89' lang='lat' dir='ltr'>propria</span> <span class='ocrx_word' id='word_1_382' title='bbox 1197 2386 1304 2413; x_wconf 86' lang='lat' dir='ltr'>manu,</span> 
     </span>
     <span class='ocr_line' id='line_1_52' title="bbox 348 2417 1306 2457; baseline -0.003 -6"><span class='ocrx_word' id='word_1_383' title='bbox 348 2422 417 2452; x_wconf 88' lang='grc'><strong>5100</strong></span> <span class='ocrx_word' id='word_1_384' title='bbox 436 2420 600 2451; x_wconf 85' lang='lat' dir='ltr'>occasione</span> <span class='ocrx_word' id='word_1_385' title='bbox 620 2426 738 2457; x_wconf 84' lang='lat' dir='ltr'>tamen,</span> <span class='ocrx_word' id='word_1_386' title='bbox 758 2419 856 2450; x_wconf 83' lang='lat' dir='ltr'>fuisse</span> <span class='ocrx_word' id='word_1_387' title='bbox 874 2424 1034 2450; x_wconf 86' lang='lat' dir='ltr'>conatum.</span> <span class='ocrx_word' id='word_1_388' title='bbox 1065 2417 1174 2456; x_wconf 80' lang='lat' dir='ltr'>Quare</span> <span class='ocrx_word' id='word_1_389' title='bbox 1186 2418 1306 2449; x_wconf 89' lang='lat' dir='ltr'>inscius</span> 
     </span>
     <span class='ocr_line' id='line_1_53' title="bbox 349 2461 1305 2499; baseline -0.002 -6"><span class='ocrx_word' id='word_1_390' title='bbox 349 2473 455 2494; x_wconf 91' lang='lat' dir='ltr'>rerum</span> <span class='ocrx_word' id='word_1_391' title='bbox 480 2464 663 2493; x_wconf 80' lang='lat' dir='ltr'>suturarum</span> <span class='ocrx_word' id='word_1_392' title='bbox 683 2461 844 2492; x_wconf 84' lang='lat' dir='ltr'>Davidem</span> <span class='ocrx_word' id='word_1_393' title='bbox 868 2461 907 2492; x_wconf 85' lang='lat' dir='ltr'>ad</span> <span class='ocrx_word' id='word_1_394' title='bbox 929 2472 961 2492; x_wconf 91' lang='grc'>50</span> <span class='ocrx_word' id='word_1_395' title='bbox 985 2462 1017 2492; x_wconf 89' lang='grc'>10</span> <span class='ocrx_word' id='word_1_396' title='bbox 1041 2461 1147 2491; x_wconf 89' lang='lat' dir='ltr'>aulam</span> <span class='ocrx_word' id='word_1_397' title='bbox 1172 2461 1305 2499; x_wconf 85' lang='lat' dir='ltr'>vocavit,</span> 
     </span>
     <span class='ocr_line' id='line_1_54' title="bbox 349 2503 1306 2546; baseline -0.003 -10"><span class='ocrx_word' id='word_1_398' title='bbox 349 2512 379 2536; x_wconf 87' lang='lat' dir='ltr'>et</span> <span class='ocrx_word' id='word_1_399' title='bbox 410 2504 494 2546; x_wconf 89' lang='lat' dir='ltr'>apud</span> <span class='ocrx_word' id='word_1_400' title='bbox 526 2515 559 2536; x_wconf 90' lang='lat' dir='ltr'>sc</span> <span class='ocrx_word' id='word_1_401' title='bbox 590 2504 739 2536; x_wconf 89' lang='lat' dir='ltr'>retinuit:</span> <span class='ocrx_word' id='word_1_402' title='bbox 769 2503 824 2535; x_wconf 88' lang='lat' dir='ltr'>sed</span> <span class='ocrx_word' id='word_1_403' title='bbox 852 2514 908 2544; x_wconf 87' lang='lat' dir='ltr'>spe</span> <span class='ocrx_word' id='word_1_404' title='bbox 938 2514 995 2534; x_wconf 88' lang='grc'><strong>5113</strong></span> <span class='ocrx_word' id='word_1_405' title='bbox 1019 2503 1137 2534; x_wconf 76' lang='lat' dir='ltr'>excidit</span> <span class='ocrx_word' id='word_1_406' title='bbox 1160 2510 1191 2534; x_wconf 88' lang='grc'>01</span> <span class='ocrx_word' id='word_1_407' title='bbox 1215 2504 1306 2543; x_wconf 87' lang='lat' dir='ltr'>longe</span> 
     </span>
     <span class='ocr_line' id='line_1_55' title="bbox 349 2545 1306 2587; baseline -0.001 -10"><span class='ocrx_word' id='word_1_408' title='bbox 349 2548 497 2587; x_wconf 80' lang='lat' dir='ltr'>opinione</span> <span class='ocrx_word' id='word_1_409' title='bbox 521 2547 620 2578; x_wconf 75' lang='lat' dir='ltr'>falsus</span> <span class='ocrx_word' id='word_1_410' title='bbox 643 2553 700 2579; x_wconf 89' lang='grc'><strong>051.</strong></span> <span class='ocrx_word' id='word_1_411' title='bbox 746 2547 868 2578; x_wconf 87' lang='lat' dir='ltr'>Verum</span> <span class='ocrx_word' id='word_1_412' title='bbox 893 2546 984 2578; x_wconf 90' lang='lat' dir='ltr'>Deus</span> <span class='ocrx_word' id='word_1_413' title='bbox 1006 2556 1079 2577; x_wconf 88' lang='lat' dir='ltr'>eum</span> <span class='ocrx_word' id='word_1_414' title='bbox 1103 2546 1142 2577; x_wconf 90' lang='lat' dir='ltr'>ad</span> <span class='ocrx_word' id='word_1_415' title='bbox 1167 2545 1224 2578; x_wconf 88' lang='lat' dir='ltr'>hoc</span> <span class='ocrx_word' id='word_1_416' title='bbox 1248 2546 1306 2577; x_wconf 92' lang='lat' dir='ltr'>im-</span> 
     </span>
     <span class='ocr_line' id='line_1_56' title="bbox 351 2588 1307 2630; baseline -0.001 -10"><span class='ocrx_word' id='word_1_417' title='bbox 351 2591 442 2630; x_wconf 85' lang='lat' dir='ltr'>pulit,</span> <span class='ocrx_word' id='word_1_418' title='bbox 474 2595 509 2621; x_wconf 92' lang='lat' dir='ltr'>ut</span> <span class='ocrx_word' id='word_1_419' title='bbox 539 2589 708 2621; x_wconf 84' lang='lat' dir='ltr'>hominum</span> <span class='ocrx_word' id='word_1_420' title='bbox 740 2589 838 2621; x_wconf 89' lang='lat' dir='ltr'>corda</span> <span class='ocrx_word' id='word_1_421' title='bbox 868 2596 971 2630; x_wconf 86' lang='lat' dir='ltr'>potest</span> <span class='ocrx_word' id='word_1_422' title='bbox 1000 2599 1057 2629; x_wconf 90' lang='lat' dir='ltr'>pro</span> <span class='ocrx_word' id='word_1_423' title='bbox 1088 2599 1163 2620; x_wconf 85' lang='lat' dir='ltr'>suae</span> <span class='ocrx_word' id='word_1_424' title='bbox 1194 2588 1307 2620; x_wconf 88' lang='lat' dir='ltr'>volun-</span> 
     </span>
     <span class='ocr_line' id='line_1_57' title="bbox 352 2631 1305 2673; baseline 0 -11"><span class='ocrx_word' id='word_1_425' title='bbox 352 2633 425 2664; x_wconf 77' lang='lat' dir='ltr'>tatis</span> <span class='ocrx_word' id='word_1_426' title='bbox 455 2633 587 2663; x_wconf 83' lang='lat' dir='ltr'>arbitrio</span> <span class='ocrx_word' id='word_1_427' title='bbox 617 2633 743 2664; x_wconf 86' lang='lat' dir='ltr'>flectere</span> <span class='ocrx_word' id='word_1_428' title='bbox 767 2639 798 2663; x_wconf 84' lang='lat' dir='ltr'>ct</span> <span class='ocrx_word' id='word_1_429' title='bbox 822 2642 947 2673; x_wconf 86' lang='lat' dir='ltr'>regere:</span> <span class='ocrx_word' id='word_1_430' title='bbox 978 2639 1011 2663; x_wconf 91' lang='lat' dir='ltr'>et</span> <span class='ocrx_word' id='word_1_431' title='bbox 1039 2631 1305 2672; x_wconf 87' lang='lat' dir='ltr'>quemadmodum</span> 
     </span>
    </p>
   </div>
   <div class='ocr_carea' id='block_1_11' title="bbox 2253 191 2312 222">
    <p class='ocr_par' dir='ltr' id='par_1_12' title="bbox 2253 191 2312 222">
     <span class='ocr_line' id='line_1_58' title="bbox 2253 191 2312 222; baseline 0.017 -1"><span class='ocrx_word' id='word_1_432' title='bbox 2253 191 2312 222; x_wconf 86' lang='grc'>188</span> 
     </span>
    </p>
   </div>
   <div class='ocr_carea' id='block_1_12' title="bbox 1350 283 2314 2245">
    <p class='ocr_par' dir='ltr' id='par_1_13' title="bbox 1350 283 2314 2245">
     <span class='ocr_line' id='line_1_59' title="bbox 1352 283 2310 325; baseline 0.001 -11"><span class='ocrx_word' id='word_1_433' title='bbox 1352 294 1509 323; x_wconf 83' lang='lat' dir='ltr'>aquarum</span> <span class='ocrx_word' id='word_1_434' title='bbox 1542 285 1695 314; x_wconf 85' lang='lat' dir='ltr'>decursus</span> <span class='ocrx_word' id='word_1_435' title='bbox 1725 285 1807 325; x_wconf 87' lang='lat' dir='ltr'>regit</span> <span class='ocrx_word' id='word_1_436' title='bbox 1837 291 1867 314; x_wconf 83' lang='lat' dir='ltr'>ct</span> <span class='ocrx_word' id='word_1_437' title='bbox 1897 283 2092 319; x_wconf 82' lang='lat' dir='ltr'>moderatur.</span> <span class='ocrx_word' id='word_1_438' title='bbox 2124 284 2168 314; x_wconf 86' lang='lat' dir='ltr'>ita</span> <span class='ocrx_word' id='word_1_439' title='bbox 2199 294 2310 325; x_wconf 85' lang='lat' dir='ltr'>regum</span> 
     </span>
     <span class='ocr_line' id='line_1_60' title="bbox 1351 325 2312 367; baseline 0.003 -12"><span class='ocrx_word' id='word_1_440' title='bbox 1351 334 1382 356; x_wconf 90' lang='lat' dir='ltr'>et</span> <span class='ocrx_word' id='word_1_441' title='bbox 1414 326 1594 365; x_wconf 82' lang='lat' dir='ltr'>principum</span> <span class='ocrx_word' id='word_1_442' title='bbox 1626 326 1722 358; x_wconf 87' lang='lat' dir='ltr'>corda</span> <span class='ocrx_word' id='word_1_443' title='bbox 1756 334 1880 365; x_wconf 73' lang='lat' dir='ltr'>movet,</span> <span class='ocrx_word' id='word_1_444' title='bbox 1916 337 1998 367; x_wconf 83' lang='lat' dir='ltr'>quae</span> <span class='ocrx_word' id='word_1_445' title='bbox 2032 327 2107 358; x_wconf 90' lang='lat' dir='ltr'>licet</span> <span class='ocrx_word' id='word_1_446' title='bbox 2140 325 2312 358; x_wconf 84' lang='lat' dir='ltr'>videantur</span> 
     </span>
     <span class='ocr_line' id='line_1_61' title="bbox 1351 368 2311 410; baseline 0.004 -12"><span class='ocrx_word' id='word_1_447' title='bbox 1351 369 1486 399; x_wconf 84' lang='lat' dir='ltr'>summis</span> <span class='ocrx_word' id='word_1_448' title='bbox 1506 368 1693 400; x_wconf 75' lang='lat' dir='ltr'>fluminibus</span> <span class='ocrx_word' id='word_1_449' title='bbox 1712 369 1760 400; x_wconf 82' lang='lat' dir='ltr'>vel</span> <span class='ocrx_word' id='word_1_450' title='bbox 1782 369 1862 400; x_wconf 82' lang='lat' dir='ltr'>mari</span> <span class='ocrx_word' id='word_1_451' title='bbox 1883 379 2001 410; x_wconf 86' lang='lat' dir='ltr'>magno</span> <span class='ocrx_word' id='word_1_452' title='bbox 2019 369 2198 400; x_wconf 87' lang='lat' dir='ltr'>simillima:</span> <span class='ocrx_word' id='word_1_453' title='bbox 2220 368 2311 402; x_wconf 84' lang='lat' dir='ltr'>Deus</span> 
     </span>
     <span class='ocr_line' id='line_1_62' title="bbox 1351 411 2311 451; baseline 0.001 -10"><span class='ocrx_word' id='word_1_454' title='bbox 1351 418 1461 442; x_wconf 87' lang='lat' dir='ltr'>tamen</span> <span class='ocrx_word' id='word_1_455' title='bbox 1486 411 1534 441; x_wconf 82' lang='lat' dir='ltr'>vel</span> <span class='ocrx_word' id='word_1_456' title='bbox 1557 411 1688 442; x_wconf 89' lang='lat' dir='ltr'>immota</span> <span class='ocrx_word' id='word_1_457' title='bbox 1713 413 1796 449; x_wconf 85' lang='lat' dir='ltr'>facit,</span> <span class='ocrx_word' id='word_1_458' title='bbox 1824 412 1870 442; x_wconf 79' lang='lat' dir='ltr'>vel</span> <span class='ocrx_word' id='word_1_459' title='bbox 1897 412 1928 443; x_wconf 89' lang='lat' dir='ltr'>in</span> <span class='ocrx_word' id='word_1_460' title='bbox 1955 413 2037 443; x_wconf 86' lang='lat' dir='ltr'>banc</span> <span class='ocrx_word' id='word_1_461' title='bbox 2056 419 2111 443; x_wconf 86' lang='lat' dir='ltr'>aut</span> <span class='ocrx_word' id='word_1_462' title='bbox 2129 411 2218 442; x_wconf 87' lang='lat' dir='ltr'>illam</span> <span class='ocrx_word' id='word_1_463' title='bbox 2238 421 2311 451; x_wconf 87' lang='lat' dir='ltr'>par-</span> 
     </span>
     <span class='ocr_line' id='line_1_63' title="bbox 1352 453 2310 494; baseline 0.001 -11"><span class='ocrx_word' id='word_1_464' title='bbox 1352 460 1415 484; x_wconf 87' lang='lat' dir='ltr'>tem</span> <span class='ocrx_word' id='word_1_465' title='bbox 1441 453 1584 484; x_wconf 88' lang='lat' dir='ltr'>inflectit.</span> <span class='ocrx_word' id='word_1_466' title='bbox 1620 455 1838 494; x_wconf 78' lang='lat' dir='ltr'>Conspicuum</span> <span class='ocrx_word' id='word_1_467' title='bbox 1859 454 1942 486; x_wconf 90' lang='lat' dir='ltr'>istud</span> <span class='ocrx_word' id='word_1_468' title='bbox 1963 460 2012 486; x_wconf 91' lang='lat' dir='ltr'>est</span> <span class='ocrx_word' id='word_1_469' title='bbox 2030 453 2178 494; x_wconf 84' lang='lat' dir='ltr'>exemplo</span> <span class='ocrx_word' id='word_1_470' title='bbox 2191 453 2310 493; x_wconf 81' lang='lat' dir='ltr'>Saulis,</span> 
     </span>
     <span class='ocr_line' id='line_1_64' title="bbox 1352 495 2310 537; baseline 0.003 -12"><span class='ocrx_word' id='word_1_471' title='bbox 1352 495 1435 536; x_wconf 85' lang='lat' dir='ltr'>apud</span> <span class='ocrx_word' id='word_1_472' title='bbox 1467 506 1561 535; x_wconf 84' lang='lat' dir='ltr'>quem</span> <span class='ocrx_word' id='word_1_473' title='bbox 1593 496 1698 527; x_wconf 87' lang='lat' dir='ltr'>David</span> <span class='ocrx_word' id='word_1_474' title='bbox 1729 497 1893 532; x_wconf 78' lang='lat' dir='ltr'>educatur,</span> <span class='ocrx_word' id='word_1_475' title='bbox 1929 497 1990 537; x_wconf 85' lang='lat' dir='ltr'>ipsi</span> <span class='ocrx_word' id='word_1_476' title='bbox 2020 498 2086 537; x_wconf 89' lang='lat' dir='ltr'>regi</span> <span class='ocrx_word' id='word_1_477' title='bbox 2118 497 2192 528; x_wconf 90' lang='lat' dir='ltr'>dum</span> <span class='ocrx_word' id='word_1_478' title='bbox 2224 497 2310 528; x_wconf 88' lang='lat' dir='ltr'>malo</span> 
     </span>
     <span class='ocr_line' id='line_1_65' title="bbox 1350 538 2309 579; baseline 0.002 -11"><span class='ocrx_word' id='word_1_479' title='bbox 1350 539 1467 579; x_wconf 86' lang='lat' dir='ltr'>spiritu</span> <span class='ocrx_word' id='word_1_480' title='bbox 1486 539 1684 579; x_wconf 83' lang='lat' dir='ltr'>affligeretur</span> <span class='ocrx_word' id='word_1_481' title='bbox 1703 541 1853 570; x_wconf 80' lang='lat' dir='ltr'>solatium</span> <span class='ocrx_word' id='word_1_482' title='bbox 1867 546 1965 571; x_wconf 87' lang='lat' dir='ltr'>cantu</span> <span class='ocrx_word' id='word_1_483' title='bbox 1978 539 2122 571; x_wconf 81' lang='lat' dir='ltr'>citharae</span> <span class='ocrx_word' id='word_1_484' title='bbox 2141 538 2309 570; x_wconf 84' lang='lat' dir='ltr'>adferens:</span> 
     </span>
     <span class='ocr_line' id='line_1_66' title="bbox 1351 581 2311 622; baseline 0.002 -11"><span class='ocrx_word' id='word_1_485' title='bbox 1351 588 1383 612; x_wconf 86' lang='lat' dir='ltr'>ct</span> <span class='ocrx_word' id='word_1_486' title='bbox 1414 582 1458 611; x_wconf 88' lang='lat' dir='ltr'>ita</span> <span class='ocrx_word' id='word_1_487' title='bbox 1489 582 1525 612; x_wconf 90' lang='lat' dir='ltr'>fit</span> <span class='ocrx_word' id='word_1_488' title='bbox 1553 581 1654 621; x_wconf 83' lang='lat' dir='ltr'>ipsius</span> <span class='ocrx_word' id='word_1_489' title='bbox 1681 583 1783 614; x_wconf 85' lang='lat' dir='ltr'>virtus</span> <span class='ocrx_word' id='word_1_490' title='bbox 1812 590 1842 613; x_wconf 85' lang='lat' dir='ltr'>et</span> <span class='ocrx_word' id='word_1_491' title='bbox 1868 582 2037 622; x_wconf 85' lang='lat' dir='ltr'>prudentia</span> <span class='ocrx_word' id='word_1_492' title='bbox 2060 583 2209 613; x_wconf 87' lang='lat' dir='ltr'>omnibus</span> <span class='ocrx_word' id='word_1_493' title='bbox 2233 592 2311 613; x_wconf 88' lang='lat' dir='ltr'>con-</span> 
     </span>
     <span class='ocr_line' id='line_1_67' title="bbox 1351 624 2311 665; baseline 0.002 -11"><span class='ocrx_word' id='word_1_494' title='bbox 1351 624 1470 664; x_wconf 80' lang='lat' dir='ltr'>spicua,</span> <span class='ocrx_word' id='word_1_495' title='bbox 1503 630 1537 654; x_wconf 89' lang='lat' dir='ltr'>ut</span> <span class='ocrx_word' id='word_1_496' title='bbox 1567 625 1612 654; x_wconf 87' lang='lat' dir='ltr'>ita</span> <span class='ocrx_word' id='word_1_497' title='bbox 1644 625 1798 664; x_wconf 82' lang='lat' dir='ltr'>paulatim</span> <span class='ocrx_word' id='word_1_498' title='bbox 1827 625 1866 655; x_wconf 85' lang='lat' dir='ltr'>ad</span> <span class='ocrx_word' id='word_1_499' title='bbox 1901 625 2066 656; x_wconf 86' lang='lat' dir='ltr'>homiuum</span> <span class='ocrx_word' id='word_1_500' title='bbox 2090 635 2184 656; x_wconf 88' lang='lat' dir='ltr'>aures</span> <span class='ocrx_word' id='word_1_501' title='bbox 2207 624 2311 665; x_wconf 85' lang='lat' dir='ltr'>ipsius</span> 
     </span>
     <span class='ocr_line' id='line_1_68' title="bbox 1351 667 2310 708; baseline 0 -10"><span class='ocrx_word' id='word_1_502' title='bbox 1351 668 1434 698; x_wconf 85' lang='lat' dir='ltr'>sama</span> <span class='ocrx_word' id='word_1_503' title='bbox 1466 667 1648 706; x_wconf 82' lang='lat' dir='ltr'>perveniat,</span> <span class='ocrx_word' id='word_1_504' title='bbox 1677 673 1707 698; x_wconf 89' lang='lat' dir='ltr'>et</span> <span class='ocrx_word' id='word_1_505' title='bbox 1738 670 1873 708; x_wconf 83' lang='lat' dir='ltr'>gratiam</span> <span class='ocrx_word' id='word_1_506' title='bbox 1903 668 2031 699; x_wconf 91' lang='lat' dir='ltr'>illorum</span> <span class='ocrx_word' id='word_1_507' title='bbox 2062 668 2120 699; x_wconf 91' lang='lat' dir='ltr'>sibi</span> <span class='ocrx_word' id='word_1_508' title='bbox 2151 667 2310 699; x_wconf 83' lang='lat' dir='ltr'>conciliet.</span> 
     </span>
     <span class='ocr_line' id='line_1_69' title="bbox 1352 709 2310 751; baseline 0.001 -12"><span class='ocrx_word' id='word_1_509' title='bbox 1352 709 1569 740; x_wconf 84' lang='lat' dir='ltr'>Nihilominus</span> <span class='ocrx_word' id='word_1_510' title='bbox 1606 716 1714 740; x_wconf 90' lang='lat' dir='ltr'>tamen</span> <span class='ocrx_word' id='word_1_511' title='bbox 1752 710 1916 741; x_wconf 89' lang='lat' dir='ltr'>hominum</span> <span class='ocrx_word' id='word_1_512' title='bbox 1958 710 2082 742; x_wconf 87' lang='lat' dir='ltr'>malitia</span> <span class='ocrx_word' id='word_1_513' title='bbox 2116 719 2310 751; x_wconf 83' lang='lat' dir='ltr'>magnopere</span> 
     </span>
     <span class='ocr_line' id='line_1_70' title="bbox 1352 751 2309 784; baseline 0.001 -2"><span class='ocrx_word' id='word_1_514' title='bbox 1352 751 1511 783; x_wconf 78' lang='lat' dir='ltr'>Davidem</span> <span class='ocrx_word' id='word_1_515' title='bbox 1535 753 1688 783; x_wconf 76' lang='lat' dir='ltr'>exercuit.</span> <span class='ocrx_word' id='word_1_516' title='bbox 1733 752 1815 784; x_wconf 89' lang='lat' dir='ltr'>Nam</span> <span class='ocrx_word' id='word_1_517' title='bbox 1839 754 1898 784; x_wconf 86' lang='lat' dir='ltr'>etsi</span> <span class='ocrx_word' id='word_1_518' title='bbox 1923 753 2012 784; x_wconf 87' lang='lat' dir='ltr'>Deus</span> <span class='ocrx_word' id='word_1_519' title='bbox 2035 753 2126 784; x_wconf 89' lang='lat' dir='ltr'>illum</span> <span class='ocrx_word' id='word_1_520' title='bbox 2150 753 2221 784; x_wconf 89' lang='lat' dir='ltr'>istis</span> <span class='ocrx_word' id='word_1_521' title='bbox 2245 753 2309 783; x_wconf 78' lang='lat' dir='ltr'>vir-</span> 
     </span>
     <span class='ocr_line' id='line_1_71' title="bbox 1352 794 2311 832; baseline 0.001 -7"><span class='ocrx_word' id='word_1_522' title='bbox 1352 795 1473 825; x_wconf 82' lang='lat' dir='ltr'>tutibus</span> <span class='ocrx_word' id='word_1_523' title='bbox 1503 794 1768 832; x_wconf 83' lang='lat' dir='ltr'>commendasset,</span> <span class='ocrx_word' id='word_1_524' title='bbox 1803 802 1833 826; x_wconf 91' lang='lat' dir='ltr'>et</span> <span class='ocrx_word' id='word_1_525' title='bbox 1864 796 2071 827; x_wconf 80' lang='lat' dir='ltr'>autoritatem</span> <span class='ocrx_word' id='word_1_526' title='bbox 2103 795 2148 826; x_wconf 91' lang='lat' dir='ltr'>illi</span> <span class='ocrx_word' id='word_1_527' title='bbox 2180 795 2311 826; x_wconf 89' lang='lat' dir='ltr'>concili-</span> 
     </span>
     <span class='ocr_line' id='line_1_72' title="bbox 1351 837 2310 879; baseline 0.001 -12"><span class='ocrx_word' id='word_1_528' title='bbox 1351 845 1444 877; x_wconf 85' lang='lat' dir='ltr'>asset,</span> <span class='ocrx_word' id='word_1_529' title='bbox 1468 843 1498 868; x_wconf 90' lang='lat' dir='ltr'>et</span> <span class='ocrx_word' id='word_1_530' title='bbox 1523 837 1585 868; x_wconf 88' lang='lat' dir='ltr'>iam</span> <span class='ocrx_word' id='word_1_531' title='bbox 1610 838 1642 867; x_wconf 92' lang='lat' dir='ltr'>in</span> <span class='ocrx_word' id='word_1_532' title='bbox 1667 839 1898 878; x_wconf 70' lang='lat' dir='ltr'>possessionem</span> <span class='ocrx_word' id='word_1_533' title='bbox 1923 840 2014 879; x_wconf 88' lang='lat' dir='ltr'>regni</span> <span class='ocrx_word' id='word_1_534' title='bbox 2038 838 2197 869; x_wconf 87' lang='lat' dir='ltr'>missurus</span> <span class='ocrx_word' id='word_1_535' title='bbox 2216 845 2310 878; x_wconf 86' lang='lat' dir='ltr'>esset,</span> 
     </span>
     <span class='ocr_line' id='line_1_73' title="bbox 1352 879 2310 916; baseline 0.002 -6"><span class='ocrx_word' id='word_1_536' title='bbox 1352 887 1460 911; x_wconf 90' lang='lat' dir='ltr'>tamen</span> <span class='ocrx_word' id='word_1_537' title='bbox 1493 879 1548 910; x_wconf 91' lang='lat' dir='ltr'>diu</span> <span class='ocrx_word' id='word_1_538' title='bbox 1579 889 1650 910; x_wconf 88' lang='lat' dir='ltr'>cum</span> <span class='ocrx_word' id='word_1_539' title='bbox 1682 881 1791 912; x_wconf 90' lang='lat' dir='ltr'>multis</span> <span class='ocrx_word' id='word_1_540' title='bbox 1821 881 2065 913; x_wconf 82' lang='lat' dir='ltr'>difficultatibus</span> <span class='ocrx_word' id='word_1_541' title='bbox 2088 887 2138 912; x_wconf 89' lang='lat' dir='ltr'>est</span> <span class='ocrx_word' id='word_1_542' title='bbox 2160 880 2310 916; x_wconf 87' lang='lat' dir='ltr'>luctatus.</span> 
     </span>
     <span class='ocr_line' id='line_1_74' title="bbox 1353 922 2311 964; baseline 0.001 -11"><span class='ocrx_word' id='word_1_543' title='bbox 1353 922 1430 953; x_wconf 85' lang='lat' dir='ltr'>adeo</span> <span class='ocrx_word' id='word_1_544' title='bbox 1451 929 1487 953; x_wconf 87' lang='lat' dir='ltr'>ut</span> <span class='ocrx_word' id='word_1_545' title='bbox 1515 929 1615 962; x_wconf 84' lang='lat' dir='ltr'>pater,</span> <span class='ocrx_word' id='word_1_546' title='bbox 1645 923 1770 961; x_wconf 80' lang='lat' dir='ltr'>fratres,</span> <span class='ocrx_word' id='word_1_547' title='bbox 1800 925 1936 964; x_wconf 88' lang='lat' dir='ltr'>cognati,</span> <span class='ocrx_word' id='word_1_548' title='bbox 1967 924 2141 964; x_wconf 87' lang='lat' dir='ltr'>propinqui</span> <span class='ocrx_word' id='word_1_549' title='bbox 2171 923 2237 954; x_wconf 87' lang='lat' dir='ltr'>sint</span> <span class='ocrx_word' id='word_1_550' title='bbox 2264 922 2311 954; x_wconf 88' lang='lat' dir='ltr'>illi</span> 
     </span>
     <span class='ocr_line' id='line_1_75' title="bbox 1352 964 2309 1005; baseline 0.001 -10"><span class='ocrx_word' id='word_1_551' title='bbox 1352 965 1521 1002; x_wconf 82' lang='lat' dir='ltr'>adversati,</span> <span class='ocrx_word' id='word_1_552' title='bbox 1545 972 1610 1003; x_wconf 85' lang='lat' dir='ltr'>aut,</span> <span class='ocrx_word' id='word_1_553' title='bbox 1634 966 1659 996; x_wconf 89' lang='lat' dir='ltr'>si</span> <span class='ocrx_word' id='word_1_554' title='bbox 1686 976 1747 996; x_wconf 88' lang='lat' dir='ltr'>non</span> <span class='ocrx_word' id='word_1_555' title='bbox 1771 967 1943 1005; x_wconf 87' lang='lat' dir='ltr'>adversati,</span> <span class='ocrx_word' id='word_1_556' title='bbox 1968 978 2031 998; x_wconf 91' lang='lat' dir='ltr'>non</span> <span class='ocrx_word' id='word_1_557' title='bbox 2055 967 2125 997; x_wconf 90' lang='lat' dir='ltr'>ausi</span> <span class='ocrx_word' id='word_1_558' title='bbox 2149 964 2309 997; x_wconf 82' lang='lat' dir='ltr'>auxilium</span> 
     </span>
     <span class='ocr_line' id='line_1_76' title="bbox 1352 1007 2312 1046; baseline 0.001 -8"><span class='ocrx_word' id='word_1_559' title='bbox 1352 1008 1397 1039; x_wconf 90' lang='lat' dir='ltr'>illi</span> <span class='ocrx_word' id='word_1_560' title='bbox 1426 1008 1520 1046; x_wconf 84' lang='lat' dir='ltr'>serre,</span> <span class='ocrx_word' id='word_1_561' title='bbox 1549 1007 1605 1038; x_wconf 89' lang='lat' dir='ltr'>sed</span> <span class='ocrx_word' id='word_1_562' title='bbox 1636 1008 1838 1039; x_wconf 83' lang='lat' dir='ltr'>dissimulare</span> <span class='ocrx_word' id='word_1_563' title='bbox 1869 1016 1899 1040; x_wconf 89' lang='lat' dir='ltr'>et</span> <span class='ocrx_word' id='word_1_564' title='bbox 1928 1009 2022 1041; x_wconf 91' lang='lat' dir='ltr'>rebus</span> <span class='ocrx_word' id='word_1_565' title='bbox 2052 1009 2197 1041; x_wconf 88' lang='lat' dir='ltr'>adversis</span> <span class='ocrx_word' id='word_1_566' title='bbox 2218 1008 2312 1040; x_wconf 91' lang='lat' dir='ltr'>illum</span> 
     </span>
     <span class='ocr_line' id='line_1_77' title="bbox 1353 1051 2312 1091; baseline 0.001 -10"><span class='ocrx_word' id='word_1_567' title='bbox 1353 1051 1500 1082; x_wconf 87' lang='lat' dir='ltr'>deserere</span> <span class='ocrx_word' id='word_1_568' title='bbox 1537 1051 1636 1082; x_wconf 82' lang='lat' dir='ltr'>coacti</span> <span class='ocrx_word' id='word_1_569' title='bbox 1673 1052 1747 1082; x_wconf 89' lang='lat' dir='ltr'>sint.</span> <span class='ocrx_word' id='word_1_570' title='bbox 1799 1052 1900 1091; x_wconf 87' lang='lat' dir='ltr'>Atqui</span> <span class='ocrx_word' id='word_1_571' title='bbox 1930 1052 2021 1083; x_wconf 84' lang='lat' dir='ltr'>Deus</span> <span class='ocrx_word' id='word_1_572' title='bbox 2056 1053 2124 1084; x_wconf 89' lang='grc'><strong>0105</strong></span> <span class='ocrx_word' id='word_1_573' title='bbox 2157 1051 2312 1082; x_wconf 76' lang='lat' dir='ltr'>virtutem</span> 
     </span>
     <span class='ocr_line' id='line_1_78' title="bbox 1352 1093 2313 1134; baseline 0 -10"><span class='ocrx_word' id='word_1_574' title='bbox 1352 1093 1462 1124; x_wconf 77' lang='lat' dir='ltr'>multis</span> <span class='ocrx_word' id='word_1_575' title='bbox 1482 1094 1621 1134; x_wconf 84' lang='lat' dir='ltr'>egregiis</span> <span class='ocrx_word' id='word_1_576' title='bbox 1642 1094 1734 1125; x_wconf 82' lang='lat' dir='ltr'>factis</span> <span class='ocrx_word' id='word_1_577' title='bbox 1754 1095 1957 1125; x_wconf 74' lang='lat' dir='ltr'>manifestam</span> <span class='ocrx_word' id='word_1_578' title='bbox 1977 1096 2104 1130; x_wconf 82' lang='lat' dir='ltr'>fecerat,</span> <span class='ocrx_word' id='word_1_579' title='bbox 2127 1096 2219 1134; x_wconf 89' lang='lat' dir='ltr'>eique</span> <span class='ocrx_word' id='word_1_580' title='bbox 2235 1093 2313 1126; x_wconf 82' lang='lat' dir='ltr'>satis</span> 
     </span>
     <span class='ocr_line' id='line_1_79' title="bbox 1353 1137 2312 1176; baseline 0.002 -10"><span class='ocrx_word' id='word_1_581' title='bbox 1353 1146 1503 1176; x_wconf 81' lang='lat' dir='ltr'>magnam</span> <span class='ocrx_word' id='word_1_582' title='bbox 1524 1137 1729 1167; x_wconf 81' lang='lat' dir='ltr'>autoritatem</span> <span class='ocrx_word' id='word_1_583' title='bbox 1749 1137 1985 1175; x_wconf 83' lang='lat' dir='ltr'>conciliaverat,</span> <span class='ocrx_word' id='word_1_584' title='bbox 2010 1148 2073 1168; x_wconf 88' lang='lat' dir='ltr'>non</span> <span class='ocrx_word' id='word_1_585' title='bbox 2094 1142 2218 1168; x_wconf 88' lang='lat' dir='ltr'>tantum</span> <span class='ocrx_word' id='word_1_586' title='bbox 2238 1146 2312 1168; x_wconf 82' lang='lat' dir='ltr'>ver-</span> 
     </span>
     <span class='ocr_line' id='line_1_80' title="bbox 1354 1178 2313 1220; baseline 0 -10"><span class='ocrx_word' id='word_1_587' title='bbox 1354 1179 1410 1217; x_wconf 85' lang='lat' dir='ltr'>bis,</span> <span class='ocrx_word' id='word_1_588' title='bbox 1433 1179 1488 1210; x_wconf 90' lang='lat' dir='ltr'>sed</span> <span class='ocrx_word' id='word_1_589' title='bbox 1514 1179 1622 1210; x_wconf 88' lang='lat' dir='ltr'>multis</span> <span class='ocrx_word' id='word_1_590' title='bbox 1645 1179 1742 1210; x_wconf 90' lang='lat' dir='ltr'>etiam</span> <span class='ocrx_word' id='word_1_591' title='bbox 1766 1180 1893 1220; x_wconf 69' lang='lat' dir='ltr'>egre-,zie</span> <span class='ocrx_word' id='word_1_592' title='bbox 1915 1180 2016 1211; x_wconf 87' lang='lat' dir='ltr'>factis.</span> <span class='ocrx_word' id='word_1_593' title='bbox 2063 1179 2166 1212; x_wconf 79' lang='lat' dir='ltr'>Sane:</span> <span class='ocrx_word' id='word_1_594' title='bbox 2197 1178 2253 1211; x_wconf 88' lang='lat' dir='ltr'>sed</span> <span class='ocrx_word' id='word_1_595' title='bbox 2275 1188 2313 1210; x_wconf 88' lang='lat' dir='ltr'>ea</span> 
     </span>
     <span class='ocr_line' id='line_1_81' title="bbox 1353 1221 2314 1262; baseline 0 -10"><span class='ocrx_word' id='word_1_596' title='bbox 1353 1228 1401 1253; x_wconf 90' lang='lat' dir='ltr'>est</span> <span class='ocrx_word' id='word_1_597' title='bbox 1425 1222 1588 1252; x_wconf 90' lang='lat' dir='ltr'>hominum</span> <span class='ocrx_word' id='word_1_598' title='bbox 1612 1222 1734 1252; x_wconf 81' lang='lat' dir='ltr'>malitia</span> <span class='ocrx_word' id='word_1_599' title='bbox 1753 1229 1785 1252; x_wconf 91' lang='lat' dir='ltr'>et</span> <span class='ocrx_word' id='word_1_600' title='bbox 1803 1223 2011 1262; x_wconf 84' lang='lat' dir='ltr'>perversitas,</span> <span class='ocrx_word' id='word_1_601' title='bbox 2036 1223 2121 1254; x_wconf 86' lang='lat' dir='ltr'>sicut</span> <span class='ocrx_word' id='word_1_602' title='bbox 2139 1229 2216 1253; x_wconf 86' lang='lat' dir='ltr'>ante</span> <span class='ocrx_word' id='word_1_603' title='bbox 2235 1221 2314 1258; x_wconf 86' lang='lat' dir='ltr'>dixi,</span> 
     </span>
     <span class='ocr_line' id='line_1_82' title="bbox 1354 1264 2312 1306; baseline -0.001 -10"><span class='ocrx_word' id='word_1_604' title='bbox 1354 1273 1387 1296; x_wconf 92' lang='lat' dir='ltr'>ut</span> <span class='ocrx_word' id='word_1_605' title='bbox 1411 1264 1473 1295; x_wconf 89' lang='lat' dir='ltr'>Dei</span> <span class='ocrx_word' id='word_1_606' title='bbox 1504 1264 1588 1295; x_wconf 83' lang='lat' dir='ltr'>dona</span> <span class='ocrx_word' id='word_1_607' title='bbox 1617 1265 1707 1296; x_wconf 86' lang='lat' dir='ltr'>flocci</span> <span class='ocrx_word' id='word_1_608' title='bbox 1741 1265 1867 1302; x_wconf 81' lang='lat' dir='ltr'>saciant,</span> <span class='ocrx_word' id='word_1_609' title='bbox 1899 1271 1930 1296; x_wconf 82' lang='lat' dir='ltr'>et</span> <span class='ocrx_word' id='word_1_610' title='bbox 1953 1265 2086 1306; x_wconf 84' lang='lat' dir='ltr'>pedibus</span> <span class='ocrx_word' id='word_1_611' title='bbox 2109 1264 2312 1296; x_wconf 82' lang='lat' dir='ltr'>conculcent:</span> 
     </span>
     <span class='ocr_line' id='line_1_83' title="bbox 1353 1306 2314 1339; baseline 0 -1"><span class='ocrx_word' id='word_1_612' title='bbox 1353 1313 1384 1338; x_wconf 91' lang='lat' dir='ltr'>et</span> <span class='ocrx_word' id='word_1_613' title='bbox 1414 1308 1507 1339; x_wconf 90' lang='lat' dir='ltr'>cuius</span> <span class='ocrx_word' id='word_1_614' title='bbox 1539 1307 1727 1338; x_wconf 82' lang='lat' dir='ltr'>immensam</span> <span class='ocrx_word' id='word_1_615' title='bbox 1759 1307 1932 1338; x_wconf 78' lang='lat' dir='ltr'>bonitatem</span> <span class='ocrx_word' id='word_1_616' title='bbox 1963 1313 1995 1339; x_wconf 88' lang='lat' dir='ltr'>et</span> <span class='ocrx_word' id='word_1_617' title='bbox 2024 1318 2147 1339; x_wconf 85' lang='lat' dir='ltr'>meram</span> <span class='ocrx_word' id='word_1_618' title='bbox 2170 1306 2314 1338; x_wconf 85' lang='lat' dir='ltr'>liberali-</span> 
     </span>
     <span class='ocr_line' id='line_1_84' title="bbox 1354 1349 2312 1390; baseline 0.001 -10"><span class='ocrx_word' id='word_1_619' title='bbox 1354 1356 1452 1381; x_wconf 87' lang='lat' dir='ltr'>tatem</span> <span class='ocrx_word' id='word_1_620' title='bbox 1483 1349 1615 1380; x_wconf 86' lang='lat' dir='ltr'>adorare</span> <span class='ocrx_word' id='word_1_621' title='bbox 1644 1349 1812 1390; x_wconf 81' lang='lat' dir='ltr'>debebant,</span> <span class='ocrx_word' id='word_1_622' title='bbox 1843 1351 1933 1381; x_wconf 88' lang='lat' dir='ltr'>miris</span> <span class='ocrx_word' id='word_1_623' title='bbox 1962 1351 2066 1382; x_wconf 92' lang='lat' dir='ltr'>modis</span> <span class='ocrx_word' id='word_1_624' title='bbox 2095 1353 2312 1381; x_wconf 83' lang='lat' dir='ltr'>contemnant.</span> 
     </span>
     <span class='ocr_line' id='line_1_85' title="bbox 1353 1392 2312 1433; baseline 0 -9"><span class='ocrx_word' id='word_1_625' title='bbox 1353 1393 1419 1424; x_wconf 91' lang='lat' dir='ltr'>Nos</span> <span class='ocrx_word' id='word_1_626' title='bbox 1451 1403 1526 1423; x_wconf 83' lang='lat' dir='ltr'>vcro</span> <span class='ocrx_word' id='word_1_627' title='bbox 1555 1393 1582 1423; x_wconf 85' lang='lat' dir='ltr'>si</span> <span class='ocrx_word' id='word_1_628' title='bbox 1606 1392 1720 1432; x_wconf 88' lang='lat' dir='ltr'>quibus</span> <span class='ocrx_word' id='word_1_629' title='bbox 1744 1393 1823 1424; x_wconf 86' lang='lat' dir='ltr'>bene</span> <span class='ocrx_word' id='word_1_630' title='bbox 1847 1394 2016 1425; x_wconf 84' lang='lat' dir='ltr'>fecerimus</span> <span class='ocrx_word' id='word_1_631' title='bbox 2039 1404 2058 1424; x_wconf 88' lang='lat' dir='ltr'>a</span> <span class='ocrx_word' id='word_1_632' title='bbox 2081 1393 2151 1424; x_wconf 88' lang='lat' dir='ltr'>Deo</span> <span class='ocrx_word' id='word_1_633' title='bbox 2174 1392 2312 1433; x_wconf 87' lang='lat' dir='ltr'>acceptis</span> 
     </span>
     <span class='ocr_line' id='line_1_86' title="bbox 1354 1434 2313 1476; baseline 0 -10"><span class='ocrx_word' id='word_1_634' title='bbox 1354 1435 1454 1473; x_wconf 90' lang='lat' dir='ltr'>donis,</span> <span class='ocrx_word' id='word_1_635' title='bbox 1485 1440 1517 1466; x_wconf 88' lang='grc'>01</span> <span class='ocrx_word' id='word_1_636' title='bbox 1548 1440 1656 1466; x_wconf 86' lang='lat' dir='ltr'>tamen</span> <span class='ocrx_word' id='word_1_637' title='bbox 1689 1435 1811 1466; x_wconf 90' lang='lat' dir='ltr'>nullam</span> <span class='ocrx_word' id='word_1_638' title='bbox 1843 1436 1980 1476; x_wconf 86' lang='lat' dir='ltr'>gratiam</span> <span class='ocrx_word' id='word_1_639' title='bbox 2010 1435 2226 1473; x_wconf 87' lang='lat' dir='ltr'>retulerimus,</span> <span class='ocrx_word' id='word_1_640' title='bbox 2256 1434 2313 1467; x_wconf 87' lang='lat' dir='ltr'>sed</span> 
     </span>
     <span class='ocr_line' id='line_1_87' title="bbox 1354 1478 2313 1519; baseline 0 -10"><span class='ocrx_word' id='word_1_641' title='bbox 1354 1479 1460 1518; x_wconf 89' lang='lat' dir='ltr'>potius</span> <span class='ocrx_word' id='word_1_642' title='bbox 1483 1478 1515 1516; x_wconf 93' lang='lat' dir='ltr'>ii,</span> <span class='ocrx_word' id='word_1_643' title='bbox 1547 1479 1581 1508; x_wconf 91' lang='lat' dir='ltr'>in</span> <span class='ocrx_word' id='word_1_644' title='bbox 1612 1488 1691 1518; x_wconf 88' lang='lat' dir='ltr'>quos</span> <span class='ocrx_word' id='word_1_645' title='bbox 1721 1478 1854 1510; x_wconf 89' lang='lat' dir='ltr'>benefici</span> <span class='ocrx_word' id='word_1_646' title='bbox 1884 1478 2055 1515; x_wconf 80' lang='lat' dir='ltr'>fuerimus,</span> <span class='ocrx_word' id='word_1_647' title='bbox 2094 1478 2231 1509; x_wconf 88' lang='lat' dir='ltr'>iniurias</span> <span class='ocrx_word' id='word_1_648' title='bbox 2254 1487 2313 1519; x_wconf 88' lang='lat' dir='ltr'>pro</span> 
     </span>
     <span class='ocr_line' id='line_1_88' title="bbox 1355 1520 2312 1558; baseline -0.001 -6"><span class='ocrx_word' id='word_1_649' title='bbox 1355 1521 1529 1552; x_wconf 85' lang='lat' dir='ltr'>benefactis</span> <span class='ocrx_word' id='word_1_650' title='bbox 1560 1521 1715 1558; x_wconf 83' lang='lat' dir='ltr'>referant,</span> <span class='ocrx_word' id='word_1_651' title='bbox 1751 1521 1911 1553; x_wconf 88' lang='lat' dir='ltr'>discamus</span> <span class='ocrx_word' id='word_1_652' title='bbox 1941 1521 2046 1553; x_wconf 89' lang='lat' dir='ltr'>Deum</span> <span class='ocrx_word' id='word_1_653' title='bbox 2078 1520 2160 1552; x_wconf 87' lang='lat' dir='ltr'>velle</span> <span class='ocrx_word' id='word_1_654' title='bbox 2190 1531 2248 1552; x_wconf 90' lang='lat' dir='ltr'>nos</span> <span class='ocrx_word' id='word_1_655' title='bbox 2277 1520 2312 1551; x_wconf 90' lang='lat' dir='ltr'>in</span> 
     </span>
     <span class='ocr_line' id='line_1_89' title="bbox 1355 1563 2313 1604; baseline -0.001 -9"><span class='ocrx_word' id='word_1_656' title='bbox 1355 1564 1414 1595; x_wconf 83' lang='lat' dir='ltr'>hac</span> <span class='ocrx_word' id='word_1_657' title='bbox 1444 1570 1536 1604; x_wconf 92' lang='lat' dir='ltr'>parte</span> <span class='ocrx_word' id='word_1_658' title='bbox 1564 1563 1728 1594; x_wconf 83' lang='lat' dir='ltr'>humiliari</span> <span class='ocrx_word' id='word_1_659' title='bbox 1758 1569 1790 1594; x_wconf 90' lang='lat' dir='ltr'>et</span> <span class='ocrx_word' id='word_1_660' title='bbox 1818 1564 2006 1595; x_wconf 80' lang='lat' dir='ltr'>modestiam</span> <span class='ocrx_word' id='word_1_661' title='bbox 2039 1563 2176 1603; x_wconf 87' lang='lat' dir='ltr'>discere,</span> <span class='ocrx_word' id='word_1_662' title='bbox 2213 1568 2244 1595; x_wconf 89' lang='lat' dir='ltr'>et</span> <span class='ocrx_word' id='word_1_663' title='bbox 2277 1563 2313 1594; x_wconf 89' lang='lat' dir='ltr'>in</span> 
     </span>
     <span class='ocr_line' id='line_1_90' title="bbox 1354 1605 2314 1647; baseline -0.001 -10"><span class='ocrx_word' id='word_1_664' title='bbox 1354 1607 1424 1647; x_wconf 88' lang='lat' dir='ltr'>ipso</span> <span class='ocrx_word' id='word_1_665' title='bbox 1447 1606 1513 1637; x_wconf 88' lang='lat' dir='ltr'>solo</span> <span class='ocrx_word' id='word_1_666' title='bbox 1537 1607 1771 1646; x_wconf 86' lang='lat' dir='ltr'>conquiescere.</span> <span class='ocrx_word' id='word_1_667' title='bbox 1817 1606 1936 1638; x_wconf 89' lang='lat' dir='ltr'>Davidi</span> <span class='ocrx_word' id='word_1_668' title='bbox 1960 1606 2044 1638; x_wconf 86' lang='lat' dir='ltr'>istud</span> <span class='ocrx_word' id='word_1_669' title='bbox 2068 1605 2241 1647; x_wconf 88' lang='lat' dir='ltr'>contigisse</span> <span class='ocrx_word' id='word_1_670' title='bbox 2263 1606 2314 1636; x_wconf 85' lang='lat' dir='ltr'>vi-</span> 
     </span>
     <span class='ocr_line' id='line_1_91' title="bbox 1354 1648 2313 1690; baseline 0 -10"><span class='ocrx_word' id='word_1_671' title='bbox 1354 1650 1476 1689; x_wconf 83' lang='lat' dir='ltr'>demus,</span> <span class='ocrx_word' id='word_1_672' title='bbox 1507 1659 1602 1689; x_wconf 89' lang='lat' dir='ltr'>quem</span> <span class='ocrx_word' id='word_1_673' title='bbox 1628 1649 1715 1681; x_wconf 87' lang='lat' dir='ltr'>Deus</span> <span class='ocrx_word' id='word_1_674' title='bbox 1739 1650 1835 1690; x_wconf 86' lang='lat' dir='ltr'>regiis</span> <span class='ocrx_word' id='word_1_675' title='bbox 1859 1649 2032 1681; x_wconf 86' lang='lat' dir='ltr'>virtutibus</span> <span class='ocrx_word' id='word_1_676' title='bbox 2055 1650 2189 1686; x_wconf 86' lang='lat' dir='ltr'>ornavit,</span> <span class='ocrx_word' id='word_1_677' title='bbox 2224 1653 2255 1680; x_wconf 85' lang='lat' dir='ltr'>et</span> <span class='ocrx_word' id='word_1_678' title='bbox 2277 1648 2313 1680; x_wconf 85' lang='lat' dir='ltr'>in</span> 
     </span>
     <span class='ocr_line' id='line_1_92' title="bbox 1355 1691 2312 1733; baseline 0 -11"><span class='ocrx_word' id='word_1_679' title='bbox 1355 1692 1524 1732; x_wconf 84' lang='lat' dir='ltr'>dignitatis</span> <span class='ocrx_word' id='word_1_680' title='bbox 1547 1692 1654 1732; x_wconf 87' lang='lat' dir='ltr'>regiae</span> <span class='ocrx_word' id='word_1_681' title='bbox 1678 1702 1764 1732; x_wconf 87' lang='lat' dir='ltr'>spem</span> <span class='ocrx_word' id='word_1_682' title='bbox 1790 1693 1824 1722; x_wconf 90' lang='lat' dir='ltr'>in</span> <span class='ocrx_word' id='word_1_683' title='bbox 1846 1692 1920 1723; x_wconf 88' lang='lat' dir='ltr'>aula</span> <span class='ocrx_word' id='word_1_684' title='bbox 1944 1693 2029 1733; x_wconf 86' lang='lat' dir='ltr'>regis</span> <span class='ocrx_word' id='word_1_685' title='bbox 2052 1691 2179 1723; x_wconf 89' lang='lat' dir='ltr'>educari</span> <span class='ocrx_word' id='word_1_686' title='bbox 2199 1691 2312 1730; x_wconf 85' lang='lat' dir='ltr'>voluit,</span> 
     </span>
     <span class='ocr_line' id='line_1_93' title="bbox 1354 1734 2312 1775; baseline -0.001 -9"><span class='ocrx_word' id='word_1_687' title='bbox 1354 1735 1429 1766; x_wconf 88' lang='lat' dir='ltr'>licet</span> <span class='ocrx_word' id='word_1_688' title='bbox 1460 1735 1560 1765; x_wconf 89' lang='lat' dir='ltr'>nullis</span> <span class='ocrx_word' id='word_1_689' title='bbox 1591 1734 1709 1772; x_wconf 84' lang='lat' dir='ltr'>titulis,</span> <span class='ocrx_word' id='word_1_690' title='bbox 1751 1735 1848 1766; x_wconf 91' lang='lat' dir='ltr'>nullis</span> <span class='ocrx_word' id='word_1_691' title='bbox 1883 1735 2062 1775; x_wconf 87' lang='lat' dir='ltr'>insignibus</span> <span class='ocrx_word' id='word_1_692' title='bbox 2095 1734 2312 1775; x_wconf 84' lang='lat' dir='ltr'>conspicuum.</span> 
     </span>
     <span class='ocr_line' id='line_1_94' title="bbox 1354 1776 2312 1818; baseline -0.001 -9"><span class='ocrx_word' id='word_1_693' title='bbox 1354 1778 1442 1809; x_wconf 68' lang='lat' dir='ltr'>Sane</span> <span class='ocrx_word' id='word_1_694' title='bbox 1473 1777 1589 1808; x_wconf 90' lang='lat' dir='ltr'>multos</span> <span class='ocrx_word' id='word_1_695' title='bbox 1614 1777 1708 1808; x_wconf 83' lang='lat' dir='ltr'>hodie</span> <span class='ocrx_word' id='word_1_696' title='bbox 1731 1777 1841 1809; x_wconf 85' lang='lat' dir='ltr'>videas</span> <span class='ocrx_word' id='word_1_697' title='bbox 1864 1779 1990 1818; x_wconf 87' lang='lat' dir='ltr'>magnis</span> <span class='ocrx_word' id='word_1_698' title='bbox 2014 1783 2046 1808; x_wconf 89' lang='lat' dir='ltr'>et</span> <span class='ocrx_word' id='word_1_699' title='bbox 2068 1777 2250 1817; x_wconf 85' lang='lat' dir='ltr'>insignibus</span> <span class='ocrx_word' id='word_1_700' title='bbox 2273 1776 2312 1808; x_wconf 83' lang='lat' dir='ltr'>ti·</span> 
     </span>
     <span class='ocr_line' id='line_1_95' title="bbox 1354 1819 2313 1860; baseline -0.001 -9"><span class='ocrx_word' id='word_1_701' title='bbox 1354 1821 1430 1851; x_wconf 90' lang='lat' dir='ltr'>tulis</span> <span class='ocrx_word' id='word_1_702' title='bbox 1461 1820 1602 1860; x_wconf 83' lang='lat' dir='ltr'>gloriari,</span> <span class='ocrx_word' id='word_1_703' title='bbox 1634 1820 1689 1851; x_wconf 88' lang='lat' dir='ltr'>sed</span> <span class='ocrx_word' id='word_1_704' title='bbox 1720 1821 1788 1851; x_wconf 90' lang='grc'><strong>51110</strong></span> <span class='ocrx_word' id='word_1_705' title='bbox 1817 1821 1936 1851; x_wconf 86' lang='lat' dir='ltr'>virtute</span> <span class='ocrx_word' id='word_1_706' title='bbox 1959 1827 2078 1851; x_wconf 89' lang='lat' dir='ltr'>tamen.</span> <span class='ocrx_word' id='word_1_707' title='bbox 2124 1820 2207 1850; x_wconf 88' lang='lat' dir='ltr'>Nam</span> <span class='ocrx_word' id='word_1_708' title='bbox 2230 1819 2313 1851; x_wconf 86' lang='lat' dir='ltr'>alius</span> 
     </span>
     <span class='ocr_line' id='line_1_96' title="bbox 1354 1861 2314 1904; baseline -0.001 -10"><span class='ocrx_word' id='word_1_709' title='bbox 1354 1874 1411 1894; x_wconf 81' lang='lat' dir='ltr'>rex</span> <span class='ocrx_word' id='word_1_710' title='bbox 1441 1863 1759 1904; x_wconf 82' lang='lat' dir='ltr'>Hierosolymorum,</span> <span class='ocrx_word' id='word_1_711' title='bbox 1793 1863 1874 1894; x_wconf 86' lang='lat' dir='ltr'>alius</span> <span class='ocrx_word' id='word_1_712' title='bbox 1907 1863 2023 1904; x_wconf 83' lang='lat' dir='ltr'>Cypri,</span> <span class='ocrx_word' id='word_1_713' title='bbox 2058 1862 2140 1894; x_wconf 88' lang='lat' dir='ltr'>alius</span> <span class='ocrx_word' id='word_1_714' title='bbox 2180 1861 2314 1894; x_wconf 82' lang='lat' dir='ltr'>alterius</span> 
     </span>
     <span class='ocr_line' id='line_1_97' title="bbox 1354 1905 2313 1946; baseline -0.002 -9"><span class='ocrx_word' id='word_1_715' title='bbox 1354 1906 1525 1938; x_wconf 87' lang='lat' dir='ltr'>cuiuslibet</span> <span class='ocrx_word' id='word_1_716' title='bbox 1548 1906 1639 1946; x_wconf 86' lang='lat' dir='ltr'>regni</span> <span class='ocrx_word' id='word_1_717' title='bbox 1662 1907 1842 1937; x_wconf 71' lang='lat' dir='ltr'>vocabitur:</span> <span class='ocrx_word' id='word_1_718' title='bbox 1875 1907 1928 1946; x_wconf 88' lang='lat' dir='ltr'>qui</span> <span class='ocrx_word' id='word_1_719' title='bbox 1952 1916 2029 1937; x_wconf 90' lang='lat' dir='ltr'>sane</span> <span class='ocrx_word' id='word_1_720' title='bbox 2052 1905 2138 1936; x_wconf 89' lang='lat' dir='ltr'>tituli</span> <span class='ocrx_word' id='word_1_721' title='bbox 2161 1910 2239 1936; x_wconf 90' lang='lat' dir='ltr'>sunt</span> <span class='ocrx_word' id='word_1_722' title='bbox 2261 1905 2313 1936; x_wconf 88' lang='lat' dir='ltr'>in-</span> 
     </span>
     <span class='ocr_line' id='line_1_98' title="bbox 1354 1948 2312 1990; baseline -0.002 -10"><span class='ocrx_word' id='word_1_723' title='bbox 1354 1950 1471 1990; x_wconf 86' lang='lat' dir='ltr'>signes,</span> <span class='ocrx_word' id='word_1_724' title='bbox 1503 1949 1557 1979; x_wconf 87' lang='lat' dir='ltr'>sed</span> <span class='ocrx_word' id='word_1_725' title='bbox 1581 1950 1650 1979; x_wconf 89' lang='lat' dir='ltr'>sine</span> <span class='ocrx_word' id='word_1_726' title='bbox 1673 1959 1717 1980; x_wconf 83' lang='lat' dir='ltr'>re.</span> <span class='ocrx_word' id='word_1_727' title='bbox 1763 1948 1832 1981; x_wconf 90' lang='lat' dir='ltr'>Cur</span> <span class='ocrx_word' id='word_1_728' title='bbox 1855 1959 1917 1979; x_wconf 90' lang='lat' dir='ltr'>non</span> <span class='ocrx_word' id='word_1_729' title='bbox 1941 1949 2026 1979; x_wconf 90' lang='lat' dir='ltr'>enim</span> <span class='ocrx_word' id='word_1_730' title='bbox 2050 1958 2152 1988; x_wconf 88' lang='lat' dir='ltr'>regna</span> <span class='ocrx_word' id='word_1_731' title='bbox 2174 1956 2312 1987; x_wconf 88' lang='lat' dir='ltr'>quorum</span> 
     </span>
     <span class='ocr_line' id='line_1_99' title="bbox 1355 1989 2312 2032; baseline -0.002 -10"><span class='ocrx_word' id='word_1_732' title='bbox 1355 1992 1456 2023; x_wconf 87' lang='lat' dir='ltr'>titulis</span> <span class='ocrx_word' id='word_1_733' title='bbox 1488 1992 1669 2032; x_wconf 86' lang='lat' dir='ltr'>gloriantur</span> <span class='ocrx_word' id='word_1_734' title='bbox 1699 1990 1893 2032; x_wconf 84' lang='lat' dir='ltr'>reposcunt?</span> <span class='ocrx_word' id='word_1_735' title='bbox 1947 1990 2070 2022; x_wconf 87' lang='lat' dir='ltr'>Contra</span> <span class='ocrx_word' id='word_1_736' title='bbox 2099 1989 2223 2026; x_wconf 85' lang='lat' dir='ltr'>David,</span> <span class='ocrx_word' id='word_1_737' title='bbox 2251 1989 2312 2021; x_wconf 88' lang='lat' dir='ltr'>etsi</span> 
     </span>
     <span class='ocr_line' id='line_1_100' title="bbox 1355 2032 2311 2070; baseline -0.002 -5"><span class='ocrx_word' id='word_1_738' title='bbox 1355 2034 1451 2065; x_wconf 83' lang='lat' dir='ltr'>vilem</span> <span class='ocrx_word' id='word_1_739' title='bbox 1475 2042 1505 2065; x_wconf 91' lang='lat' dir='ltr'>et</span> <span class='ocrx_word' id='word_1_740' title='bbox 1529 2034 1683 2065; x_wconf 89' lang='lat' dir='ltr'>abiectam</span> <span class='ocrx_word' id='word_1_741' title='bbox 1709 2035 1794 2065; x_wconf 82' lang='lat' dir='ltr'>vitae</span> <span class='ocrx_word' id='word_1_742' title='bbox 1817 2033 2033 2065; x_wconf 85' lang='lat' dir='ltr'>conditionem</span> <span class='ocrx_word' id='word_1_743' title='bbox 2056 2033 2146 2064; x_wconf 90' lang='lat' dir='ltr'>initio</span> <span class='ocrx_word' id='word_1_744' title='bbox 2170 2032 2311 2070; x_wconf 87' lang='lat' dir='ltr'>sortitus,</span> 
     </span>
     <span class='ocr_line' id='line_1_101' title="bbox 1354 2074 2312 2117; baseline -0.003 -9"><span class='ocrx_word' id='word_1_745' title='bbox 1354 2077 1453 2108; x_wconf 89' lang='lat' dir='ltr'>nullis</span> <span class='ocrx_word' id='word_1_746' title='bbox 1472 2077 1588 2114; x_wconf 83' lang='lat' dir='ltr'>clarus,</span> <span class='ocrx_word' id='word_1_747' title='bbox 1608 2077 1671 2107; x_wconf 87' lang='lat' dir='ltr'>nisi</span> <span class='ocrx_word' id='word_1_748' title='bbox 1690 2077 1847 2117; x_wconf 83' lang='lat' dir='ltr'>opilionis,</span> <span class='ocrx_word' id='word_1_749' title='bbox 1868 2075 1987 2107; x_wconf 87' lang='lat' dir='ltr'>titulis:</span> <span class='ocrx_word' id='word_1_750' title='bbox 2006 2074 2182 2107; x_wconf 87' lang='lat' dir='ltr'>virtutibus</span> <span class='ocrx_word' id='word_1_751' title='bbox 2202 2079 2312 2106; x_wconf 86' lang='lat' dir='ltr'>tamen</span> 
     </span>
     <span class='ocr_line' id='line_1_102' title="bbox 1354 2117 2314 2157; baseline -0.002 -7"><span class='ocrx_word' id='word_1_752' title='bbox 1354 2121 1489 2151; x_wconf 86' lang='lat' dir='ltr'>summis</span> <span class='ocrx_word' id='word_1_753' title='bbox 1508 2120 1634 2157; x_wconf 77' lang='lat' dir='ltr'>claruit,</span> <span class='ocrx_word' id='word_1_754' title='bbox 1657 2125 1694 2151; x_wconf 91' lang='lat' dir='ltr'>ut</span> <span class='ocrx_word' id='word_1_755' title='bbox 1712 2120 1861 2150; x_wconf 88' lang='lat' dir='ltr'>omuibus</span> <span class='ocrx_word' id='word_1_756' title='bbox 1884 2119 1981 2150; x_wconf 79' lang='lat' dir='ltr'>fuerit</span> <span class='ocrx_word' id='word_1_757' title='bbox 2003 2117 2216 2155; x_wconf 83' lang='lat' dir='ltr'>admirationi,</span> <span class='ocrx_word' id='word_1_758' title='bbox 2240 2117 2314 2149; x_wconf 90' lang='lat' dir='ltr'>lieet</span> 
     </span>
     <span class='ocr_line' id='line_1_103' title="bbox 1355 2159 2312 2202; baseline -0.004 -8"><span class='ocrx_word' id='word_1_759' title='bbox 1355 2163 1447 2202; x_wconf 85' lang='lat' dir='ltr'>pauci</span> <span class='ocrx_word' id='word_1_760' title='bbox 1466 2163 1603 2194; x_wconf 86' lang='lat' dir='ltr'>virtutes</span> <span class='ocrx_word' id='word_1_761' title='bbox 1622 2162 1693 2194; x_wconf 86' lang='lat' dir='ltr'>illas</span> <span class='ocrx_word' id='word_1_762' title='bbox 1713 2163 1744 2193; x_wconf 92' lang='lat' dir='ltr'>in</span> <span class='ocrx_word' id='word_1_763' title='bbox 1765 2163 1834 2202; x_wconf 81' lang='lat' dir='ltr'>ipso</span> <span class='ocrx_word' id='word_1_764' title='bbox 1853 2165 2064 2202; x_wconf 87' lang='lat' dir='ltr'>agnoscerent</span> <span class='ocrx_word' id='word_1_765' title='bbox 2082 2166 2114 2192; x_wconf 84' lang='lat' dir='ltr'>ct</span> <span class='ocrx_word' id='word_1_766' title='bbox 2126 2159 2312 2191; x_wconf 85' lang='lat' dir='ltr'>laudarent:</span> 
     </span>
     <span class='ocr_line' id='line_1_104' title="bbox 1356 2203 2313 2245; baseline -0.002 -10"><span class='ocrx_word' id='word_1_767' title='bbox 1356 2216 1457 2245; x_wconf 90' lang='lat' dir='ltr'>neque</span> <span class='ocrx_word' id='word_1_768' title='bbox 1490 2211 1598 2236; x_wconf 87' lang='lat' dir='ltr'>tamen</span> <span class='ocrx_word' id='word_1_769' title='bbox 1634 2205 1704 2236; x_wconf 86' lang='lat' dir='ltr'>ideo</span> <span class='ocrx_word' id='word_1_770' title='bbox 1736 2207 1872 2236; x_wconf 88' lang='lat' dir='ltr'>maiores</span> <span class='ocrx_word' id='word_1_771' title='bbox 1905 2205 2028 2235; x_wconf 87' lang='lat' dir='ltr'>animos</span> <span class='ocrx_word' id='word_1_772' title='bbox 2061 2203 2216 2243; x_wconf 84' lang='lat' dir='ltr'>sumpsit,</span> <span class='ocrx_word' id='word_1_773' title='bbox 2257 2207 2313 2234; x_wconf 87' lang='lat' dir='ltr'>aut</span> 
     </span>
    </p>
   </div>
   <div class='ocr_carea' id='block_1_13' title="bbox 1330 2245 2314 2289">
    <p class='ocr_par' dir='ltr' id='par_1_14' title="bbox 1330 2245 2314 2289">
     <span class='ocr_line' id='line_1_105' title="bbox 1330 2245 2314 2289; baseline -0.003 -10"><span class='ocrx_word' id='word_1_774' title='bbox 1330 2248 1527 2288; x_wconf 58' lang='lat' dir='ltr'>,quidquam</span> <span class='ocrx_word' id='word_1_775' title='bbox 1563 2253 1611 2279; x_wconf 85' lang='lat' dir='ltr'>est</span> <span class='ocrx_word' id='word_1_776' title='bbox 1643 2258 1830 2289; x_wconf 84' lang='lat' dir='ltr'>aggressus,</span> <span class='ocrx_word' id='word_1_777' title='bbox 1864 2247 1924 2278; x_wconf 87' lang='lat' dir='ltr'>etsi</span> <span class='ocrx_word' id='word_1_778' title='bbox 1957 2247 2019 2278; x_wconf 86' lang='lat' dir='ltr'>iam</span> <span class='ocrx_word' id='word_1_779' title='bbox 2054 2256 2112 2277; x_wconf 77' lang='lat' dir='ltr'>rex</span> <span class='ocrx_word' id='word_1_780' title='bbox 2145 2245 2261 2277; x_wconf 80' lang='lat' dir='ltr'>suisset</span> <span class='ocrx_word' id='word_1_781' title='bbox 2294 2254 2314 2276; x_wconf 85' lang='lat' dir='ltr'>a</span> 
     </span>
    </p>
   </div>
   <div class='ocr_carea' id='block_1_14' title="bbox 1357 2290 2315 2629">
    <p class='ocr_par' dir='ltr' id='par_1_15' title="bbox 1357 2290 2314 2501">
     <span class='ocr_line' id='line_1_106' title="bbox 1359 2290 1715 2331; baseline 0.003 -11"><span class='ocrx_word' id='word_1_782' title='bbox 1359 2292 1495 2322; x_wconf 85' lang='lat' dir='ltr'>Domino</span> <span class='ocrx_word' id='word_1_783' title='bbox 1519 2290 1715 2331; x_wconf 83' lang='lat' dir='ltr'>designatus.</span> 
     </span>
     <span class='ocr_line' id='line_1_107' title="bbox 1357 2330 2314 2374; baseline -0.002 -11"><span class='ocrx_word' id='word_1_784' title='bbox 1357 2333 1394 2364; x_wconf 83' lang='lat' dir='ltr'>lis</span> <span class='ocrx_word' id='word_1_785' title='bbox 1422 2334 1537 2373; x_wconf 87' lang='lat' dir='ltr'>quibus</span> <span class='ocrx_word' id='word_1_786' title='bbox 1567 2333 1710 2374; x_wconf 90' lang='lat' dir='ltr'>plerique</span> <span class='ocrx_word' id='word_1_787' title='bbox 1733 2333 1914 2373; x_wconf 85' lang='lat' dir='ltr'>gloriantur</span> <span class='ocrx_word' id='word_1_788' title='bbox 1947 2331 2010 2362; x_wconf 89' lang='lat' dir='ltr'>Dei</span> <span class='ocrx_word' id='word_1_789' title='bbox 2040 2331 2177 2372; x_wconf 85' lang='lat' dir='ltr'>gratiam</span> <span class='ocrx_word' id='word_1_790' title='bbox 2210 2330 2314 2371; x_wconf 85' lang='lat' dir='ltr'>magis</span> 
     </span>
     <span class='ocr_line' id='line_1_108' title="bbox 1357 2373 2314 2416; baseline -0.003 -9"><span class='ocrx_word' id='word_1_791' title='bbox 1357 2384 1553 2416; x_wconf 83' lang='lat' dir='ltr'>expetamus,</span> <span class='ocrx_word' id='word_1_792' title='bbox 1577 2382 1613 2407; x_wconf 86' lang='lat' dir='ltr'>ut</span> <span class='ocrx_word' id='word_1_793' title='bbox 1637 2386 1670 2406; x_wconf 89' lang='lat' dir='ltr'>re</span> <span class='ocrx_word' id='word_1_794' title='bbox 1694 2377 1762 2416; x_wconf 83' lang='lat' dir='ltr'>ipsa</span> <span class='ocrx_word' id='word_1_795' title='bbox 1785 2381 1938 2407; x_wconf 86' lang='lat' dir='ltr'>testatum</span> <span class='ocrx_word' id='word_1_796' title='bbox 1967 2374 2062 2405; x_wconf 84' lang='lat' dir='ltr'>faciat</span> <span class='ocrx_word' id='word_1_797' title='bbox 2092 2373 2250 2405; x_wconf 90' lang='lat' dir='ltr'>donorum</span> <span class='ocrx_word' id='word_1_798' title='bbox 2279 2373 2314 2404; x_wconf 89' lang='lat' dir='ltr'>in</span> 
     </span>
     <span class='ocr_line' id='line_1_109' title="bbox 1358 2415 2313 2459; baseline 0 -12"><span class='ocrx_word' id='word_1_799' title='bbox 1358 2428 1414 2448; x_wconf 75' lang='lat' dir='ltr'>nos</span> <span class='ocrx_word' id='word_1_800' title='bbox 1432 2419 1599 2455; x_wconf 83' lang='lat' dir='ltr'>effusione,</span> <span class='ocrx_word' id='word_1_801' title='bbox 1624 2429 1680 2449; x_wconf 86' lang='lat' dir='ltr'>nos</span> <span class='ocrx_word' id='word_1_802' title='bbox 1699 2419 1744 2449; x_wconf 86' lang='lat' dir='ltr'>illi</span> <span class='ocrx_word' id='word_1_803' title='bbox 1770 2421 1877 2459; x_wconf 81' lang='lat' dir='ltr'>gratos</span> <span class='ocrx_word' id='word_1_804' title='bbox 1903 2422 1934 2448; x_wconf 86' lang='lat' dir='ltr'>et</span> <span class='ocrx_word' id='word_1_805' title='bbox 1957 2421 2103 2456; x_wconf 80' lang='lat' dir='ltr'>acceptos</span> <span class='ocrx_word' id='word_1_806' title='bbox 2127 2426 2196 2448; x_wconf 86' lang='lat' dir='ltr'>esse</span> <span class='ocrx_word' id='word_1_807' title='bbox 2219 2421 2251 2447; x_wconf 88' lang='lat' dir='ltr'>et</span> <span class='ocrx_word' id='word_1_808' title='bbox 2271 2415 2313 2448; x_wconf 84' lang='lat' dir='ltr'>ad</span> 
     </span>
     <span class='ocr_line' id='line_1_110' title="bbox 1358 2461 2026 2501; baseline 0 -11"><span class='ocrx_word' id='word_1_809' title='bbox 1358 2471 1472 2492; x_wconf 85' lang='lat' dir='ltr'>munus</span> <span class='ocrx_word' id='word_1_810' title='bbox 1494 2461 1533 2492; x_wconf 86' lang='lat' dir='ltr'>ad</span> <span class='ocrx_word' id='word_1_811' title='bbox 1557 2461 1640 2501; x_wconf 89' lang='lat' dir='ltr'>quod</span> <span class='ocrx_word' id='word_1_812' title='bbox 1663 2461 1724 2501; x_wconf 90' lang='lat' dir='ltr'>ipsi</span> <span class='ocrx_word' id='word_1_813' title='bbox 1749 2461 1868 2501; x_wconf 87' lang='lat' dir='ltr'>placuit</span> <span class='ocrx_word' id='word_1_814' title='bbox 1889 2464 2026 2491; x_wconf 82' lang='lat' dir='ltr'>vocatos.</span> 
     </span>
    </p>

    <p class='ocr_par' dir='ltr' id='par_1_16' title="bbox 1358 2500 2315 2629">
     <span class='ocr_line' id='line_1_111' title="bbox 1442 2500 2315 2544; baseline -0.002 -10"><span class='ocrx_word' id='word_1_815' title='bbox 1442 2504 1596 2544; x_wconf 74' lang='lat' dir='ltr'>Sequitur</span> <span class='ocrx_word' id='word_1_816' title='bbox 1626 2503 1776 2543; x_wconf 85' lang='lat' dir='ltr'>deinceps</span> <span class='ocrx_word' id='word_1_817' title='bbox 1804 2507 1992 2534; x_wconf 85' lang='lat' dir='ltr'>renovatum</span> <span class='ocrx_word' id='word_1_818' title='bbox 2022 2501 2142 2533; x_wconf 88' lang='lat' dir='ltr'>bellum</span> <span class='ocrx_word' id='word_1_819' title='bbox 2171 2512 2189 2533; x_wconf 84' lang='lat' dir='ltr'>a</span> <span class='ocrx_word' id='word_1_820' title='bbox 2211 2500 2315 2533; x_wconf 86' lang='lat' dir='ltr'>Phili-</span> 
     </span>
     <span class='ocr_line' id='line_1_112' title="bbox 1358 2543 2314 2586; baseline -0.002 -10"><span class='ocrx_word' id='word_1_821' title='bbox 1358 2547 1452 2576; x_wconf 82' lang='grc'><strong>513015</strong></span> <span class='ocrx_word' id='word_1_822' title='bbox 1481 2547 1636 2578; x_wconf 84' lang='lat' dir='ltr'>adversus</span> <span class='ocrx_word' id='word_1_823' title='bbox 1660 2546 1834 2582; x_wconf 73' lang='lat' dir='ltr'>Israelitas,</span> <span class='ocrx_word' id='word_1_824' title='bbox 1863 2555 1940 2586; x_wconf 90' lang='lat' dir='ltr'>quos</span> <span class='ocrx_word' id='word_1_825' title='bbox 1968 2544 2016 2575; x_wconf 86' lang='lat' dir='ltr'>illi</span> <span class='ocrx_word' id='word_1_826' title='bbox 2047 2544 2143 2583; x_wconf 86' lang='lat' dir='ltr'>ult-ro,</span> <span class='ocrx_word' id='word_1_827' title='bbox 2174 2554 2236 2575; x_wconf 91' lang='lat' dir='ltr'>non</span> <span class='ocrx_word' id='word_1_828' title='bbox 2266 2543 2314 2575; x_wconf 89' lang='lat' dir='ltr'>la-</span> 
     </span>
     <span class='ocr_line' id='line_1_113' title="bbox 1358 2586 2312 2629; baseline -0.001 -10"><span class='ocrx_word' id='word_1_829' title='bbox 1358 2589 1460 2619; x_wconf 86' lang='lat' dir='ltr'>cessiti</span> <span class='ocrx_word' id='word_1_830' title='bbox 1482 2600 1585 2629; x_wconf 90' lang='lat' dir='ltr'>neque</span> <span class='ocrx_word' id='word_1_831' title='bbox 1604 2591 1774 2629; x_wconf 79' lang='lat' dir='ltr'>provocati,</span> <span class='ocrx_word' id='word_1_832' title='bbox 1798 2587 1942 2629; x_wconf 85' lang='lat' dir='ltr'>aggressi</span> <span class='ocrx_word' id='word_1_833' title='bbox 1965 2592 2057 2618; x_wconf 87' lang='lat' dir='ltr'>sunt:</span> <span class='ocrx_word' id='word_1_834' title='bbox 2082 2593 2115 2618; x_wconf 87' lang='lat' dir='ltr'>et</span> <span class='ocrx_word' id='word_1_835' title='bbox 2137 2588 2170 2618; x_wconf 90' lang='grc'>10</span> <span class='ocrx_word' id='word_1_836' title='bbox 2193 2586 2312 2618; x_wconf 86' lang='lat' dir='ltr'>tribum</span> 
     </span>
    </p>
   </div>
   <div class='ocr_carea' id='block_1_15' title="bbox 1762 2288 2313 2330">
    <p class='ocr_par' dir='ltr' id='par_1_17' title="bbox 1762 2288 2313 2330">
     <span class='ocr_line' id='line_1_114' title="bbox 1762 2288 2313 2330; baseline -0.007 -8"><span class='ocrx_word' id='word_1_837' title='bbox 1762 2289 1872 2329; x_wconf 80' lang='lat' dir='ltr'>Quare</span> <span class='ocrx_word' id='word_1_838' title='bbox 1896 2299 1952 2330; x_wconf 86' lang='lat' dir='ltr'>pro</span> <span class='ocrx_word' id='word_1_839' title='bbox 1976 2289 2126 2320; x_wconf 88' lang='lat' dir='ltr'>inanibus</span> <span class='ocrx_word' id='word_1_840' title='bbox 2149 2288 2213 2319; x_wconf 89' lang='lat' dir='ltr'>illis</span> <span class='ocrx_word' id='word_1_841' title='bbox 2235 2288 2313 2319; x_wconf 84' lang='lat' dir='ltr'>titu-</span> 
     </span>
    </p>
   </div>
   <div class='ocr_carea' id='block_1_16' title="bbox 1332 2629 2313 2672">
    <p class='ocr_par' dir='ltr' id='par_1_18' title="bbox 1332 2629 2313 2672">
     <span class='ocr_line' id='line_1_115' title="bbox 1332 2629 2313 2672; baseline -0.004 -8"><span class='ocrx_word' id='word_1_842' title='bbox 1332 2653 1334 2664; x_wconf 48' lang='grc'>1</span> <span class='ocrx_word' id='word_1_843' title='bbox 1360 2630 1438 2661; x_wconf 87' lang='lat' dir='ltr'>Iuda</span> <span class='ocrx_word' id='word_1_844' title='bbox 1461 2632 1613 2672; x_wconf 87' lang='lat' dir='ltr'>impetum</span> <span class='ocrx_word' id='word_1_845' title='bbox 1639 2631 1793 2670; x_wconf 88' lang='lat' dir='ltr'>fecerunt,</span> <span class='ocrx_word' id='word_1_846' title='bbox 1816 2632 1849 2662; x_wconf 90' lang='lat' dir='ltr'>in</span> <span class='ocrx_word' id='word_1_847' title='bbox 1872 2639 1972 2670; x_wconf 85' lang='lat' dir='ltr'>eaque</span> <span class='ocrx_word' id='word_1_848' title='bbox 1990 2629 2207 2662; x_wconf 84' lang='lat' dir='ltr'>castrametati</span> <span class='ocrx_word' id='word_1_849' title='bbox 2227 2633 2313 2661; x_wconf 85' lang='lat' dir='ltr'>sunt.</span> 
     </span>
    </p>
   </div>
  </div>
 </body>
</html>
