2551 3044
333 200 372 230 75
1176 189 1375 222 IIOMILIA
1401 188 1458 220 LI.
2260 188 2298 219 76

333 292 438 323 dimus
473 290 624 331 populum
661 287 893 319 intolerabilem
932 287 1121 318 servitutem
1160 294 1288 324 passum

335 336 431 367 fuisse
466 333 585 363 multos
618 341 735 367 annos,
777 337 808 360 et
842 330 900 361 sub
934 330 1043 369 iugum
1079 328 1288 368 asperrimum

335 378 470 408 missum
495 375 592 406 fuisse
615 374 717 405 instar
741 373 930 404 miserarum
956 371 1123 412 pecudum,
1145 371 1213 401 sine
1237 368 1290 400 de-

336 419 490 451 fensione.
526 417 609 449 Nam
629 425 756 457 quaeso,
777 424 933 455 quaenam
948 421 1017 445 erat
1037 415 1182 449 servitus,
1194 412 1290 442 etiam

334 463 552 494 instrumenta
574 459 612 490 ad
637 459 796 491 culturam
821 464 925 489 terrae
950 457 1126 488 necessaria
1149 465 1210 486 non
1235 454 1291 485 ha·

336 505 412 536 bere
437 504 497 535 nisi
521 503 559 534 ab
583 500 744 532 inimicis¹.>
788 500 856 531 Iam
881 510 957 531 vcro
982 500 1070 530 Deus
1092 509 1124 529 se
1147 497 1291 529 defenso-

336 558 404 579 rem
434 552 465 577 et
497 551 708 586 protectorem
740 543 848 584 populi
878 543 927 574 sui
958 543 1136 582 profitetur,
1168 549 1225 571 nee
1247 540 1291 570 ita

336 596 455 626 tamen,
479 595 514 619 ut
539 597 692 629 magnum
713 587 814 617 otium
830 586 891 626 ipsi
913 585 1016 621 faciat,
1035 581 1291 624 quandoquidem

335 643 431 673 saepe
454 635 622 663 exercetur
643 629 732 660 novis
753 628 891 659 hostium
911 626 1177 669 aggressionibus.
1215 624 1292 656 Saul

336 674 466 717 quidem
489 683 642 714 magnum
667 676 715 703 est
738 671 797 711 ipsi
821 670 1108 711 propugnaculum,
1132 669 1200 699 Deo
1224 677 1293 707 pro-

338 728 447 759 speros
466 726 634 748 successus
657 714 718 755 ipsi
742 714 854 745 dante:
883 713 939 744 sed
970 712 1179 743 nihilominus
1202 710 1294 741 novis

338 771 465 801 semper
487 759 626 790 hostium
651 755 872 788 invasionibus
896 755 1074 787 infestatur.
1111 754 1159 785 Ex
1180 751 1294 793 quibus

338 803 500 842 discimus,
531 801 636 831 Deum
667 809 832 840 nunquam
856 800 890 829 in
914 798 974 830 hae
997 799 1063 829 vita
1086 797 1151 828 suis
1174 796 1293 836 perfec-

337 853 404 877 tam
429 845 504 876 darc
527 843 668 884 quietem
693 847 724 873 et
748 840 1030 882 tranquillitatem:
1055 851 1103 873 ne.
1123 839 1148 870 si
1168 837 1294 878 quando

337 899 411 921 cum
435 887 535 918 variis
559 884 802 917 difficultatibus
826 883 1015 916 luctandum
1046 883 1114 920 crit,
1146 882 1294 912 fraenum

339 930 492 962 arrodant
526 934 558 960 et
592 927 741 959 dentibus
774 926 929 958 adversus
968 926 1072 966 ipsum
1115 923 1293 955 frendeant.

339 974 450 1014 Neque
474 972 559 1003 enim
583 970 786 1011 cogitandum
811 973 859 1001 est
881 969 913 1000 in
937 968 997 1000 hae
1021 968 1162 999 terrestri
1182 971 1212 997 et
1231 976 1293 997 non

339 1017 492 1048 diuturna
505 1012 769 1050 habitatiuncula,
782 1012 890 1044 Deum
903 1011 986 1043 velle
1000 1011 1090 1042 uobis
1109 1014 1293 1041 terrestrem

337 1057 521 1100 paradisum
551 1056 636 1094 dare,
667 1056 717 1088 vel
747 1055 874 1087 delitias
903 1054 1014 1086 faeere.
1062 1053 1124 1085 Sed
1147 1053 1206 1083 hoe
1229 1061 1294 1082 uno

337 1106 503 1133 contentos
522 1109 591 1130 esse
609 1103 743 1140 oportet,
763 1097 936 1138 perfectam
957 1096 1138 1128 felicitatem
1153 1099 1292 1125 nostram

338 1155 407 1175 csse
430 1144 465 1175 in
489 1142 576 1174 coelo
599 1142 752 1182 positam:
784 1140 955 1180 Deumque
980 1149 1142 1179 nunquam
1167 1137 1293 1168 defutu-

339 1197 410 1219 rum
435 1185 527 1217 nobis
556 1185 589 1215 in
620 1184 754 1215 summis
784 1182 943 1223 periculis,
973 1182 1049 1222 quin
1079 1185 1292 1221 opportunum

339 1229 496 1261 auxilium
531 1227 663 1259 adferat.
714 1225 779 1258 Sed
813 1225 953 1257 vicissim
987 1225 1082 1255 etiam
1118 1223 1292 1258 sciendum,

340 1273 446 1304 Deum
471 1271 569 1302 variis
591 1268 817 1301 afflictionibus
834 1277 892 1299 nos
911 1271 1124 1303 exercentem,
1148 1265 1229 1296 velle
1248 1265 1293 1296 ita

339 1315 432 1347 nobis
455 1313 642 1354 ampliorem
672 1312 776 1352 ipsum
806 1309 978 1342 invocandi
1005 1309 1171 1340 materiam
1202 1307 1292 1339 dare:

340 1364 371 1389 et
394 1368 412 1388 a
435 1355 616 1389 carnalibus
639 1354 790 1385 omnihus
813 1353 982 1385 affectibus
1004 1362 1145 1387 avocare,
1170 1361 1208 1382 ne
1231 1350 1294 1381 illis

341 1400 553 1432 inebriemur:
577 1397 617 1429 ad
640 1407 718 1437 quas
742 1407 798 1428 nos
820 1406 889 1427 esse
912 1395 1046 1426 nimium
1070 1393 1234 1435 proclives,
1265 1396 1295 1423 et

342 1443 477 1474 nimium
501 1451 596 1481 saepe
608 1440 647 1471 ab
660 1439 722 1471 illis
741 1438 827 1470 eludi
846 1439 914 1478 ipsa
933 1437 1132 1478 experientia
1152 1440 1294 1467 testatur.

342 1485 452 1525 Quare
486 1493 586 1524 quum
620 1483 680 1514 hoc
712 1482 780 1513 loco
814 1480 963 1513 victorias
997 1479 1105 1511 Saulis
1140 1478 1295 1518 audimus,

342 1529 441 1559 ctiam
473 1525 714 1557 meminerimus
744 1524 881 1556 miserae
911 1522 1102 1554 conditionis
1132 1532 1202 1553 011111
1234 1531 1297 1561 qua

343 1571 405 1602 Dei
430 1568 567 1610 populus
590 1567 782 1605 luctabatur,
805 1566 917 1598 crebro
940 1565 1031 1596 illum
1056 1565 1148 1595 novis
1171 1574 1296 1605 aggres-

343 1612 486 1645 sionibus
521 1610 665 1642 hostibus
700 1608 927 1641 adorientibus.
982 1608 1046 1639 Hic
1086 1617 1161 1638 1010
1200 1617 1297 1647 01111111

342 1659 574 1691 momorantur,
606 1653 675 1690 Kis,
707 1652 783 1692 Ner,
806 1651 925 1688 Abner,
949 1655 981 1681 et
1004 1651 1037 1681 fit
1060 1650 1155 1681 etiam
1179 1649 1298 1680 mentio

343 1698 581 1733 Idumaeorum,
613 1694 837 1730 Moabitarum,
866 1693 1148 1725 Hammonitarum
1173 1698 1203 1723 ct
1226 1692 1298 1722 reli-

344 1750 480 1781 quorum
521 1737 677 1769 adversus
717 1748 795 1778 quos
830 1736 909 1768 Saul
950 1741 1137 1777 perpetuum
1180 1735 1299 1765 bellum

345 1783 453 1824 gessit,
483 1780 721 1813 observandum
752 1780 829 1811 istos
860 1789 971 1810 omnes
1001 1778 1098 1809 fuisse
1127 1789 1143 1808 0
1167 1777 1300 1818 posteris

344 1824 532 1859 Abrahami,
564 1823 617 1864 qui
648 1828 754 1854 tamen
785 1821 949 1862 perpetuis
978 1821 1057 1852 odiis
1079 1819 1234 1851 adversus
1256 1819 1300 1850 ls-

345 1868 476 1899 13011138
499 1871 674 1898 certarunt.
720 1865 763 1896 Et
793 1864 919 1904 quidem
944 1862 1087 1894 Idumaei
1119 1866 1210 1893 erant
1241 1863 1301 1893 ori-

346 1910 424 1942 undi
448 1909 486 1941 ab
510 1909 609 1940 altero
632 1908 770 1939 filiorum
785 1907 897 1943 Isaaci‚
922 1906 1038 1943 Esauo,
1063 1906 1160 1936 fratre
1181 1905 1302 1936 Iacobi:

347 1953 400 1994 qui
426 1959 534 1984 tamen
559 1950 777 1991 capitalissimi
797 1949 905 1981 hostes
926 1948 1146 1980 Israelitarum
1166 1949 1302 1984 fuerant,

348 2001 379 2027 et
403 1995 558 2027 adversus
582 2003 635 2025 eos
658 1992 810 2024 continua
828 1991 911 2022 bella
930 1996 1109 2032 gesserunt.
1144 1990 1208 2021 Sed
1228 1989 1303 2029 quid

348 2039 409 2070 1100
433 2037 503 2069 est?
538 2037 686 2068 Tantane
716 2035 832 2066 fratres
855 2034 941 2065 inter
969 2044 1002 2065 se
1031 2032 1102 2064 odia
1133 2032 1302 2064 exercere?

347 2081 416 2112 Nae
439 2079 572 2121 perinde
595 2078 679 2110 istud
704 2084 753 2109 est
776 2087 812 2109 ac
835 2077 863 2108 si
887 2077 982 2108 unius
1011 2075 1216 2115 eiusdemque
1236 2085 1305 2106 001-

347 2124 433 2164 poris
463 2122 606 2154 membra
635 2121 757 2152 mutuis
787 2130 856 2152 sese
879 2119 1066 2151 vulneribus
1089 2117 1304 2150 confoderent.

347 2166 436 2198 Hinc
470 2166 578 2205 itaque
613 2164 773 2195 discamus
809 2173 871 2194 non
907 2161 1026 2199 mirari,
1059 2161 1084 2192 si
1114 2161 1135 2192 ii
1165 2161 1216 2201 qui
1248 2170 1305 2191 nos

350 2209 432 2240 tueri
447 2213 478 2239 et
497 2206 666 2239 defendere
686 2205 847 2243 deberent,
867 2205 930 2246 qui,
950 2205 1091 2245 inquam,
1110 2213 1178 2234 8080
1198 2202 1306 2234 catho-

350 2251 430 2283 licae
452 2250 525 2282 fidei
550 2255 745 2291 protectores
769 2252 967 2289 nuncupant,
992 2245 1082 2278 nobis
1104 2250 1180 2278 sunt
1199 2245 1307 2276 hostes

352 2293 566 2325 infestissimi:
591 2290 848 2333 quandoquidem
879 2301 917 2321 ea
939 2290 997 2321 fuit
1021 2289 1162 2320 omnium
1186 2294 1307 2328 tempo—

353 2348 423 2368 rum
448 2335 582 2367 macula.
630 2334 683 2366 Sic
708 2334 855 2365 videmus
878 2333 1053 2372 Israelitas,
1084 2341 1149 2363 non
1181 2334 1307 2362 tantum

353 2379 506 2411 adversus
530 2377 726 2409 Philistaeos
749 2376 866 2408 bellum
891 2376 1043 2416 gessisse:
1073 2374 1126 2406 sed
1156 2373 1309 2405 adversus

353 2432 523 2462 germanos
548 2421 673 2457 fratres,
705 2419 758 2460 qui
789 2418 892 2450 crebis
921 2418 1007 2458 ipsos
1029 2416 1158 2458 praeliis
1181 2415 1309 2447 lacessi-

354 2469 482 2501 verunt,
506 2463 620 2504 quibus
643 2468 750 2494 tamen
771 2461 878 2502 potius
897 2460 982 2492 ferre
1001 2460 1164 2500 suppetias
1183 2459 1220 2489 ab
1241 2457 1310 2489 aliis

354 2507 513 2547 oppressis
546 2506 722 2546 oportebat.
778 2504 868 2535 Haec
902 2513 977 2534 vero
1011 2502 1103 2534 nobis
1143 2500 1237 2532 hodie
1276 2501 1310 2531 in

355 2555 495 2581 nostram
520 2549 692 2579 utilitatem
716 2546 834 2578 debent
857 2545 983 2578 cedere:
1009 2555 1112 2586 neque
1135 2543 1219 2575 enim
1244 2553 1310 2574 ma-

356 2592 473 2623 ior-ibus
495 2591 673 2632 privilegiis
696 2599 792 2630 quam
815 2594 922 2630 patres
946 2592 1074 2620 nostros
1096 2587 1157 2619 frui
1177 2597 1235 2627 par
1253 2590 1310 2617 est.

357 2633 404 2666 Ac
426 2644 490 2665 non
515 2633 646 2665 dubium
671 2638 719 2665 est
741 2632 817 2673 quin
841 2631 993 2663 ecclesiae
1016 2630 1154 2663 conditio
1177 2633 1210 2660 et
1232 2629 1311 2660 ima·

1316 299 1317 311 1
1342 293 1382 324 go
1404 282 1479 313 viva
1504 280 1594 312 nobis
1617 282 1648 312 in
1673 281 1733 313 hac
1756 281 1889 313 historia
1914 286 2190 321 repraesentetur:
2216 287 2251 312 ut
2274 282 2301 313 si

1343 335 1402 356 nos
1425 324 1463 355 ab
1495 325 1532 355 iis
1563 325 1752 364 quibuscum
1782 324 1830 356 vel
1861 323 2018 364 sanguine
2042 323 2088 354 vel
2126 325 2301 355 necessitu-

1343 368 1416 398 dine
1439 367 1547 407 aliqua
1569 367 1670 399 iuncti
1693 378 1804 398 sumus
1827 367 1927 408 premi
1952 372 1984 397 et
2007 366 2105 406 affligi
2129 365 2233 405 aliqua
2251 376 2300 397 ra-

1343 411 1430 441 tione
1453 410 1631 450 eontigerit,
1664 420 1704 440 ne
1734 421 1852 441 novum
1882 415 1913 440 et
1944 409 2061 440 isolens
2083 408 2113 439 id
2139 408 2229 439 nobis
2253 409 2299 439 vi-

1343 453 1465 489 deatur,
1496 458 1552 483 aut
1583 462 1679 493 aegre
1709 453 1858 490 feramus,
1888 451 2144 492 quandoquidem
2177 460 2213 482 ea
2241 451 2302 482 fuit

1342 495 1488 526 omnium
1507 495 1707 527 saeculorum
1719 494 1925 527 consuetudo.
1948 494 2120 526 Caeterum
2133 493 2185 525 hic
2204 494 2300 525 etiam

1343 538 1489 577 observa,
1514 538 1620 568 Deum
1644 538 1754 570 fecisse
1777 538 1942 578 promissa,
1967 547 2066 577 quum
2086 536 2218 568 Saulem
2242 536 2302 567 ele-

1344 581 1401 621 git,
1425 590 1547 620 suoque
1570 580 1688 620 populo
1711 590 1819 621 regem
1842 581 2003 620 praefecit,
2036 589 2150 620 nempe
2173 579 2240 611 fore
2263 579 2301 610 il-

1344 623 1411 654 lum
1435 623 1544 666 populi
1576 629 1777 654 assertorem.
1823 623 1904 654 Nam
1934 623 1992 653 etsi
2025 633 2088 653 non
2117 626 2185 653 erat
2215 621 2301 653 istud

1345 676 1481 706 regnum
1507 665 1624 703 Saulis,
1653 664 1685 696 id
1708 665 1791 705 quod
1816 665 1904 696 Deus
1927 665 2120 700 decreverat.
2151 663 2302 705 quemad-

1345 708 1476 739 modum
1512 708 1663 748 deinceps
1697 707 1894 739 videbimus:
1929 713 2037 739 tamen
2072 706 2151 738 illud
2184 707 2303 747 partim

1347 757 1451 782 ratum
1476 750 1559 789 fecit,
1583 760 1679 790 quum
1704 751 1891 788 fortunavit,
1921 755 1953 781 et
1982 749 2102 780 malum
2126 750 2158 780 in
2182 750 2302 781 bonum

1345 793 1452 824 vertit.
1498 792 1685 824 Merebatur
1715 793 1799 824 enim
1830 793 1936 833 populi
1967 792 2144 832 petulantia
2165 797 2201 822 ut
2223 791 2303 824 Saul

1346 835 1551 877 tyrannidem
1582 835 1616 866 in
1644 836 1750 877 ipsum
1782 840 1955 874 exerceret,
1985 840 2018 866 et
2046 834 2078 866 in
2107 833 2302 866 horrendam

1346 879 1486 918 aliquam
1517 878 1737 910 confusionem
1768 877 1940 909 deveniret.
1988 876 2053 909 Sed
2085 877 2173 908 Deus
2203 876 2304 908 admi·

1346 921 1448 952 randa
1470 925 1501 952 et
1524 920 1753 952 inaestimabili
1777 921 1917 952 bonitate
1940 919 2072 952 Saulem
2102 918 2203 950 voluit
2232 929 2304 951 cum

1346 964 1464 1004 populo
1495 964 1634 1005 benigne
1663 968 1694 995 et
1725 969 1892 995 mansuete
1919 973 2024 1004 agere,
2059 962 2157 993 donec
2191 972 2304 993 verum

1346 1016 1455 1047 regem
1493 1015 1511 1036 a
1545 1016 1578 1037 se
1609 1006 1804 1038 destinatum
1836 1005 1995 1037 Davidem
2033 1005 2235 1037 suscitasset:
2270 1009 2305 1036 ut

1345 1048 1501 1090 populum
1524 1048 1708 1080 ostenderet
1730 1059 1806 1080 vere
1828 1049 1860 1080 in
1880 1048 1997 1080 librum
2017 1048 2100 1079 vitae
2119 1048 2304 1087 ascriptum,

1345 1098 1377 1123 et
1404 1093 1438 1122 in
1469 1101 1557 1131 spem
1590 1093 1680 1133 regni
1710 1092 1795 1123 illius
1825 1092 1946 1123 aeterni
1977 1096 2136 1126 vocatum,
2167 1089 2251 1130 qnod
2272 1090 2304 1121 111

1345 1135 1486 1166 Ι)01111110
1512 1140 1622 1166 nostro
1646 1134 1721 1166 Iesu
1745 1134 1878 1166 Christo
1901 1134 2094 1175 patefactum
2119 1137 2176 1164 est.

1430 1177 1499 1208 Iam
1525 1187 1603 1209 vero
1626 1177 1828 1218 procidamus
1848 1180 1898 1209 etc.

1664 1322 1908 1362 HOMILIA
1931 1322 1997 1362 LI.

1728 1390 1825 1423 OAP.
1849 1390 1923 1421 xv.

1437 1477 1463 1508 1.
1490 1476 1531 1508 Et
1553 1476 1636 1508 (lixit
1661 1475 1787 1508 Samuel
1808 1476 1850 1507 ad
1873 1475 1961 1514 Saul,
1982 1485 2029 1506 me
2047 1475 2132 1506 misit
2149 1474 2307 1506 Dominus

1350 1523 1384 1552 ut
1405 1529 1551 1560 anyerem
1573 1521 1600 1550 te
1621 1519 1655 1550 in
1680 1528 1779 1559 reyem
1807 1529 1900 1558 super
1924 1517 2074 1558 populum
2105 1518 2172 1549 eius
2196 1516 2306 1557 Israel,

1349 1572 1431 1594 nunc
1453 1572 1522 1603 erqo
1544 1561 1622 1593 audi
1644 1571 1745 1593 vocem
1766 1561 1907 1593 Domini.
1951 1560 1980 1591 2.
2000 1559 2084 1591 Haec
2105 1560 2179 1592 dicit
2200 1558 2309 1591 Domie

1350 1616 1409 1636 uus
1438 1605 1633 1636 exercituum.
1687 1604 1838 1636 Reeensui
1865 1613 2060 1644 quaecunque
2086 1602 2155 1642 fecit
2182 1601 2309 1633 Amalec

1352 1648 1475 1685 Israeli,
1497 1647 1644 1687 quomodo
1669 1647 1779 1678 restitit
1800 1647 1829 1678 ei
1849 1647 1883 1678 in
1905 1646 1957 1677 via
1974 1655 2042 1677 cum
2064 1645 2256 1677 adscenderet
2273 1644 2310 1676 de

1351 1691 1498 1732 Aegypto.
1543 1690 1571 1721 3.
1602 1689 1696 1721 Nunc
1725 1699 1794 1730 erqo
1824 1689 1901 1721 vade
1929 1691 1957 1720 et
1980 1690 2104 1728 percute
2130 1686 2256 1719 Amalec
2283 1689 2310 1718 et

1350 1733 1497 1765 demolire
1515 1733 1663 1764 universa
1686 1733 1769 1764 eius:
1790 1742 1850 1763 non
1868 1741 1984 1771 parcas
2004 1731 2041 1768 ei,
2064 1730 2118 1762 sed
2140 1730 2272 1769 interfice
2288 1739 2310 1761 a

1351 1777 1417 1807 viro
1440 1785 1536 1815 usque
1559 1776 1600 1807 ad
1621 1775 1781 1807 mulierem
1804 1777 1831 1806 et
1848 1773 2015 1814 parvulum
2037 1776 2126 1813 atque
2147 1773 2310 1810 lacten-tem,

1352 1819 1456 1850 bovem
1487 1821 1513 1849 et
1543 1828 1638 1858 ovem,
1672 1818 1821 1850 camelum
1851 1820 1879 1848 et
1906 1817 2038 1848 asinum.
2090 1816 2119 1847 4.
2150 1814 2312 1855 Praecepit

1352 1862 1454 1901 itaque
1479 1860 1557 1892 Saul
1579 1861 1706 1900 populo,
1736 1863 1763 1892 et
1792 1860 1942 1892 recensuit
1963 1868 2011 1890 eos
2030 1859 2120 1898 quasi
2138 1867 2234 1899 aynos
2255 1857 2311 1889 clu·

1353 1907 1436 1935 centa
1458 1904 1561 1935 millia
1578 1904 1731 1944 peditum,
1763 1906 1788 1934 et
1809 1903 1908 1935 decem
1930 1901 2032 1933 millia
2053 1902 2193 1932 virorum
2214 1899 2309 1932 duda„

1353 1947 1382 1978 5.
1410 1947 1568 1986 Quumque
1589 1947 1722 1978 venisset
1735 1945 1813 1977 Saul
1834 1955 1930 1985 usque
1951 1944 1993 1976 ad
2014 1944 2164 1975 civitatem
2175 1942 2311 1981 Amalec,

1352 1990 1473 2021 tetendit
1494 1989 1631 2021 insidias
1649 1990 1683 2021 in
1703 1991 1841 2021 torrente.
1875 1988 1904 2019 6.
1924 1987 2074 2027 Dixitque
2087 1985 2167 2018 Saul
2186 1985 2312 2017 Oinaeo:

1354 2032 1452 2070 Abite,
1476 2032 1610 2068 recedite,
1634 2035 1723 2072 atque
1745 2031 1887 2064 discedite
1908 2030 1946 2062 ab
1967 2029 2094 2061 Amalec
2111 2039 2148 2060 rie
2167 2028 2246 2068 forte
2267 2028 2314 2059 in-

1354 2075 1475 2106 volvam
1497 2077 1523 2106 te
1545 2084 1613 2106 cum
1635 2085 1679 2115 ee,
1702 2079 1735 2107 tu
1759 2075 1840 2106 enim
1861 2073 1961 2114 fecisti
1983 2071 2225 2104 misericordiam
2245 2080 2313 2102 cum

1356 2117 1496 2149 omnibus
1515 2117 1594 2157 filiis
1618 2117 1729 2155 Israel,
1761 2127 1855 2157 quum
1873 2115 2088 2148 adscenderent
2109 2114 2146 2146 cle
2167 2113 2312 2154 Aegypto.

1358 2160 1398 2191 Et
1420 2161 1541 2192 recessit
1555 2159 1688 2192 Cinaeus
1711 2161 1749 2192 de
1770 2160 1869 2192 medio
1882 2158 2018 2190 Amalec.
2053 2157 2081 2188 7.
2101 2155 2313 2196 Percussitque

1359 2202 1436 2234 Saul
1457 2203 1583 2235 Amalec
1606 2202 1644 2234 ab
1668 2203 1794 2241 Hevila,
1824 2203 1916 2234 donec
1944 2200 2048 2232 venias
2069 2199 2110 2231 ad
2135 2198 2205 2236 Sur,
2236 2208 2313 2238 (luae

1357 2248 1398 2275 est
1421 2256 1436 2276 e
1458 2246 1579 2286 regione
1601 2246 1744 2287 Aegypti.

1442 2331 1584 2372 Insignis
1607 2331 1799 2373 explicanda
1822 2329 1913 2362 uobis
1935 2327 2069 2359 historia
2092 2327 2244 2367 sequitur,
2278 2327 2312 2357 in

1359 2383 1420 2412 qua
1443 2374 1697 2415 contemplemur
1727 2378 1924 2415 quantopere
1952 2371 2039 2402 salus
2068 2370 2219 2401 ecclesiae
2242 2368 2312 2400 Deo

1359 2426 1432 2446 cura
1463 2417 1520 2447 sit:
1555 2423 1585 2448 et
1616 2417 1768 2456 vicissim,
1802 2419 1921 2456 quanta
1949 2422 2026 2445 cura
2055 2418 2086 2443 et.
2116 2411 2222 2443 studio
2256 2421 2313 2442 nos

1360 2462 1502 2497 oporteat
1525 2459 1708 2491 incumbere
1726 2461 1759 2491 111
1779 2457 1938 2490 mandatis
1949 2455 2084 2486 Domini
2103 2456 2172 2486 sine
2191 2458 2313 2485 contra-

1361 2500 1497 2532 dictione
1531 2502 1715 2543 implendis:
1750 2507 1788 2533 ut
1819 2501 1894 2532 licet
1921 2498 2023 2530 nostri
2054 2507 2167 2529 sensus
2197 2495 2311 2528 abhor-

1362 2548 1462 2579 reant,
1495 2549 1600 2576 tamen
1630 2545 1732 2586 ipsius
1753 2542 1913 2576 voluntati
1937 2540 2178 2572 satisfaciamus.
2223 2538 2311 2570 Into-

1362 2585 1492 2616 leranda
1526 2587 1611 2618 enim
1645 2587 1828 2629 arrogantia
1860 2585 1916 2616 illa
1949 2590 2005 2621 est,
2040 2593 2136 2623 quum
2168 2580 2311 2613 mortalis

1362 2627 1455 2659 audet
1480 2628 1634 2662 adversus
1656 2635 1830 2663 creatorem
1853 2627 1995 2667 obloqui:
2030 2630 2060 2658 et
2090 2625 2150 2657 sibi
2172 2624 2311 2664 aliquam
