2551 3044
205 196 268 226 217

209 289 243 320 in
267 289 438 320 hominum
461 287 688 329 cogitationem
714 286 887 318 venissent.
933 285 1015 316 Nam
1043 288 1075 315 et
1099 283 1171 324 plus

210 342 306 372 quam
321 330 549 362 miraculosum
570 336 618 361 cst
637 329 870 361 adolescentem
891 327 1046 359 adversus
1059 337 1171 357 ursum
1197 356 1198 361 ,

210 379 267 405 aut
297 374 422 405 leonem
454 375 557 404 facere
589 373 753 413 impetum,
787 373 825 402 ad
857 381 995 411 quarum
1031 370 1170 400 ferarum

210 417 263 448 vel
287 417 391 448 solum
415 415 602 456 adspectum
627 415 822 446 fortissimus
847 415 981 454 quisque
1004 412 1169 444 cohorres-

210 460 263 497 cit,
294 463 326 490 et
354 458 415 490 sibi
445 459 553 498 potius
581 459 656 499 fuga
686 458 821 489 salutem
853 457 986 497 quaerit,
1016 465 1111 495 quam
1137 458 1171 484 ut

209 502 334 541 patenti
359 504 391 531 et
414 506 524 541 aperto
548 500 615 531 loco
639 501 719 532 velit
742 499 904 541 congredi.
940 498 1048 538 Quum
1072 497 1171 537 igitur

209 544 318 575 David
353 543 430 575 dicit
464 553 497 573 50
532 554 643 574 ursum
678 543 728 574 vel
763 543 887 573 leonem
920 539 1170 581 apprehendisse

209 591 329 624 mento,
359 590 390 617 et
419 586 603 623 suffocasse,
626 596 703 616 sane
732 590 865 625 apparet
895 585 967 625 plus
991 594 1084 623 quam
1109 582 1169 612 hu-

209 630 315 660 manis
339 628 462 659 viribus
486 632 563 659 tunc
586 629 767 668 praeditum
793 629 898 665 fuisse,
925 632 956 658 et
979 628 1099 657 virtute
1122 624 1169 654 di-

208 671 287 703 vina
317 675 348 702 et
381 671 701 710 incomprehensibili
732 676 857 701 tantum
892 670 1013 701 facinus
1044 673 1168 708 gestum

207 714 317 745 fuisse.
362 713 580 752 Quamobrem
605 713 680 745 hinc
704 712 960 744 concludendum
983 716 1040 748 est,
1068 710 1168 741 Davi·

208 756 283 787 dem
306 766 404 796 quum
427 761 586 796 agrestem
611 762 642 787 et
666 756 846 796 pecuariam
870 756 968 787 vitam
992 759 1109 794 ageret,
1134 753 1167 782 in

208 798 303 830 domo
326 803 461 838 paterna
484 799 628 829 omnium
653 799 895 836 abiectissimus,
919 802 951 828 et
974 802 1079 827 tamen
1100 800 1169 826 tan-

209 842 250 873 tis
274 841 397 873 viribus
421 846 505 872 esset
528 842 702 881 praeditus,
732 852 794 872 non
819 841 919 872 fuisse
942 840 1012 870 illas
1036 844 1167 869 natura-

205 883 264 921 105,
288 884 342 915 5οἀ
356 883 464 914 1)011111
487 894 604 915 arcana
623 884 760 924 quadam
786 884 904 914 virtute
928 883 959 913 in
983 883 1052 922 ipso
1071 881 1168 911 fuisse

206 931 386 966 operatum,
417 932 493 957 uta
516 938 549 957 50
581 927 620 957 ad
651 938 701 957 res
731 936 865 966 magnas
896 926 1000 966 ipsum
1031 924 1166 955 electum

206 969 308 1000 fuisse
332 979 366 1000 re
388 969 458 1008 ipsa
481 974 634 999 testatum
673 970 801 1000 faceret.
857 969 1062 1008 Quapropter
1095 966 1169 997 licet

206 1016 472 1043 contemneretur
484 1011 593 1042 David
618 1016 653 1042 ut
676 1012 815 1042 fratrum
838 1012 990 1042 minimus
1013 1015 1044 1041 et
1068 1009 1168 1040 abiec-

206 1054 362 1092 tissimus,
393 1064 458 1084 non
489 1054 560 1085 ideo
585 1060 689 1085 tamen
714 1054 822 1085 minus
846 1065 864 1084 a
887 1054 956 1085 Deo
981 1053 1075 1084 certis
1099 1052 1168 1091 qui—

205 1097 343 1128 busdam
373 1096 476 1137 signis
506 1096 696 1128 nobilitatus
727 1102 785 1135 est,
819 1102 851 1128 et
881 1096 920 1127 ad
950 1107 1000 1127 res
1034 1105 1169 1135 magnas

205 1139 270 1170 Dei
293 1144 423 1170 aeterno
447 1143 478 1170 et
501 1150 617 1170 arcano
648 1139 779 1171 consilio
814 1139 1009 1180 designatus.
1055 1138 1167 1170 Caete-

205 1193 279 1213 rum
304 1182 363 1213 etsi
386 1192 451 1212 non
474 1182 623 1213 omnibus
647 1182 796 1213 fidelibus
818 1182 907 1213 Deus
930 1180 1083 1213 concedat
1107 1181 1168 1211 100-

204 1225 303 1256 nibus
326 1229 359 1255 et
381 1224 465 1255 ursis
489 1224 596 1265 gulam
622 1226 780 1265 frangere,
803 1233 832 1256 et
857 1236 910 1256 005
934 1224 1098 1262 dilaniare,
1121 1228 1168 1254 te-

204 1267 349 1298 nendum
374 1272 482 1298 tamen
503 1267 611 1298 Deum
632 1278 690 1298 nos
714 1268 869 1299 adversus
892 1267 1021 1298 leonum
1045 1271 1077 1297 et
1100 1276 1168 1297 cae-

203 1315 347 1341 terarum
370 1310 555 1341 istiusmodi
580 1311 719 1341 ferarum
750 1311 905 1351 impetum
931 1315 1111 1340 tutaturum
1136 1314 1168 1339 et

204 1353 431 1384 defensurum:
462 1353 734 1392 quemadmodum
758 1353 959 1393 experientia
981 1352 1168 1393 quotidiana

207 1394 308 1434 docet,
331 1395 460 1435 quantis
479 1406 496 1426 e
519 1396 668 1435 periculis
691 1401 723 1427 et
745 1407 840 1436 quam
864 1396 963 1427 variis
985 1395 1086 1426 modis
1110 1405 1167 1425 nos

206 1438 299 1470 Deus
322 1443 423 1476 eruat,
447 1442 479 1469 et
501 1449 560 1479 pro
583 1439 676 1469 nobis
700 1438 855 1470 adversus
878 1438 1058 1470 istiusmodi
1082 1437 1167 1468 feras

205 1480 396 1521 sanguinem
421 1481 598 1512 humanum
618 1481 764 1513 sitientes
784 1481 923 1518 dimicet,
942 1486 973 1512 et
992 1481 1025 1511 in
1049 1491 1166 1521 genere

206 1523 246 1554 ab
268 1524 417 1555 omnibus
440 1529 598 1564 quotquot
621 1529 697 1555 sunt
719 1525 753 1555 in
773 1524 892 1555 mundo
912 1524 988 1555 feris
1008 1523 1166 1555 defendat.

205 1566 291 1597 Nam
314 1572 438 1598 certum
463 1573 511 1598 est
534 1567 667 1598 totidem
692 1567 784 1598 nobis
806 1568 872 1611 fpre
895 1567 1007 1598 mortis
1031 1566 1166 1597 nuncios

206 1614 282 1649 quot
312 1609 396 1640 feras
425 1610 650 1650 conspicimus,
683 1610 714 1640 ni
745 1610 835 1641 Deus
865 1614 1033 1641 averteret.
1082 1609 1166 1640 Nam

205 1656 243 1683 ut
265 1651 412 1682 omittam
435 1662 488 1684 eas
511 1663 591 1693 quae
604 1653 768 1684 nobiscum
782 1659 1012 1684 mansuescunt
1030 1655 1063 1683 et
1081 1652 1166 1683 cicu-

205 1699 329 1733 rantur,
353 1704 460 1735 equos,
484 1706 590 1733 caneS,
612 1701 722 1727 tauros
746 1700 777 1726 et
801 1695 929 1733 similes,
949 1694 1025 1735 quid
1049 1695 1168 1726 retinet

205 1738 291 1769 feras
318 1737 390 1769 illas
420 1743 563 1778 agrestes
594 1738 768 1778 quominus
798 1739 831 1769 in
860 1738 979 1779 apertis
1008 1738 1086 1769 locis
1110 1748 1167 1768 nos

207 1779 449 1821 aggrediantur,
473 1782 524 1812 vel
545 1782 578 1811 in
603 1782 689 1821 ipsas
712 1781 808 1812 urbes
831 1787 862 1812 et
886 1780 994 1812 domos
1013 1781 1167 1820 impetum

206 1823 348 1854 faciant?
372 1823 441 1854 Nae
461 1823 573 1856 divina
597 1824 732 1864 quadam
758 1824 789 1854 vi
813 1824 913 1855 veluti
936 1824 1058 1855 catenis
1081 1830 1169 1855 coer-

206 1870 328 1898 centur.
374 1866 458 1898 Nam
489 1867 638 1907 quoniam
663 1878 680 1897 a
702 1867 772 1898 Deo
796 1877 852 1906 per
882 1871 1048 1906 peccatum
1071 1866 1166 1897 alieni

206 1909 285 1941 sacti
319 1919 440 1947 sumus,
475 1916 587 1940 nostra
621 1920 698 1940 sane
728 1910 930 1941 contumacia
960 1914 1102 1940 meretur
1132 1914 1167 1940 ut

205 1962 301 1984 omne
324 1962 425 1990 genus
448 1953 587 1983 ferarum
613 1952 786 1983 adversum
814 1963 872 1983 nos
902 1957 1054 1983 armetur.
1100 1951 1168 1983 Sci-

205 2005 277 2027 mus
298 1994 386 2026 enim
409 1993 580 2032 Adamum,
605 1995 745 2035 primum
769 1995 860 2026 illum
882 1999 1027 2026 nostrum
1052 2005 1166 2035 paren—

206 2041 283 2078 tem,
312 2037 470 2068 excidisse
501 2037 658 2078 dignitate
688 2038 742 2068 illa
766 2042 797 2068 et
820 2038 992 2069 autoritate
1015 2048 1108 2077 quam
1132 2037 1166 2068 in

205 2090 319 2113 omnes
347 2081 529 2112 animantes
558 2085 723 2120 acceperat
754 2092 772 2111 a
796 2081 943 2119 Domino,
979 2091 1058 2120 quae
1087 2091 1165 2111 non-

206 2123 270 2155 nisi
293 2123 328 2154 in
351 2123 491 2154 Domino
515 2129 622 2154 nostro
646 2123 720 2154 Iesu
743 2123 874 2154 Christo
904 2123 1087 2162 recuperari
1110 2134 1166 2162 po-

207 2170 278 2198 test.
325 2165 435 2204 Quare
459 2176 557 2206 quum
581 2166 614 2196 in
635 2166 738 2197 antris
762 2166 826 2197 suis
850 2165 935 2197 feras
958 2165 1057 2197 latere
1080 2166 1168 2197 vide-

207 2220 289 2247 mus,
312 2208 424 2239 divina
447 2219 543 2239 manu
568 2209 708 2240 cohiberi
733 2218 953 2248 agnoscamus,
976 2209 1067 2240 cuius
1091 2219 1168 2249 erga

207 2262 266 2283 nos
301 2251 525 2282 benevolentia
559 2251 734 2291 singularis
768 2252 799 2282 in
836 2262 872 2283 eo
906 2256 1054 2291 apparet,
1084 2250 1167 2292 quod

208 2294 335 2326 clausas
356 2294 475 2325 retinet
498 2294 531 2324 in
556 2294 667 2332 antris,
691 2299 726 2325 ut
751 2294 800 2325 vel
824 2295 856 2324 in
880 2294 966 2335 agris
989 2294 1039 2325 vel
1060 2294 1092 2325 in
1113 2294 1167 2325 do-

208 2336 314 2368 mibus
350 2337 457 2376 quiete
487 2342 518 2367 01
547 2337 669 2377 placide
704 2336 895 2368 habitemus.
949 2337 1059 2376 Neque
1092 2347 1168 2368 vero

208 2380 335 2412 clausas
370 2379 439 2410 dico
474 2384 626 2419 tanquam
662 2380 763 2410 muris
797 2384 1012 2417 coerceantur,
1047 2380 1100 2411 sed
1134 2382 1168 2410 in

209 2423 297 2463 agris
319 2426 350 2452 et
373 2422 474 2462 sylvis
498 2432 515 2452 a
539 2422 679 2453 Domino
703 2422 747 2454 510
771 2423 902 2453 retineri
933 2433 973 2452 ne
996 2423 1089 2454 nobis
1112 2434 1167 2454 no-

210 2469 312 2498 ceant.
357 2464 405 2496 Ac
429 2475 661 2505 nonnunquam
690 2465 805 2496 accidit
833 2470 868 2496 ut
892 2465 1050 2497 Dominus
1073 2466 1169 2497 certis

210 2507 367 2548 exemplis
390 2508 537 2539 ostendat
560 2508 706 2538 homines
730 2518 747 2538 a
771 2508 855 2546 feris,
874 2509 933 2539 nisi
948 2507 1037 2539 Deus
1056 2509 1089 2539 vi
1109 2519 1169 2540 sua

211 2551 382 2589 cohiberet,
407 2550 583 2588 laniandos,
607 2561 704 2590 quum
733 2550 798 2582 illis
833 2561 1065 2590 nonnunquam
1096 2562 1166 2592 per-

210 2594 313 2625 mittit
343 2593 491 2625 homines
520 2593 658 2631 laniare,
693 2592 771 2624 adeo
802 2598 838 2624 ut
861 2605 900 2625 ne
923 2594 949 2625 si
972 2594 1100 2633 quidem
1125 2594 1167 2624 la-

211 2641 319 2669 trones
346 2636 446 2668 libere
475 2641 674 2677 grassentur,
708 2640 831 2668 tantam
863 2637 948 2668 luem
982 2636 1168 2668 hominibus

856 192 901 223 IN
928 192 952 223 Ι.
978 192 1065 222 LIB.
1088 190 1284 223 SAMUEL.
1311 192 1406 223 CAP.
1432 194 1543 224 XVII.

2121 193 2182 223 218

1225 286 1344 317 inferro
1379 293 1506 326 queant.
1563 288 1651 318 Raro
1685 287 1813 327 quidem
1850 287 1881 318 id
1915 288 2088 328 contingit,
2131 288 2186 319 sed

1225 339 1319 367 quum
1344 331 1382 360 ob
1407 331 1495 360 rem?
1522 330 1645 370 Nempe
1668 341 1772 370 genus
1796 330 1975 361 humanum
2000 331 2089 362 Deus
2113 340 2185 362 con-

1224 382 1352 401 servare
1383 378 1414 403 et
1445 374 1544 403 tutari
1576 373 1614 403 ab
1646 373 1774 403 illarum
1807 374 2008 404 immanitate
2033 373 2119 404 vult:
2150 379 2182 404 ct

1224 413 1318 443 simul
1344 415 1439 445 etiam
1465 416 1652 454 patefacere,
1678 416 1739 446 nisi
1763 416 1890 447 areanis
1913 415 2101 455 quibusdam
2127 416 2182 448 ha-

1224 456 1313 486 benis
1337 464 1570 494 coercerentur,
1595 464 1625 488 et
1650 464 1798 497 tanquam
1829 459 1951 489 eatenis
1982 459 2182 491 vincirentur

1224 498 1352 529 rubidae
1376 500 1449 530 illae
1473 505 1505 530 et
1528 501 1683 531 immanes
1708 501 1841 537 belluae,
1877 501 1995 541 passim
2020 502 2052 532 in
2079 502 2180 532 homi-

1223 551 1280 570 nes
1314 543 1492 572 saevituras
1530 550 1561 573 et
1602 543 1679 582 ipsis
1713 544 1857 573 ultimam
1894 544 1976 574 luem
2012 545 2178 575 allaturas.

1223 582 1330 621 Quare
1361 585 1566 615 observemus
1590 585 1704 623 Deum,
1736 593 1770 616 ut
1803 586 1919 617 Davidi
1949 586 2177 618 admirandum

1222 626 1377 656 auxilium
1401 627 1555 658 adversus
1580 639 1688 658 ursum
1713 635 1742 658 et
1767 629 1888 659 leonem
1914 629 2010 666 dedit,
2043 630 2088 660 ita
2119 641 2177 660 nos

1220 669 1326 705 etiam,
1351 670 1405 700 sed
1432 671 1525 701 variis
1549 670 1587 700 ab
1611 671 1664 700 illo
1688 671 1796 706 modis,
1822 672 1860 702 ab
1883 672 2013 702 illarum
2034 672 2175 703 ferarum

1222 711 1348 741 laniena
1371 712 1475 743 salvos
1505 718 1606 743 tectos
1636 713 1822 744 defendere:
1854 725 1967 754 nempe
1998 714 2177 746 cohibendo

1222 764 1260 784 ne
1283 754 1314 784 in
1339 765 1395 785 nos
1419 755 1552 794 irruant,
1584 760 1615 786 et
1645 766 1683 786 110
1714 766 1791 795 opus
1821 758 1861 787 sit
1890 768 1946 787 nos
1970 757 2040 788 illas
2065 762 2174 788 mento

1219 797 1488 835 comprehendere
1512 798 1551 827 ad
1575 798 1639 828 vim
1664 798 1892 838 repellendam:
1918 800 2000 839 quod
2020 800 2172 831 nimirum

1221 846 1405 870 nostrarum
1431 841 1545 870 virium
1570 840 1818 871 imbecillitatem
1839 842 1916 872 satis
1937 842 2052 873 habeat
2072 843 2178 883 cogni-

1221 887 1298 918 tam,
1322 889 1353 912 et
1376 882 1455 912 nolit
1480 894 1548 913 eam
1574 883 1791 914 fortitudinem
1817 884 1905 915 nobis
1936 895 2033 924 quam
2058 885 2180 916 Davidi

1221 925 1295 955 olim
1321 925 1359 955 ad
1384 925 1454 956 illas
1477 925 1681 956 debellandas
1705 925 1794 956 dare:
1819 927 1872 957 sed
1897 928 1964 966 ipse
1988 932 2094 958 tamen
2120 938 2177 967 pro

1222 967 1312 998 nobis
1336 978 1481 1007 pugnare
1512 968 1597 1004 velit,
1622 973 1653 998 et
1683 968 1754 999 11001
1785 970 1868 999 ferae
1892 969 1964 1000 illae
1987 970 2074 1001 rabie
2098 981 2176 1010 qua·

1222 1010 1294 1041 dam
1319 1016 1476 1048 aestuent,
1508 1012 1539 1041 in
1571 1011 1672 1041 antris
1700 1016 1807 1042 tamen
1840 1017 1872 1042 et
1905 1013 2005 1043 foveis
2029 1013 2176 1049 retineat,

1221 1060 1253 1083 et
1276 1064 1428 1093 pavorem
1451 1054 1584 1089 iniit-iat,
1615 1058 1645 1083 et
1669 1054 1707 1084 ab
1731 1054 1897 1085 hominum
1922 1055 2049 1085 laniena
2072 1056 2178 1095 prohi-

1222 1095 1311 1126 beat:
1336 1106 1414 1135 quos
1438 1096 1556 1136 alioqui
1579 1101 1700 1127 certum
1725 1097 1842 1127 centies
1867 1097 1981 1128 millies
2000 1098 2176 1137 perituros:

1221 1138 1479 1178 quandoquidem
1504 1149 1639 1179 magnus
1663 1144 1711 1169 est
1741 1150 1894 1170 numerus
1918 1146 1949 1170 et
1972 1140 2100 1171 diversa
2121 1151 2176 1181 ge-

1221 1192 1298 1212 nera
1322 1182 1471 1219 ferarum,
1501 1192 1580 1221 quae
1612 1182 1691 1213 nihil
1721 1182 1782 1212 nisi
1813 1188 1958 1214 nostrum
1984 1184 2176 1223 sanguinem

1222 1225 1344 1261 sitiunt,
1369 1231 1404 1255 ut
1428 1224 1532 1255 Deum
1557 1234 1685 1255 necesse
1715 1225 1756 1255 sit
1779 1224 1810 1255 vi
1833 1236 1901 1261 sua,
1933 1231 1964 1256 et
1986 1236 2023 1257 ea
2046 1226 2176 1265 quidem

1223 1267 1422 1304 miraculosa,
1452 1268 1607 1307 impetum
1641 1268 1767 1298 illarum
1803 1268 1950 1300 retinere.
2007 1268 2115 1307 Quare
2149 1269 2176 1299 si

1221 1321 1282 1341 non
1306 1309 1416 1341 eadem
1441 1320 1504 1349 qua
1522 1309 1681 1341 Davidem
1705 1310 1826 1341 ratione
1839 1310 1927 1342 Deus
1951 1322 2008 1342 nos
2031 1322 2070 1342 ex
2094 1312 2178 1342 01115-

1221 1353 1306 1384 modi
1331 1353 1479 1393 periculis
1510 1353 1613 1392 eripit,
1643 1363 1681 1383 ne
1712 1363 1884 1392 queramur
1915 1353 2006 1392 quasi
2029 1353 2175 1385 derelicti

1221 1396 1321 1426 simus
1354 1396 1422 1426 51110
1456 1396 1593 1425 auxilio:
1627 1395 1681 1426 sed
1715 1396 1856 1426 contenti
1890 1396 1989 1427 simus
2023 1396 2061 1427 iis
2095 1407 2175 1436 quae

1221 1438 1408 1478 quotidiana
1431 1438 1628 1478 experientia
1651 1438 1904 1477 comprobantur,
1929 1439 1991 1470 nisi
2012 1439 2097 1470 ultro
2120 1449 2175 1470 ve-

1221 1482 1315 1512 limus
1345 1481 1452 1512 oculos
1482 1481 1573 1512 nobis
1601 1480 1746 1517 effodere,
1778 1491 1817 1511 ne
1847 1481 2077 1521 perspiciamus
2108 1482 2175 1513 sola

1220 1524 1283 1555 Dei
1306 1523 1507 1564 providentia
1530 1534 1587 1554 nos
1610 1523 1764 1554 adversus
1782 1533 1892 1554 omnes
1911 1523 2022 1555 brutas
2040 1528 2073 1555 et
2091 1524 2174 1555 feras

1220 1567 1340 1598 belluas
1372 1567 1505 1607 protegi.
1548 1568 1654 1606 Atque
1688 1566 1770 1597 hanc
1799 1566 1838 1597 ob
1866 1576 1994 1597 causam
2017 1566 2175 1606 propheta

1220 1610 1304 1641 Psal.
1328 1610 1366 1640 91
1392 1609 1454 1640 Dei
1478 1609 1611 1649 gratiam
1642 1608 1803 1649 praedicat
1833 1619 1908 1649 erga
1939 1619 1991 1640 005
2020 1609 2074 1649 qui
2098 1614 2175 1640 sunt

1219 1654 1251 1684 in
1277 1653 1414 1683 lehovae
1443 1652 1551 1687 tutela,
1578 1653 1644 1683 fore
1674 1652 1823 1682 nimirum
1855 1657 1889 1682 ut
1917 1662 2014 1692 super
2036 1651 2174 1683 ferocem

1219 1696 1341 1726 leonem
1365 1700 1397 1726 et
1419 1695 1559 1735 aspidem
1584 1694 1741 1733 incedant,
1765 1699 1796 1724 et
1814 1694 2001 1725 conculcent
2018 1694 2171 1725 iuvenem

1220 1739 1344 1770 leonem
1368 1742 1400 1769 et
1427 1738 1606 1769 draconem.
1652 1736 1745 1775 Quod
1770 1736 1917 1767 omnibus
1948 1736 2095 1768 fidelibus
2119 1737 2176 1768 tri-

1221 1782 1337 1817 buitur,
1361 1781 1422 1812 etsi
1445 1781 1557 1820 capitis
1580 1780 1681 1810 nostri
1704 1779 1835 1809 Domini
1858 1779 1931 1810 Iesu
1956 1779 2078 1811 Christi
2103 1790 2176 1819 pro-

1219 1825 1325 1864 prium
1349 1828 1406 1859 est,
1430 1824 1484 1854 sed
1508 1834 1580 1854 cum
1604 1822 1753 1853 omnibus
1783 1822 1882 1861 ipsius
1913 1822 2066 1853 membris
2089 1833 2174 1853 com-

1220 1878 1328 1898 mune.
1374 1866 1483 1905 Quare
1505 1866 1610 1897 Deum
1634 1866 1829 1901 invocantes,
1853 1868 1890 1895 ut
1912 1865 2000 1895 iubet
2024 1865 2175 1896 Psalmus

1220 1910 1283 1947 ille,
1306 1915 1428 1941 certum
1448 1914 1505 1943 est.
1528 1909 1567 1940 ab
1585 1908 1654 1939 istis
1673 1908 1748 1938 feris
1768 1907 1989 1947 protegendos,
2008 1907 2083 1939 lieet
2102 1906 2175 1938 dra·

1219 1963 1314 1984 eones
1344 1957 1375 1983 et
1405 1952 1531 1992 aspides
1562 1954 1652 1982 virus
1680 1961 1771 1981 suum
1801 1950 1964 1987 afflarent,
2000 1954 2033 1980 et
2066 1950 2175 1981 leones

1221 1996 1341 2036 apertis
1370 1995 1515 2026 faucibus
1546 2005 1602 2025 nos
1632 1992 1783 2023 laniaturi
1813 1992 1985 2028 inhiarent,
2019 1997 2051 2023 et
2077 2003 2175 2032 supra

1219 2039 1303 2069 feras
1326 2039 1403 2069 istas
1426 2038 1614 2074 incessuros,
1637 2035 1729 2066 modo
1748 2035 1779 2065 in
1799 2035 1867 2074 ipso
1880 2035 2027 2065 fiduciam
2047 2045 2173 2066 omnem

1220 2087 1364 2113 nostram
1394 2081 1593 2112 collocemus.
1648 2078 1767 2109 Contra
1797 2088 1871 2109 vero
1901 2079 1927 2108 si
1958 2077 2065 2108 Deum
2099 2088 2175 2109 con-

1220 2125 1453 2164 tempserimus,
1481 2129 1512 2153 et
1535 2122 1597 2153 alio
1620 2132 1707 2161 spem
1732 2125 1872 2151 nostram
1902 2120 2175 2159 transtulerimus,

1220 2177 1284 2198 non
1309 2165 1519 2197 dubitandum
1545 2165 1619 2204 quin
1643 2164 1811 2194 adversum
1835 2173 1891 2193 nos
1915 2162 2071 2202 quaslibet
2090 2163 2174 2194 feras

1220 2210 1346 2245 excitet,
1378 2214 1472 2249 prout
1505 2208 1600 2239 etiam
1626 2217 1681 2246 per
1704 2205 1889 2246 prophetam
1914 2216 2008 2236 suum
2032 2206 2174 2237 minatus

1220 2259 1285 2284 est:
1320 2252 1384 2282 fore
1414 2257 1449 2282 ut
1481 2250 1618 2291 fugienti
1648 2259 1665 2279 a
1693 2255 1862 2288 conspeetu
1894 2248 1995 2279 leonis
2028 2253 2174 2279 occurrat

1221 2306 1325 2334 ursus,
1349 2299 1404 2325 aut
1427 2295 1604 2334 ingressum
1629 2292 1767 2327 domum,
1791 2298 1821 2321 et
1844 2291 2034 2321 innitentem
2055 2290 2094 2321 ad
2117 2301 2174 2330 pa-

1221 2339 1331 2369 rietem
1356 2337 1500 2367 mordeat
1523 2346 1663 2375 serpens.
1699 2334 1741 2364 Et
1764 2333 1889 2372 quidem
1913 2334 1951 2364 iis
1975 2333 2081 2364 verbis
2104 2344 2175 2373 pro-

1220 2381 1316 2421 pheta
1339 2380 1481 2410 minatur
1504 2379 1569 2409 fore
1593 2383 1628 2407 ut
1647 2376 1737 2408 Deus
1759 2376 1914 2406 adversus
1937 2377 1986 2407 sui
2009 2381 2173 2416 contemp-

1220 2430 1302 2454 tores
1326 2422 1464 2462 undique
1487 2422 1631 2452 inimicos
1654 2420 1780 2455 excitet,
1805 2422 1839 2449 ut
1862 2418 1949 2449 mille
1971 2420 2085 2450 mortis
2108 2419 2173 2450 dis-

1220 2465 1407 2498 criminibus
1437 2465 1683 2502 circumquaque
1713 2461 1892 2501 cingantur.
1944 2461 2031 2492 Hine
2064 2461 2173 2501 itaque

1221 2510 1323 2539 minas
1358 2507 1503 2538 videmus
1537 2505 1690 2535 adversus
1725 2503 1852 2534 divinae
1886 2504 2064 2535 maiestatis
2097 2514 2173 2535 con-

1220 2556 1408 2590 temptores:
1432 2550 1505 2580 inde
1529 2558 1603 2579 vero
1626 2552 1735 2578 contra
1759 2546 1984 2586 promissiones
2007 2547 2047 2577 iis
2071 2547 2174 2579 omni-

1220 2594 1278 2624 bus
1301 2593 1444 2633 proprias
1467 2591 1520 2631 qui
1545 2591 1576 2621 in
1597 2591 1695 2629 ipsius
1718 2590 1838 2620 virtute
1861 2593 1892 2619 et
1914 2588 2117 2629 providentia
2136 2600 2172 2621 ac

1220 2635 1362 2677 potentia
1391 2633 1639 2674 conquieverint,
1668 2636 1698 2664 et
1728 2632 1782 2672 qui
1812 2631 1851 2663 ad
1882 2632 1982 2672 ipsius
2015 2632 2171 2663 auxilium
