2551 3044
140 201 201 232 417

142 295 181 328 de
214 305 307 327 servo
341 293 383 325 sit
420 291 641 332 dispositurus.
698 288 789 319 Licet
824 288 925 328 igitur
957 287 1106 318 sensibus

142 338 286 371 externis
300 336 455 367 rationem
471 344 533 365 non
554 331 710 372 percipiat
733 330 949 362 liberationis:
974 330 1106 360 firmum

143 388 249 413 tamen
275 380 334 411 1100
358 378 473 409 retinet
495 375 740 407 fundamentum
756 374 860 404 Deum
884 382 941 404 suo
964 378 1107 412 tempore
1132 393 1134 399 2

144 433 277 456 manum
301 431 391 453 suam
422 423 642 454 exserturum,
674 417 766 447 001115
798 415 1001 455 providentia
1029 415 1108 445 haec
1132 441 1133 451 ,

144 466 251 499 omnia
275 463 557 495 administrantur:
589 470 624 490 ac
648 459 721 490 licet
746 459 866 489 multae
891 457 1107 488 revolutiones
1133 462 1134 468 ¹

145 515 176 541 et
199 511 403 547 tempestates
428 504 488 535 Dei
511 503 674 534 decretum
698 501 853 532 remorari
875 500 1055 535 videantur,
1076 505 1107 530 et

146 556 234 583 tanta
256 558 363 579 rerum
386 546 530 577 omnium
554 555 623 576 0550
636 544 779 575 confusio
804 549 839 574 ut
852 543 978 574 coelum
1003 550 1107 573 terrae

145 591 271 625 misceri
286 590 457 626 videretur,
481 595 587 618 tamen
600 586 708 618 David
729 587 786 618 hoc
807 586 964 626 principio
983 595 1108 625 semper

145 635 258 668 nititur
287 633 390 664 Deum
418 631 574 671 facturum
601 635 634 660 et
669 640 732 660 non
763 634 889 660 tantum
918 629 952 659 in
990 637 1108 668 genere

144 677 220 710 dicit
246 676 404 716 facturum
434 672 490 705 sed
518 672 709 703 nominatim
740 672 847 711 inquit
875 671 910 702 de
932 681 988 707 me,
1016 670 1108 710 quasi

144 721 300 752 fateretur
323 728 356 749 se
379 716 509 757 quidem
533 715 687 746 miserum
712 720 744 745 et
766 715 926 746 abiectum
945 714 978 744 in
1002 713 1108 753 specie

144 762 256 798 videri,
291 760 346 792 sed
381 770 445 790 non
479 758 626 789 dubitare
666 763 776 788 tamen
817 757 892 797 quin
930 757 1017 787 Deus
1057 755 1108 787 sui

143 806 350 837 misereatur:
381 807 413 833 et
442 800 700 842 quandoquidem
737 811 801 831 non
836 805 964 830 tantum
995 799 1038 830 sit
1068 799 1107 830 ab

143 849 214 889 ipso
237 851 365 879 creatus
387 844 443 876 sed
464 844 559 875 etiam
585 855 643 874 rex
672 843 782 883 populi
813 841 1010 882 designatus,
1043 851 1107 872 non

143 891 210 922 fore
244 889 306 920 Dei
338 887 474 919 verbum
508 886 605 917 inane
639 896 742 925 neque
783 885 933 916 mendax.
985 885 1039 915 En
1073 889 1109 914 ut

144 931 252 964 David
273 941 337 962 non
361 935 487 961 tantum
511 929 626 960 nititur
654 928 798 969 generali
829 928 885 958 illa
910 927 970 958 Dei
1001 927 1107 967 provi-

145 975 261 1012 dentia,
285 973 341 1006 sed
363 971 525 1013 singulari
546 971 648 1012 ipsius
672 970 897 1011 promissione,
928 980 1026 1010 quam
1048 969 1109 1001 sibi

145 1019 191 1050 sic
213 1016 354 1058 applicat
377 1019 411 1046 ut
433 1025 499 1045 1100
522 1014 649 1046 dubitet
672 1014 752 1053 quin
775 1014 825 1045 sui
843 1013 933 1045 Deus
957 1013 1110 1043 miserea-

143 1066 196 1093 tur
216 1066 248 1092 et
269 1058 352 1099 quod
365 1057 555 1098 promiserat
578 1068 636 1088 suo
650 1062 793 1096 tempore
812 1056 944 1087 tandem
967 1055 1110 1095 impleat.

227 1101 382 1142 Sequitur
411 1100 562 1140 deinceps
590 1099 775 1140 prophetam
807 1099 891 1130 Gath
919 1099 1039 1130 venisse
1069 1098 1111 1129 ad

145 1145 308 1185 Davidem,
332 1146 359 1175 et
380 1143 579 1175 admonuisse
601 1153 638 1174 ne
659 1144 796 1174 maneret
814 1142 848 1173 in
861 1141 1034 1181 praesidio,
1057 1140 1111 1171 sed

143 1188 385 1229 proficisceretur
428 1186 462 1217 iu
502 1188 617 1217 terram
658 1185 751 1217 Iuda.
796 1185 849 1216 En
883 1184 1110 1225 gravissimam

145 1231 241 1263 aliam
271 1228 406 1261 Davidis
437 1229 661 1260 tentationem:
694 1238 768 1259 nam
799 1227 860 1259 etsi
882 1227 975 1258 Deus
998 1227 1109 1267 singu-

144 1274 243 1305 larem
271 1272 309 1304 de
338 1273 407 1312 ipso
437 1282 550 1303 curam
573 1271 691 1303 habere
715 1282 748 1301 se
771 1274 918 1308 testatur,
947 1269 1045 1301 misso
1069 1269 1109 1300 ad

142 1317 247 1356 ipsum
280 1315 446 1355 propheta,
480 1315 535 1354 qui
566 1314 645 1346 11300
675 1313 830 1345 mandata
860 1312 900 1344 ad
923 1313 1030 1352 ipsum
1054 1311 1109 1343 de—

142 1359 256 1391 ferret:
285 1368 346 1398 quo
377 1357 495 1389 nuncio
525 1356 634 1388 David
665 1357 780 1388 certior
803 1357 906 1387 faetus
930 1359 978 1386 est
1000 1355 1108 1386 Deum

143 1412 208 1433 non
231 1411 300 1432 esse
322 1400 372 1432 501
390 1400 526 1431 oblitum
544 1398 664 1441 (neque
683 1400 770 1431 enim
788 1398 896 1430 David
916 1398 1107 1438 prophetam

143 1443 233 1477 Gath
247 1444 316 1475 sine
338 1443 431 1474 iussu
446 1442 576 1474 Domini
599 1453 633 1474 se
656 1442 696 1473 ad
721 1443 780 1473 hoc
802 1442 977 1483 ingessisse
998 1441 1106 1472 existi-

145 1487 264 1526 mavit,
294 1486 349 1518 sed
383 1496 456 1517 eum
492 1491 526 1517 ut
560 1496 673 1517 verum
703 1485 766 1517 Dei
796 1495 927 1516 servum
962 1484 1106 1524 agnovit,

142 1530 274 1570 eiusque
298 1529 403 1561 verbis
426 1528 523 1560 fidem
541 1528 707 1559 adhibuit:
732 1533 765 1559 et
784 1534 820 1559 ut
839 1526 1021 1559 videbimus
1041 1531 1106 1558 sta-

143 1573 201 1603 tim
230 1571 487 1612 obtemperavit),
526 1571 739 1602 nihilominus
762 1577 871 1602 tamen
893 1569 1022 1601 difficile
1046 1569 1107 1600 fuit

142 1614 262 1647 Davidi
292 1625 331 1645 ex
361 1614 417 1645 illa
439 1614 593 1654 59010003
615 1613 655 1645 3(1
680 1613 812 1645 Domini
835 1613 1027 1644 mandatum
1050 1622 1106 1643 ex-

141 1657 253 1690 cedere
283 1662 314 1688 et
341 1657 497 1688 Iudaeam
522 1657 642 1689 venire.
688 1656 771 1688 Nam
795 1667 894 1696 quum
918 1655 1027 1687 David
1052 1665 1105 1695 pe-

141 1705 237 1741 petuo
267 1700 446 1741 agitaretur
476 1700 574 1732 variis
598 1699 777 1737 timoribus,
806 1704 838 1730 et
861 1700 895 1730 in
919 1697 1106 1738 speluncam

142 1749 293 1783 tanquam
315 1742 419 1774 solum
443 1743 628 1783 perfugium
651 1742 848 1783 confugisset
871 1741 961 1773 velut
984 1741 1023 1772 ab
1048 1741 1106 1771 ho-

141 1785 265 1817 minum
287 1786 446 1817 consortio
470 1786 632 1823 exsulans,
663 1786 690 1816 51
717 1785 809 1816 130115
839 1795 970 1816 servare
998 1784 1106 1824 ipsum

143 1828 278 1864 volebat,
301 1838 358 1859 cur
380 1828 534 1868 spelunea
556 1828 612 1859 illa
634 1828 743 1868 egredi
766 1827 907 1868 iubebat,
930 1838 995 1859 non
1014 1837 1105 1858 mon-

139 1875 241 1902 strata
292 1876 400 1902 tamen
455 1871 614 1903 evadendi
661 1882 701 1902 ex
748 1870 898 1911 periculis
956 1869 1103 1901 ratione?

140 1913 260 1954 Egredi
282 1913 375 1944 illum
397 1913 484 1945 iubet
507 1925 548 1946 ex
571 1914 734 1954 spelunca,
758 1913 814 1945 sed
837 1924 880 1945 an
903 1913 1008 1953 aliquo
1021 1917 1105 1943 tutat

140 1955 306 1988 exercitu?
347 1967 388 1987 an
422 1956 581 1997 aliquibus
616 1956 786 1997 praesidiis
818 1956 911 1987 illum
945 1955 1102 1987 instruit?

140 1999 272 2030 minime
295 2000 458 2039 gentium:
488 1999 544 2031 sed
567 2000 815 2041 quadringentis
839 1999 901 2030 illis
926 1999 964 2030 de
987 1998 1104 2039 quibus

141 2041 265 2083 egimus
293 2041 448 2082 stipatum
471 2043 559 2074 iubet
581 2043 614 2074 in
638 2042 792 2074 Iudaeam
816 2042 983 2083 proficisci.
1029 2040 1103 2080 Quo

141 2094 240 2124 quum
269 2086 427 2123 venirent,
461 2086 551 2117 velut
582 2086 616 2116 in
646 2085 779 2117 leonum
809 2086 916 2117 fauces
947 2084 1104 2125 pauculae

142 2136 217 2158 oves
245 2127 436 2160 inciderunt.
483 2128 568 2160 Nam
589 2128 666 2168 quid
688 2128 743 2159 ille
766 2139 840 2160 cum
864 2128 981 2169 exigua
1004 2138 1104 2158 manu

143 2172 175 2216 et
206 2169 328 2200 imbelli
355 2174 482 2210 poterat
511 2171 665 2203 adversus
695 2171 805 2203 Saulis
829 2172 1014 2211 potentiam,
1050 2170 1104 2210 qui

144 2221 177 2241 111
199 2212 328 2251 regione
350 2213 584 2252 dominabatur,
608 2220 641 2245 et
663 2220 729 2245 tam
752 2215 785 2245 in
808 2214 929 2245 Iudaea
952 2224 1047 2253 quam
1070 2213 1105 2243 in

145 2254 256 2300 quavis
286 2254 348 2286 alia
376 2262 468 2296 parte
490 2257 631 2297 regionis
655 2257 837 2298 opprimere
860 2257 926 2288 solo
950 2255 1104 2287 mandato

145 2306 250 2335 lpsum
274 2299 419 2336 poterat?
465 2300 573 2331 David
597 2300 727 2340 quidem
747 2310 824 2330 sane
844 2299 1015 2330 videbatur
1035 2309 1104 2339 gra-

146 2338 223 2369 tiam
257 2339 396 2378 aliquam
428 2341 462 2372 in
495 2342 616 2374 Iudaea
649 2343 683 2374 in
715 2353 776 2382 qua
807 2348 903 2374 natus
927 2346 995 2373 erat
1018 2341 1104 2381 apud

145 2381 263 2428 multos
286 2382 367 2429 inire
388 2394 496 2423 posse:
530 2396 644 2417 verum
667 2390 917 2426 conquerentem
936 2385 1028 2416 illum
1047 2395 1102 2415 au-

146 2422 251 2455 dimus
273 2424 333 2455 3110
356 2425 432 2464 1000,
459 2438 492 2458 50
515 2428 554 2459 ab
576 2428 726 2460 omnibus
751 2428 949 2463 derelictum,
980 2434 1011 2459 et
1034 2428 1103 2467 qni-

147 2465 218 2496 dem
232 2476 250 2497 a
271 2468 426 2506 proximis
447 2480 466 2500 a
486 2470 600 2510 quibus
620 2471 779 2502 auxilium
799 2471 1014 2511 exspectabat.
1035 2471 1104 2502 sive
1129 2483 1130 2488 ¹

1129 2517 1130 2524 ¹
1154 2511 1309 2542 invadere
1350 2509 1432 2539 velle
1468 2506 1621 2538 videbor?
1668 2506 1740 2536 Non
1774 2504 1861 2535 istud
1894 2515 1952 2545 ego
1968 2515 2115 2552 quaero,

1129 2551 1130 2559 ¹
1155 2560 1282 2594 tempus
1312 2552 1471 2592 patienter
1500 2558 1650 2597 exspecto
1679 2558 1740 2587 qno
1772 2558 1822 2578 me
1852 2547 1943 2578 Deus
1965 2558 1999 2578 in
2022 2550 2116 2589 regni

146 2508 335 2541 erudelitate
368 2517 399 2541 et
425 2512 660 2545 inhumanitate
690 2515 728 2545 ab
760 2515 828 2545 eius
857 2514 978 2545 auxilio
1002 2515 1104 2545 deter-

146 2551 200 2581 riti
231 2551 304 2583 sint.
349 2552 438 2584 Deus
470 2555 576 2595 itaque
606 2556 777 2588 videbatur
800 2557 962 2588 Davidem
985 2567 1026 2588 ex
1048 2556 1105 2587 illa

146 2593 300 2632 spelunca
322 2595 470 2633 educens,
492 2599 525 2628 in
548 2609 611 2638 qua
634 2599 732 2631 veluti
755 2600 901 2640 sepultus
920 2599 1048 2637 latebat,
1074 2605 1105 2630 et
1129 2607 1131 2629 l
1690 2634 1694 2638 ι

1129 2642 1131 2663 2
1157 2640 1240 2675 dere,
1274 2638 1312 2669 ad
1343 2637 1452 2667 ovium
1481 2645 1599 2676 9350113
1629 2634 1743 2664 redire.

146 2636 179 2666 in
203 2642 350 2676 apertum
373 2638 497 2677 prodire
519 2640 633 2673 iubens
657 2647 690 2673 ut
713 2643 799 2674 vitae
822 2643 976 2681 consulat,
1005 2643 1104 2674 furori

251 2687 359 2715 Calvina·
371 2696 460 2721 opera.
485 2691 546 2718 Vol.
558 2692 653 2721 XXX.

779 194 825 225 IN
850 194 875 225 Ι.
902 193 988 224 LIB.
1012 192 1211 225 SAMUEL.
1236 194 1332 226 CAP.
1357 195 1470 226 XXII.

2062 193 2125 224 418

1159 292 1192 318 et
1225 288 1409 319 crudelitati
1440 288 1549 319 Saulis
1579 287 1776 328 exposuisse.
1822 286 1915 325 Quae
1945 296 2022 317 sane
2052 296 2125 326 gra-

1160 330 1292 362 vissima
1310 332 1369 371 ipsi
1390 331 1449 361 fuit
1470 330 1615 361 tentatio.
1652 330 1886 361 Verumtamen
1908 340 1972 360 non
1992 328 2126 360 dubium

1159 378 1207 404 est
1240 374 1316 413 quin
1342 373 1449 404 David
1473 383 1624 413 magnam
1648 372 1898 404 consolationem
1923 382 1964 402 ex
1988 370 2126 410 [11011110-

1160 421 1210 446 130
1240 416 1346 447 verbis
1370 416 1536 455 acceperit,
1568 421 1600 446 et
1622 425 1817 455 magnopere
1840 415 1881 446 sit
1904 416 2125 452 confir-mnus,

1160 458 1233 489 licet
1257 459 1350 490 novis
1374 459 1526 498 periculis
1548 464 1776 498 exponeretur.

1244 502 1297 532 Ex
1331 501 1389 532 hoc
1422 502 1519 541 igitur
1551 501 1620 531 1000
1653 500 1833 531 doctrinam
1864 499 2070 531 utilissimam
2093 503 2126 531 et

1160 543 1252 575 valde
1274 544 1488 575 necessariam
1512 543 1711 584 colligamus,
1735 548 1768 574 et
1790 543 1822 573 in
1842 543 1955 582 primis
1973 553 2124 574 ooserve-

1159 597 1233 616 mus
1264 586 1367 617 Deum
1399 597 1456 616 nos
1487 586 1585 617 verbo
1608 596 1666 617 suo
1691 585 1850 617 solantem
1874 595 1939 616 non
1962 595 2028 616 uno
2057 596 2125 617 mo-

1160 635 1270 660 mento
1304 640 1362 659 nos
1394 628 1544 660 omnibus
1577 628 1741 659 doloribus
1774 633 1807 659 et
1840 628 1974 659 tristitia
2003 628 2126 667 levare,

1161 682 1264 711 neque
1287 682 1344 702 nos
1366 671 1448 703 velle
1472 676 1536 701 tam
1561 671 1713 702 delicatos
1733 681 1803 702 0550
1822 676 1858 701 01
1876 670 1967 701 nulla
1986 671 2127 711 amplius

1160 714 1371 751 solicitudine,
1401 714 1490 744 nulla
1514 714 1654 751 tristitia,
1679 713 1768 744 nullo
1793 718 1881 744 metu
1904 723 2123 751 exerceamur,

1160 756 1216 788 sed
1247 756 1319 788 ideo
1349 756 1447 787 solari
1478 757 1575 787 verbo
1599 767 1666 794 500,
1700 761 1734 786 ut
1757 761 1881 787 certum
1904 756 2126 787 testimonium

1160 799 1337 830 habeamus
1367 800 1474 839 ipsum
1504 809 1573 830 esse
1603 799 1693 830 nobis
1724 804 1859 838 patrem,
1889 803 1921 829 et
1943 798 2127 830 laborantes

1160 842 1261 874 oculis
1284 842 1350 873 suis
1373 842 1542 881 respicere.
1588 841 1679 880 Quae
1703 841 1850 872 doctrina
1873 841 1899 872 si
1919 841 2038 872 nostris
2057 841 2126 872 ani-

1160 885 1221 916 mis
1251 884 1442 922 adhaeserit,
1473 884 1634 915 sufficeret
1666 884 1705 915 ad
1736 894 1848 914 omnes
1878 893 1970 914 casus
2001 884 2128 915 fortiter

1160 927 1319 959 ferendos.
1366 926 1425 959 Sin
1451 937 1525 958 vero
1549 937 1615 957 000
1638 927 1778 958 sufficiat
1798 926 2054 958 inexcusabilem
2077 927 2127 957 in-

1161 970 1393 1010 gratitudinem
1439 976 1583 1000 nostram
1627 969 1843 1000 ostendemus.
1907 968 2127 1007 Quamobrem

1161 1013 1323 1044 discamus
1360 1012 1423 1043 tale
1453 1011 1604 1043 solatium
1632 1012 1750 1043 nostris
1781 1011 1944 1043 doloribus
1973 1022 2127 1051 quaerere

1161 1061 1192 1087 et
1211 1056 1246 1086 in
1264 1065 1390 1086 summa
1410 1055 1542 1086 tristitia
1560 1054 1684 1093 laetari,
1708 1060 1743 1085 ut
1764 1065 1829 1085 000
1849 1059 2040 1094 appetamus
2061 1060 2126 1086 ter-

1161 1109 1274 1129 renam
1306 1098 1446 1138 aliquam
1477 1097 1718 1134 beafitudinem,
1750 1097 1783 1127 in
1813 1106 1876 1136 qua
1905 1097 1996 1128 nobis
2019 1097 2128 1128 omnia

1162 1141 1297 1179 rideant,
1331 1140 1387 1171 sed
1421 1140 1563 1171 contenti
1593 1139 1694 1171 simus
1722 1140 1784 1171 Dei
1812 1138 1920 1177 verbo,
1960 1139 2044 1179 quod
2068 1150 2127 1172 nos

1161 1184 1250 1215 iubet
1269 1193 1408 1224 sperare,
1429 1183 1534 1214 Deum
1550 1183 1736 1214 invocantes
1749 1192 1913 1222 nunquam
1926 1182 2128 1222 deserendos,

1162 1227 1225 1258 Dei
1248 1226 1376 1258 oculum
1400 1236 1497 1265 super
1519 1225 1620 1256 iustos
1644 1235 1722 1256 esse.
1768 1224 1878 1263 Quare
1901 1235 2127 1265 quamcunque

1164 1269 1380 1301 conditionem
1413 1269 1502 1299 Deus
1532 1268 1665 1304 dederit,
1696 1278 1733 1298 ea
1755 1267 1898 1298 contenti
1921 1267 2032 1299 simus.
2078 1269 2127 1300 Ao

1161 1323 1239 1344 sane
1272 1312 1355 1352 quod
1389 1311 1423 1342 in
1458 1311 1557 1342 530115
1591 1310 1749 1350 audimus,
1784 1320 1842 1341 nos
1871 1310 1904 1340 in
1935 1309 1999 1341 Dei
2022 1311 2127 1351 gratia

1161 1355 1280 1387 habere
1309 1353 1463 1395 quidquid
1493 1353 1600 1393 expeti
1629 1357 1742 1393 potest,
1774 1352 1953 1384 doctrinam
1983 1353 2127 1385 continet

1162 1409 1258 1438 quam
1282 1408 1339 1438 per
1362 1407 1491 1428 omnem
1515 1396 1616 1427 vitam
1640 1395 1789 1426 meditari
1812 1404 1871 1426 nos
1892 1401 2020 1436 oportet
2041 1400 2074 1427 et
2092 1396 2126 1428 in

1161 1452 1257 1473 usum
1291 1450 1452 1472 revocare.
1496 1439 1582 1470 Nam
1605 1449 1641 1469 03
1663 1443 1712 1469 051
1735 1438 1905 1469 hominum
1929 1439 2126 1478 perversitas

1161 1488 1193 1515 et
1216 1483 1339 1514 malitia
1362 1487 1397 1513 ut
1420 1482 1521 1514 vitam
1546 1480 1753 1521 tranquillam
1773 1485 1805 1511 et
1822 1481 1974 1520 quietam,
1996 1481 2124 1521 laboris,

1160 1536 1399 1564 aerumnarum,
1430 1525 1625 1563 morborum,
1655 1528 1772 1561 aestus,
1803 1523 1933 1563 frigoris
1956 1529 2124 1563 expertem

1160 1574 1191 1600 et
1214 1569 1402 1607 immunem,
1426 1572 1589 1608 expetant,
1613 1571 1644 1597 et
1666 1566 1729 1606 ipsi
1748 1566 1817 1597 Deo
1836 1566 1939 1606 legem
1958 1566 2124 1606 imponere

1159 1613 1300 1652 cupiant.
1343 1611 1443 1651 Atqui
1463 1621 1520 1641 nos
1540 1610 1630 1641 Deus
1651 1608 1721 1641 vult
1740 1614 1823 1639 totos
1842 1619 1860 1639 a
1878 1619 1938 1639 sua
1957 1609 2124 1641 voluntate

1159 1655 1314 1695 pendere:
1348 1658 1380 1685 et
1413 1654 1458 1685 sic
1492 1653 1575 1684 affici
1610 1657 1644 1683 ut
1677 1652 1711 1682 10
1745 1650 1859 1682 mediis
1894 1651 2124 1684 afflictionibus

1158 1698 1300 1739 gaudere
1336 1707 1402 1728 non
1436 1695 1630 1727 desinamus.
1675 1693 1750 1725 Alia
1780 1697 1947 1734 praeterea
1977 1694 2124 1727 doctrina

1158 1752 1198 1772 ex
1232 1741 1292 1772 hoc
1325 1740 1393 1771 loco
1428 1737 1580 1775 eruenda,
1614 1737 1721 1768 Deum
1754 1735 1980 1776 providentem
2003 1738 2123 1770 nostris

1157 1782 1412 1821 necessitatibus,
1442 1781 1516 1813 licet
1548 1780 1708 1811 rationem
1731 1784 1885 1819 sequatur
1908 1779 2027 1810 nostris
2050 1791 2123 1812 sen-

1157 1827 1245 1858 sibus
1268 1826 1402 1857 minime
1425 1824 1688 1859 convenientem,
1712 1822 1793 1853 velle
1812 1827 1922 1852 tamen
1941 1826 1973 1852 et
1991 1832 2123 1862 poscere

1157 1881 1176 1900 a
1198 1869 1290 1901 nobis
1312 1873 1349 1900 ut
1372 1868 1441 1900 eius
1465 1867 1560 1898 unius
1584 1865 1746 1897 voluntati
1764 1865 2014 1904 acquiescamus,
2045 1866 2122 1906 quid

1157 1912 1250 1944 nobis
1269 1911 1430 1952 expediat,
1450 1910 1556 1941 novit:
1576 1919 1611 1939 ac
1630 1907 1762 1948 proinde
1781 1906 1987 1939 cohibeamus
2001 1908 2120 1948 oculos,

1156 1966 1196 1986 ne
1226 1956 1260 1986 in
1284 1965 1321 1986 03
1344 1964 1424 1994 quae
1447 1963 1512 1984 non
1535 1956 1661 1992 oportet
1681 1950 1885 1987 intueamur,
1916 1950 1972 1981 sed
1996 1951 2121 1990 placide

1156 2008 1215 2030 nos
1237 1998 1308 2029 Deo
1331 1995 1489 2037 regendos
1512 1995 1745 2035 permittamus.
1791 1992 2015 2024 Confirmatur
2041 1994 2120 2026 11300

1157 2040 1304 2072 doctrina
1326 2038 1465 2071 Davidis
1489 2037 1645 2076 exemplo,
1676 2036 1768 2067 cuius
1792 2035 1974 2066 obedientia
1997 2044 2045 2068 est
2068 2038 2119 2068 in-

1156 2084 1266 2124 signis.
1313 2083 1397 2114 Nam
1420 2081 1536 2121 alioqui
1560 2079 1755 2119 blasphemis
1779 2078 1908 2110 vocibus
1931 2078 2039 2110 Deum
2074 2080 2119 2111 of-

1156 2126 1319 2165 fendisset,
1342 2126 1369 2156 si
1393 2125 1547 2155 adversus
1571 2122 1762 2162 prophetam
1785 2120 1914 2161 obloqui
1935 2125 1968 2152 et
1986 2129 2118 2154 conteu-

1157 2169 1232 2200 dere
1255 2169 1421 2208 voluisset,
1448 2167 1530 2207 quod
1553 2166 1599 2196 illi
1624 2173 1730 2195 tamen
1754 2174 1867 2194 sensus
1891 2164 1972 2194 ratio
1996 2164 2117 2197 dictare

1156 2216 1291 2252 poterat.
1324 2211 1408 2242 Nam
1425 2210 1620 2249 excepisset:
1646 2206 1817 2246 Quomodo
1840 2216 1892 2237 me
1915 2206 2005 2238 Deus
2029 2209 2118 2240 iubet

1129 2254 1130 2257 ’
1156 2255 1344 2295 speluncam
1368 2254 1462 2284 istam
1487 2251 1605 2292 egredi„
1630 2251 1663 2280 in
1686 2260 1747 2289 quo
1771 2249 1845 2279 licet
1867 2249 2009 2280 occultus
2028 2258 2059 2281 et
2078 2251 2116 2282 ab

1156 2298 1324 2329 hominum
1365 2295 1526 2327 consortio
1567 2293 1665 2325 veluti
1707 2292 1855 2322 revulsus
1888 2302 1953 2322 non
1987 2303 2116 2331 possum

1156 2346 1262 2371 tamen
1287 2339 1395 2370 Saulis
1418 2348 1494 2378 erga
1517 2347 1568 2367 me
1592 2336 1731 2366 furorem
1756 2340 1787 2365 et
1808 2334 2029 2365 crudelitatem
2050 2336 2116 2376 pla-

1155 2383 1249 2414 care?
1296 2381 1381 2420 Quid
1415 2391 1491 2421 ergo
1524 2390 1575 2410 me
1610 2378 1724 2408 misero
1754 2378 1897 2407 futurum
1929 2377 1953 2408 51
1984 2377 2058 2409 hinc
2081 2379 2116 2410 in

1155 2426 1305 2456 Iudaeam
1336 2424 1519 2463 proficiscar
1551 2422 1610 2452 nisi
1640 2419 1724 2460 quod
1755 2420 1857 2459 magis
1881 2430 1916 2450 ae
1939 2421 2042 2460 magis
2065 2421 2116 2452 fu-

1155 2479 1260 2499 rorem
1291 2468 1391 2507 ipsius
1414 2470 1525 2497 contra
1548 2475 1599 2494 me
1622 2462 1835 2498 inflammabo,
1867 2463 1956 2493 cuius
1979 2473 2116 2503 regnum

1156 2596 1388 2637 possessionem
1413 2594 1529 2628 mittat,
1553 2603 1616 2622 imo
1641 2595 1770 2631 paratus
1793 2600 1864 2620 sum
1888 2590 1956 2621 iure
1975 2601 2045 2622 meo
2064 2602 2116 2624 00-

1789 2633 1861 2663 Non
1893 2632 1992 2664 ducor
2015 2634 2117 2666 11000-

1886 2684 1917 2708 27
