2551 3044
167 210 229 242 573

167 303 244 335 dum
280 305 386 344 ipsum
428 313 498 334 esse
532 302 679 334 videmus
715 301 847 333 Domini
889 302 964 333 Iesu
1005 301 1131 333 Christi

167 347 373 378 imitatorem.
417 346 462 377 Et
491 344 567 376 alibi
599 354 657 375 nos
687 344 777 375 iubet
806 344 903 375 fidem
934 345 1034 384 ipsius
1057 345 1131 374 imi-

166 390 245 420 tari:
269 400 308 420 ne
331 389 481 420 aberrent
504 388 652 419 homines
665 391 696 417 et
715 393 836 417 temere
856 386 952 417 huius
972 387 1023 417 vel
1045 387 1131 418 illius

167 432 316 472 exempla
338 432 516 462 imitentur.
540 429 713 461 Caeterum
730 440 829 469 quum
843 429 1131 460 excellentissimos

167 481 198 506 et
224 474 445 505 sanctissimos
469 472 532 503 Dei
561 482 672 503 servos
702 473 917 512 conspicimus
950 477 1014 502 tam
1039 472 1130 502 facile

166 518 199 548 in
224 516 334 548 multis
358 516 472 556 lapsos,
504 524 716 555 agnoscamus
739 525 797 546 nos
820 515 874 554 qui
898 514 993 554 longe
1016 524 1130 545 sumus

166 559 346 599 fragiliores
369 563 517 598 oportere
537 557 659 588 maiore
677 557 783 588 studio
807 556 877 594 niti,
902 567 943 588 ne
966 557 1001 587 in
1024 557 1129 588 istius-

165 601 251 633 modi
275 601 355 631 vitia
378 600 569 640 praecipites
592 599 750 631 feramur:
780 599 952 639 Deumque
976 600 1059 630 votis
1083 610 1132 630 ar-

166 644 364 674 dentioribus
388 653 566 683 precemur,
589 647 625 672 ut
648 652 704 674 nos
727 648 837 673 sancto
860 652 918 673 suo
941 642 1057 681 spiritu
1081 653 1130 672 re-

166 691 229 727 gat,
259 692 292 716 et
324 686 358 717 in
390 686 509 717 nostris
533 684 681 717 cordibus
700 690 828 716 tantum
852 694 929 715 suae
952 685 1130 716 maiestatis

165 729 315 760 timorem
334 728 505 768 insculpat,
529 732 565 759 ut
577 737 688 759 veram
701 729 732 758 in
746 727 893 759 omnibus
916 726 1129 758 obedientiam

164 771 227 811 ipsi
249 771 471 811 praebeamus,
503 781 543 802 ne
571 771 603 801 in
637 771 765 802 inanem
794 769 955 810 quandam
979 770 1130 809 pietatem

164 819 196 845 et
229 813 401 846 christiani
433 813 574 845 nominis
605 813 726 844 larvam
763 823 840 853 prae
871 812 962 843 nobis
991 813 1131 844 ferentes

163 857 348 894 efferamur,
378 861 411 887 et
440 857 473 887 in
504 861 652 888 nostrum
682 856 818 887 exitium
846 860 913 886 tam
945 855 1131 886 venerando

164 899 258 930 titulo
289 898 476 930 abutamur:
507 898 562 930 sed
593 899 701 939 potius
724 899 758 929 in
788 900 904 929 timore
927 904 962 928 et
978 898 1130 937 simplici·

164 947 230 973 tate
253 941 288 972 in
313 946 424 973 nostra
455 943 591 982 quisque
615 942 782 973 vocatione
805 940 1001 978 incedamus,
1031 941 1132 972 donec

163 984 259 1025 plene
288 984 390 1025 ipsius
419 984 544 1015 iustitia
577 984 767 1021 induamur,
802 983 842 1014 ad
874 993 970 1024 quam
1002 988 1132 1014 conten-

166 1027 283 1058 dimus.

248 1069 319 1101 Iam
343 1080 419 1101 vero
442 1070 537 1110 agite,
560 1071 610 1101 etc.

434 1283 682 1323 HOMILIA
707 1283 854 1323 XCIII-

519 1350 617 1382 OAP.
642 1350 772 1382 XXVI.

247 1453 275 1485 1.
300 1453 345 1484 Et
365 1455 512 1484 venerunt
535 1453 669 1493 Ziphaei
698 1454 741 1485 ad
771 1453 850 1485 Saul
871 1454 905 1485 in
930 1453 1051 1491 Galum,
1080 1454 1128 1486 di-

161 1498 274 1527 centes:
303 1496 382 1527 Ecce
404 1496 513 1528 David
535 1496 731 1528 absconditus
761 1499 803 1528 est
829 1498 862 1528 iii
882 1497 956 1528 colle
979 1497 1127 1535 Hachila,

161 1539 214 1578 qui
235 1541 278 1570 est
299 1549 337 1570 esc
359 1539 487 1570 adverso
509 1539 696 1571 solitudinis.
743 1540 772 1571 2.
804 1540 847 1570 Et
876 1541 1015 1571 surrexit
1039 1539 1127 1576 Saul,

160 1584 187 1613 et
208 1581 360 1613 descendit
387 1582 422 1612 in
451 1582 603 1613 desertum
628 1582 719 1622 Ziph,
746 1585 772 1613 et
794 1592 863 1613 cum
888 1593 920 1614 eo
942 1583 1005 1614 tria
1026 1583 1128 1614 millia

160 1624 300 1655 virorum
323 1624 359 1656 de
388 1624 486 1656 electis
510 1625 621 1663 Israel,
649 1628 685 1656 ut
705 1628 861 1664 quaereret
890 1625 999 1657 David
1021 1626 1055 1657 in
1077 1627 1128 1657 de-

159 1669 240 1698 serto
263 1667 355 1706 Ziph.
400 1666 429 1698 3.
462 1666 506 1698 Et
527 1670 761 1699 castrametatus
789 1670 832 1699 est
855 1667 934 1699 Saul
956 1669 990 1700 in
1015 1668 1127 1700 Gabaa

161 1709 309 1749 Hacha,
331 1719 410 1749 quae
433 1712 499 1741 erat
521 1720 558 1741 ez
578 1711 706 1742 adverso
724 1711 902 1742 solitudinis
924 1712 957 1743 in
969 1712 1039 1742 via.-
1060 1711 1127 1742 Da-

159 1752 213 1783 vid
236 1755 338 1784 autem
367 1752 522 1784 habitabat
551 1754 586 1784 in
608 1753 733 1785 deserto.
785 1753 900 1785 Videns
922 1756 1023 1786 autem
1045 1755 1128 1794 quod

160 1795 292 1827 venisset
315 1795 394 1826 Saul
417 1798 492 1834 post
513 1805 544 1827 se
566 1796 600 1827 in
622 1797 785 1834 desertum,
816 1796 844 1827 4.
870 1797 965 1829 Misit
986 1797 1128 1837 eaeplora-

160 1840 246 1875 tores,
269 1840 297 1869 et
319 1838 430 1870 didicit
452 1839 532 1878 quod
553 1839 684 1870 venisset
709 1840 886 1870 certissime.
932 1840 961 1871 5.
993 1839 1036 1871 Et
1057 1850 1127 1871 sur-

159 1881 240 1912 rexit
262 1880 381 1918 David,
406 1883 433 1912 et
454 1882 537 1912 venit
559 1882 600 1913 ad
623 1882 721 1913 locum
743 1881 796 1913 ubi
818 1885 885 1913 erat
903 1882 997 1914 Saul:
1020 1893 1127 1922 quiim-

160 1933 217 1963 que
238 1924 366 1955 vidisset
396 1924 493 1955 locum
522 1924 556 1955 in
586 1934 645 1964 quo
667 1925 836 1956 dormiebat
859 1924 947 1966 Saul,
975 1928 1001 1956 et
1022 1925 1129 1957 Abner

159 1965 247 2005 filius
279 1966 361 2007 Ner,
398 1967 545 2006 princeps
581 1967 714 1998 militiae
748 1968 815 1998 eius
849 1970 876 1999 et
904 1967 1031 1999 Saulem
1061 1969 1129 2000 dor-

161 2009 300 2040 mientem
322 2009 357 2040 in
380 2009 515 2048 tentorio,
539 2012 565 2040 et
587 2009 742 2049 reliquum
761 2010 871 2050 vulqus
887 2021 949 2050 per
966 2011 1129 2043 circuitum

162 2051 237 2090 eius,
260 2052 289 2083 6.
314 2051 372 2083 Ait
394 2052 504 2083 David
527 2052 568 2084 ad
591 2051 784 2085 Aclzimelecli
807 2053 981 2085 Hetliaeum
1003 2056 1029 2085 et
1050 2054 1128 2085 Abi-

163 2095 213 2125 sai
231 2094 335 2133 filium
349 2094 493 2132 Samiae,
511 2095 643 2134 fratrem
657 2095 742 2134 Ioab,
765 2096 887 2128 dicens:
912 2097 990 2136 Quis
1008 2097 1128 2128 deseen-

164 2137 210 2168 det
230 2147 348 2169 mecum
371 2137 412 2168 ad
436 2137 515 2169 Saul
537 2138 570 2169 in
593 2138 719 2169 castra?
742 2138 895 2178 Dixitque
907 2139 1036 2171 Abisai:
1061 2139 1129 2180 Eyo

164 2180 345 2211 descendam
367 2182 473 2212 tecum.

253 2263 404 2296 Redeunt
442 2266 535 2297 nobis
565 2266 597 2297 in
629 2265 690 2297 hac
717 2265 853 2298 historia
877 2267 1129 2299 considerandae

167 2307 275 2338 variae
298 2309 494 2340 tentationes
517 2314 549 2340 et
573 2308 661 2339 varia
686 2308 874 2340 discrimina
893 2310 1008 2350 quibus
1022 2310 1129 2342 David

167 2353 338 2389 antequam
368 2351 408 2382 ad
437 2361 574 2382 coronae
604 2352 835 2391 possessionem
866 2353 993 2384 veniret
1022 2354 1130 2394 exagi-

138 2413 140 2417 ι
167 2397 254 2423 tatus
276 2397 340 2425 est:
369 2404 430 2434 quo
453 2393 581 2434 quidem
607 2394 703 2425 etiam
727 2400 873 2435 tempore
896 2406 962 2427 non
981 2396 1045 2427 fuit
1068 2407 1130 2427 un·
1156 2417 1157 2427 1

167 2433 330 2474 dequaque
362 2437 504 2477 quietus,
542 2432 598 2468 sed
631 2437 797 2468 meliorem
833 2443 942 2469 tamen
978 2444 1130 2479 expertus

167 2476 381 2510 conditionem
403 2490 500 2519 quam
523 2485 626 2517 antea,
657 2479 741 2519 quod
765 2491 828 2511 non
856 2481 935 2512 adeo
958 2482 1131 2513 crudeliter

168 2519 335 2551 hominum
348 2522 509 2553 consortio
521 2522 634 2562 pulsus
650 2522 756 2554 fuerit.
781 2523 1003 2555 Nihilominus
1023 2530 1129 2555 tamen

168 2572 241 2592 eum
254 2561 344 2594 Deus
363 2565 463 2596 variis
485 2565 589 2596 modis
608 2575 759 2596 exercere
775 2566 887 2603 voluit,
911 2566 1012 2598 donec
1036 2567 1131 2606 plane

168 2604 276 2636 hostes
294 2605 396 2646 ipsius
414 2607 567 2639 exstincti
586 2612 704 2639 essent.
727 2607 803 2648 Ipse
823 2619 898 2640 vero
917 2609 1074 2649 quomodo
1097 2619 1131 2640 se

169 2647 201 2678 in
232 2648 329 2679 tantis
361 2649 602 2681 difficultatibus
632 2651 769 2690 gesserit
797 2651 1047 2689 observandum,
1076 2662 1131 2682 ex-

796 209 843 239 IN
868 207 895 238 Ι.
918 207 1006 239 LlB.
1032 208 1230 240 SAMUEL.
1255 210 1352 242 OAP.
1375 211 1504 243 XXVI.

2078 214 2140 244 574

1184 308 1332 342 spectans
1365 306 1638 345 opportunitatem
1673 307 1795 347 regiam
1831 306 2020 345 dignitatem
2053 316 2147 339 occu-

1156 378 1159 397 }
1184 345 1290 384 pandi,
1315 356 1408 385 quam
1424 348 1513 379 Deus
1533 349 1727 386 decreverat,
1752 354 1783 380 et
1801 349 1882 380 nihil
1896 349 2052 381 adversus
2064 349 2146 381 Sau-

1185 387 1245 418 lem
1271 390 1410 426 molitus,
1434 401 1502 421 sese
1526 391 1681 423 adversus
1705 392 1791 423 illius
1805 392 1869 423 vim
1891 392 2062 423 defendere
2074 402 2146 424 con-

1184 435 1301 461 tentus.

1267 473 1329 504 Hic
1374 474 1474 514 igitur
1515 476 1547 506 in
1590 476 1702 515 primis
1744 476 1822 508 illud
1864 478 2017 515 occurrit,
2059 477 2144 518 quod

1183 514 1316 554 Ziphaei
1342 517 1465 548 venisse
1489 518 1640 549 dicuntur
1664 519 1703 549 ad
1728 519 1860 550 Saulem
1885 520 2036 552 Gibham.
2060 520 2145 551 Nam

1183 557 1358 588 verisimile
1382 567 1429 590 est
1452 559 1592 597 Saulem,
1625 562 1685 592 nisi
1709 562 1927 602 sollicitatum,
1958 574 2021 593 non
2046 563 2145 594 fuisse

1183 606 1453 639 persequuturum
1484 614 1554 633 eum
1585 615 1678 643 quem
1709 605 1913 636 innocentem
1942 612 2145 645 cognoverat,

1183 646 1216 672 et
1239 643 1288 673 cui
1313 645 1531 676 testimonium
1556 646 1752 686 integritatis
1784 647 1859 678 dare
1883 654 2011 679 coactus
2031 649 2144 679 fuerat.

1183 684 1278 723 Quod
1312 687 1397 716 enim
1429 686 1588 718 Davidem
1627 690 1832 729 impedierat,
1867 691 2037 729 quominus
2071 701 2145 721 eum

1184 727 1319 765 tolleret,
1343 739 1440 767 quum
1465 731 1496 760 in
1520 741 1634 763 manus
1657 732 1756 771 ipsius
1779 732 1953 773 incidisset,
1977 734 2038 764 nisi
2057 740 2145 764 recta

1183 770 1389 807 conscientia,
1413 773 1502 803 cuius
1526 774 1593 813 ipse
1616 776 1707 805 testis
1731 780 1798 805 erat
1821 774 1926 806 Saul?
1951 776 2044 807 Licet
2067 785 2144 815 ergo

1183 812 1292 843 furore
1323 819 1488 854 ageretur,
1524 822 1631 847 tamen
1661 822 1788 857 poterat
1818 817 1977 848 Davidem
2009 819 2145 849 missum

1184 855 1304 891 facere,
1339 857 1466 887 etiamsi
1495 869 1556 888 non
1589 859 1658 889 sine
1690 865 1875 900 contemptu
1909 861 2010 900 ipsius
2043 861 2145 892 fieret.

1184 897 1313 929 Sciebat
1336 900 1420 929 enim
1436 900 1594 931 Davidem
1608 902 1687 932 nihil
1702 902 1873 933 adversum
1893 913 1926 933 se
1945 903 2144 940 moliturum,

1185 940 1310 971 nullum
1342 941 1460 972 bellum
1490 944 1728 981 suscitaturum,
1760 944 1815 975 sed
1844 946 1933 976 tenui
1957 951 1989 976 et
2012 945 2145 987 ignobili

1185 983 1252 1014 vita
1275 988 1463 1015 contentum
1496 986 1572 1023 fore,
1603 987 1702 1018 donec
1726 988 1814 1018 Deus
1845 988 1961 1019 factam
1991 988 2053 1028 ipsi
2077 999 2146 1028 pro-

1185 1026 1369 1057 missionem
1394 1027 1601 1067 implevisset.
1623 1029 1745 1060 Verum
1769 1040 1840 1061 ecce
1853 1030 1986 1071 Ziphaei
2004 1031 2145 1062 secundo

1184 1068 1249 1099 iam
1273 1073 1424 1109 tanquam
1445 1070 1571 1102 flabella
1593 1072 1727 1112 sopitam
1743 1072 1849 1104 Saulis
1867 1073 2023 1104 malitiam
2047 1074 2145 1104 susci-

1186 1115 1265 1142 tant.
1300 1110 1423 1142 Oderat
1446 1113 1500 1144 ille
1524 1114 1650 1154 quidem
1675 1115 1745 1146 odio
1773 1115 1952 1147 inveterato
1974 1116 2145 1154 Davidem,

1185 1164 1278 1194 quem
1299 1154 1401 1186 modis
1417 1156 1564 1187 omnibus
1577 1158 1773 1188 exstinctum
1787 1158 1944 1198 cupiebat,
1967 1159 2028 1190 etsi
2047 1158 2145 1199 probe

1185 1200 1278 1227 norat
1302 1196 1437 1229 electum
1459 1209 1477 1229 a
1500 1200 1570 1230 Deo
1593 1209 1716 1240 regem:
1740 1206 1963 1232 verumtamen
1983 1211 2144 1241 nusquam

1185 1239 1322 1279 legimus
1355 1240 1394 1271 ab
1417 1241 1487 1281 ipso
1510 1242 1624 1273 missos
1647 1242 1800 1274 satellites
1823 1243 1877 1283 qui
1896 1242 2016 1274 Davidi
2039 1250 2144 1275 strue-

1184 1288 1257 1312 rent
1290 1282 1439 1319 insidias,
1481 1290 1535 1315 aut
1568 1285 1668 1324 ipsius
1702 1285 1785 1317 facta
1818 1285 2033 1325 explorarent.
2079 1285 2144 1318 Sed

1184 1324 1316 1364 Ziphaei
1340 1325 1424 1356 ultro
1439 1327 1598 1358 Davidem
1622 1328 1654 1358 in
1677 1338 1735 1359 sua
1758 1328 1888 1368 regione
1912 1328 2066 1360 latentem
2091 1328 2144 1360 de-

1185 1368 1302 1399 ferunt.
1324 1367 1387 1400 Hic
1406 1369 1439 1400 in
1462 1370 1575 1409 primis
1594 1370 1838 1408 observandum,
1862 1381 1879 1400 a
1895 1370 2020 1402 diabolo
2045 1372 2143 1403 susci-

1183 1415 1266 1442 tatos
1295 1416 1451 1451 quotquot
1481 1413 1513 1443 in
1538 1412 1657 1443 Iudaea
1687 1423 1795 1444 servos
1826 1413 1946 1450 habuit,
1978 1419 2014 1444 ut
2041 1413 2143 1454 impe-

1183 1453 1266 1484 diret
1291 1454 1463 1494 quominus
1476 1455 1582 1486 David
1608 1462 1765 1496 regnaret.
1802 1456 1845 1486 Et
1867 1455 2033 1496 oportebat
2056 1456 2143 1487 istud

1181 1496 1214 1527 in
1238 1506 1339 1536 regno
1362 1496 1489 1529 iudaico
1513 1499 1707 1538 contingere,
1730 1497 1813 1538 quod
1833 1504 1902 1529 erat
1924 1499 2029 1538 figura
2050 1500 2143 1540 regni

1180 1538 1314 1570 Domini
1338 1540 1441 1571 nostri
1472 1540 1548 1572 Iesu
1572 1541 1704 1572 Christi.
1748 1540 1822 1571 Non
1846 1541 1947 1581 igitur
1974 1541 2143 1573 inimicum

1181 1593 1280 1613 unum
1313 1588 1369 1614 aut
1395 1583 1532 1614 alterum
1564 1583 1676 1615 habuit
1698 1582 1821 1614 David:
1852 1583 1907 1614 sed
1938 1594 2011 1614 eum
2041 1585 2144 1624 gratis

1180 1625 1328 1663 oderunt,
1353 1625 1407 1666 qui
1432 1625 1471 1656 ab
1493 1626 1562 1666 ipso
1585 1626 1675 1657 nulla
1697 1627 1824 1656 fuerant
1847 1626 1966 1657 iniuria
1978 1626 2029 1657 vel
2053 1637 2143 1658 occa-

1181 1668 1269 1699 sione
1300 1670 1482 1709 provocati‚
1513 1675 1543 1700 et
1573 1669 1672 1709 ipsius
1703 1670 1788 1699 vitae
1816 1673 1892 1700 sunt
1922 1668 2075 1706 insidiati,
2107 1675 2144 1700 ut

1180 1710 1409 1750 implereretur
1438 1711 1521 1751 quod
1545 1711 1607 1742 alio
1629 1711 1698 1743 loco
1721 1711 1831 1742 scribit
1855 1710 1893 1742 de
1915 1721 1949 1742 se
1967 1711 2143 1752 propheta:

1184 1754 1297 1785 Gratis
1319 1763 1367 1785 me
1390 1754 1526 1786 oderunt.
1551 1754 1600 1785 Ex
1625 1765 1686 1794 quo
1710 1753 1829 1793 duplex
1848 1753 1973 1784 utilitas
1985 1759 2035 1785 est
2052 1753 2143 1786 nobis

1181 1796 1361 1828 referenda.
1393 1797 1504 1827 Prima
1527 1807 1567 1827 ne
1590 1798 1639 1828 cui
1663 1797 1771 1827 iniurii
1794 1796 1903 1834 simus,
1926 1801 1958 1827 et
1980 1807 2021 1827 ne
2044 1796 2143 1828 ullam

1181 1839 1383 1871 occasionem
1407 1839 1500 1871 nobis
1522 1840 1686 1870 molestias
1709 1838 1887 1870 facessendi
1917 1838 2143 1879 praebeamus:

1181 1882 1235 1914 sed
1255 1882 1344 1912 omni
1363 1882 1481 1913 iniuria
1500 1887 1532 1913 et
1556 1881 1708 1913 violentia
1731 1881 1940 1919 abstinentes,
1962 1881 2088 1922 integre
2111 1888 2143 1914 et

1182 1926 1305 1956 sincere
1328 1925 1475 1956 vivamus
1504 1935 1576 1956 cum
1608 1924 1751 1965 singulis,
1786 1929 1823 1955 ut
1854 1934 1948 1954 nemo
1980 1925 2081 1964 possit
2104 1925 2143 1956 de

1181 1967 1273 1999 nobis
1301 1967 1416 1998 merito
1444 1967 1605 2007 conqueri,
1636 1974 1666 1998 et
1697 1977 1715 1997 a
1746 1967 1837 1997 nobis
1867 1976 1901 1997 se
1930 1971 2143 2006 provocatum

1182 2010 1297 2042 dicere.
1343 2010 1466 2049 Altera,
1497 2017 1533 2041 ut
1563 2011 1601 2041 iis
1632 2020 1690 2040 nos
1713 2009 1987 2049 persequentibus,
2019 2016 2050 2040 et
2073 2010 2142 2041 sine

1182 2063 1278 2085 causa
1292 2052 1462 2084 adversum
1478 2063 1533 2083 nos
1547 2053 1796 2093 insurgentibus,
1812 2061 1984 2091 necemque
1997 2057 2143 2083 nostram

1182 2095 1420 2136 quaerentibus,
1455 2096 1507 2135 qui
1543 2096 1643 2135 gratis
1674 2101 1706 2126 et
1734 2094 1894 2125 immerito
1925 2094 2070 2131 oderunt,
2102 2106 2142 2126 ne

1182 2149 1302 2169 novum
1326 2143 1357 2169 et
1376 2138 1516 2169 insolens
1539 2138 1570 2168 id
1594 2138 1684 2168 nobis
1705 2137 1859 2175 videatur,
1883 2137 2142 2177 quandoquidem

1181 2181 1266 2212 idem
1292 2181 1410 2211 Davidi
1433 2181 1604 2221 contigisse
1628 2179 1781 2216 videmus,
1805 2179 1858 2219 qui
1881 2180 1986 2219 figura
2009 2179 2143 2211 Domini

1183 2224 1284 2255 nostri
1314 2223 1389 2254 Iesu
1421 2223 1542 2254 Christi
1577 2223 1647 2261 fuit,
1681 2223 1735 2262 qui
1769 2232 1802 2252 se
1832 2222 1924 2252 nobis
1959 2222 2142 2262 exemplum

1183 2266 1373 2297 imitandum
1391 2266 1565 2306 proposuit.
1590 2265 1673 2296 Nam
1686 2264 1813 2305 singula
1833 2264 1985 2295 ecclesiae
1999 2264 2143 2296 membra

1183 2310 1243 2349 ipsi
1262 2314 1388 2349 oportet
1411 2308 1613 2340 conformari.
1638 2308 1776 2338 Interim
1801 2314 1908 2338 tamen
1927 2317 1989 2346 quo
2013 2307 2143 2347 gravio-

1183 2353 1271 2384 ribus
1296 2351 1378 2382 odiis
1401 2361 1458 2381 nos
1482 2351 1629 2381 insectati
1654 2350 1782 2387 fuerint,
1807 2360 1842 2380 eo
1860 2350 1963 2381 maior
1977 2360 2049 2389 spes
2073 2360 2143 2381 esse

1183 2400 1294 2426 nostra
1317 2393 1418 2431 debet,
1441 2394 1548 2424 Deum
1571 2393 1673 2423 nostri
1696 2393 1914 2423 miserturum.
1947 2391 2001 2424 Sic
2024 2392 2142 2429 David,

1183 2448 1219 2469 eo
1242 2447 1337 2477 quem
1358 2435 1496 2467 diximus
1515 2436 1592 2472 loco,
1615 2445 1684 2466 sese
1701 2434 1856 2465 adversus
1875 2435 2070 2466 tentationes
2082 2435 2143 2466 hac

1183 2491 1238 2520 spe
1269 2478 1391 2516 munit,
1426 2479 1493 2509 fore
1528 2478 1680 2508 nimirum
1710 2482 1746 2508 ut
1777 2487 1838 2516 quo
1873 2478 1995 2508 maiora
2025 2478 2143 2508 fuerint

1155 2530 1157 2538 ⁴
1184 2522 1325 2554 hostium
1356 2521 1457 2562 ipsius
1483 2521 1516 2551 in
1541 2531 1573 2551 se
1596 2520 1677 2557 odia,
1708 2530 1770 2559 quo
1793 2520 1896 2551 maior
1918 2520 2061 2560 ipsorum
2085 2521 2142 2559 vis,

1184 2576 1220 2596 eo
1250 2564 1354 2595 maius
1388 2563 1449 2594 Dei
1479 2563 1634 2594 auxilium
1667 2562 1860 2602 experiatur.
1903 2562 2013 2601 Quare
2038 2562 2144 2594 danda

1184 2607 1288 2639 omnis
1311 2617 1416 2647 opera,
1439 2612 1475 2636 ut
1488 2615 1593 2636 coram
1609 2605 1677 2636 Deo
1702 2611 1809 2636 rectae
1821 2605 2036 2636 conscientiae
2055 2606 2143 2636 testi-

1184 2652 1328 2681 monium
1360 2649 1555 2680 adferamus:
1585 2654 1615 2678 et
1647 2657 1709 2687 quo
1733 2647 1835 2678 maior
1866 2648 2008 2679 hostium
2031 2647 2143 2680 adver-
