2551 3044
187 188 246 219 169
831 187 879 218 IN
905 188 927 219 1.
952 188 1039 219 LIB.

186 283 383 324 superiorem
413 282 547 323 gradum
581 281 746 323 dignitatis
778 282 896 313 evexit.
944 282 993 312 Ex
1028 281 1141 321 quibus

186 326 340 366 exemplis
354 326 458 356 Iacobi
480 330 510 355 et
522 325 650 364 Iosephi
674 330 813 364 apparet,
839 325 944 355 Deum
969 324 1140 364 eligentem

187 369 318 409 aliquos,
343 379 405 398 non
430 368 568 407 pendere
591 368 629 398 ab
653 367 728 398 ullis
758 368 862 398 causis
887 367 1045 405 humanis,
1071 366 1141 396 nul—

187 411 314 451 lamque
329 420 429 449 neque
444 420 660 449 personarum,
682 420 783 449 neque
803 410 1018 446 consiliorum,
1039 419 1142 448 neque

188 454 282 485 ullius
307 454 350 483 rei
381 462 462 492 quae
491 453 529 483 ab
564 452 747 483 hominibus
778 453 995 492 proficiscatur
1026 452 1142 482 habere

187 497 360 528 rationem:
390 494 444 525 sed
474 494 506 524 in
536 505 569 525 se
600 505 664 525 uno
692 505 823 525 causam
854 495 1003 535 reperire.
1048 493 1141 532 Quod

187 539 246 570 etsi
272 538 362 568 nobis
391 547 508 567 novum
541 544 572 567 et
603 537 743 567 insolens
775 538 931 574 videatur,
960 537 1004 569 sic
1036 542 1141 567 tamen

188 581 276 612 illum
297 580 420 619 operari
441 590 567 610 3000000
587 586 643 616 cst,
666 585 701 610 ut
721 581 824 610 omnis
843 579 1001 620 gloriandi
1021 580 1142 610 occasio

188 623 279 654 nobis
313 621 483 652 adimatur.
541 622 622 660 Quis
662 624 747 652 enim
788 623 1059 663 primogeniturae
1093 622 1143 652 ius

187 667 271 697 inter
295 664 440 694 homines
465 665 613 700 instituit,
638 665 722 704 quod
747 665 813 704 ipse
833 665 922 696 Deus
946 664 1143 705 approbavit,

187 708 250 739 nisi
262 707 323 737 Dei
343 707 456 746 spiritu
475 707 576 737 afflati
597 707 751 743 homines,
777 708 891 747 quibus
915 707 1143 748 primogenitos

187 761 301 782 ornare
324 749 383 780 hac
407 749 630 788 praerogativa
654 749 756 780 visum
781 757 838 788 est,
870 754 904 780 ut
923 750 988 781 sint
1007 749 1143 789 reliquo-

188 804 260 824 rum
284 792 403 822 domini
428 796 460 821 et
483 791 600 830 caput?
647 792 689 822 Et
719 803 845 832 semper
868 792 1070 824 observatum
1094 792 1143 822 ius

188 835 274 867 istud
299 835 332 865 in
356 834 416 864 Dei
440 834 566 873 populo,
591 834 763 874 divinaque
798 835 867 875 lege
891 834 1143 875 comprobatum.

188 876 457 918 Quandoquidem
482 877 581 916 igitur
604 876 694 907 Deus
726 884 859 908 naturae
884 877 1027 908 ordinem
1052 878 1143 908 insti-

189 921 259 959 tuit,
283 929 380 960 quare
403 919 540 949 eundem
566 919 707 955 invertit,
739 930 845 951 annon
878 930 915 951 eo
945 919 1143 951 delectatur?

189 964 324 995 Minime
355 962 500 1002 gentium
531 962 656 997 evertit,
688 962 742 992 sed
774 963 924 1002 quoniam
949 963 1014 994 fere
1037 968 1144 1003 turge-

190 1017 260 1037 mus
284 1003 433 1044 superbia
455 1011 487 1033 et
510 1005 703 1044 arrogantia,
727 1010 758 1035 et
780 1005 870 1036 uobis
891 1005 1036 1036 videmur
1055 1005 1145 1045 digni

190 1059 268 1089 quos
301 1048 387 1078 Deus
418 1056 525 1076 amore
556 1057 612 1076 suo
650 1053 779 1094 propter
813 1048 974 1087 ingenitas
1009 1049 1146 1079 virtutes

189 1090 429 1130 complectatur,
461 1099 590 1120 necesse
613 1095 660 1120 est
685 1090 790 1128 ipsum
815 1090 1070 1121 extraordinaria
1095 1091 1146 1121 via

189 1132 346 1174 progredi,
382 1136 416 1162 ut
450 1142 486 1162 eo
520 1131 686 1162 ardentius
719 1132 757 1162 ad
793 1133 895 1172 ipsum
932 1133 1145 1164 invocandum

189 1185 455 1211 commoveamur,
480 1181 511 1204 et
534 1174 673 1205 sciamus
694 1175 774 1205 bona
790 1175 970 1215 spiritualia
989 1176 1027 1207 ab
1046 1176 1146 1224 ipsius

189 1229 277 1250 mera
306 1218 409 1258 gratia
439 1216 505 1247 sola
535 1226 735 1257 promanare
767 1229 802 1249 -ιο
832 1218 966 1258 proinde
997 1218 1054 1249 soli
1086 1219 1147 1258 ipsi

190 1262 309 1302 gratias
333 1270 476 1300 agamus,
510 1259 666 1299 siquidem
700 1259 779 1290 nihil
811 1271 828 1291 a
859 1261 1049 1300 nobisipsis
1073 1271 1145 1301 pro-

190 1305 307 1335 fectum
342 1308 397 1333 est.
451 1301 540 1340 Quin
575 1302 638 1332 imo
674 1303 820 1333 videmus
856 1303 1027 1343 Iosephum
1061 1304 1145 1335 arbi-

189 1352 328 1378 trantem
349 1345 564 1384 incogitanter
577 1344 730 1375 Iacobum
749 1346 887 1376 filiorum
913 1357 1042 1377 suorum
1066 1346 1145 1377 alte-

189 1400 260 1421 rum
284 1388 376 1419 alteri
400 1398 606 1427 praeponere.
638 1388 746 1418 conari
770 1399 901 1419 manum
931 1389 1029 1428 patris
1053 1400 1144 1420 aver-

190 1439 266 1470 tere,
289 1442 328 1462 ne
347 1431 501 1461 minorem
522 1431 633 1460 maiori
654 1430 825 1469 praeferat:
846 1431 1043 1462 caecutiebat
1059 1432 1143 1462 enim

190 1474 324 1506 Iacobus
347 1472 458 1504 morbo
482 1473 666 1509 senectutis,
696 1473 782 1504 unde
813 1474 899 1505 nasei
931 1485 1070 1505 errorem
1095 1486 1145 1505 ar-

191 1517 369 1548 bitrabatur
392 1515 518 1555 Ioseph.
555 1515 675 1546 Verum
700 1517 756 1546 etsi
783 1516 886 1547 Iacobi
911 1517 990 1547 oculi
1017 1517 1146 1548 hebetes

190 1566 297 1591 essent
314 1559 410 1594 senio,
435 1564 468 1588 ut
488 1558 639 1597 adspectu
665 1569 727 1588 non
752 1557 951 1589 discerneret
974 1565 1045 1590 uter
1068 1565 1146 1590 natu

191 1603 292 1633 maior
314 1608 407 1639 esset,
429 1607 537 1631 tamen
557 1601 700 1631 consulto
720 1611 834 1631 manus
853 1612 926 1632 suas
945 1608 1146 1634 transversas

192 1646 312 1686 posuit,
352 1650 389 1675 ut
428 1642 573 1674 dextram
616 1654 706 1674 suam
748 1649 879 1683 poneret
919 1655 1015 1685 super
1053 1649 1148 1685 caput

192 1688 358 1728 Ephraim,
391 1687 445 1726 qui
475 1686 581 1716 minor
612 1692 689 1716 natu
719 1692 796 1720 erat,
827 1692 858 1717 et
886 1687 1059 1727 Iosephum
1094 1688 1147 1728 qui

192 1731 366 1761 transferre
390 1739 521 1759 manum
557 1729 657 1768 patris
685 1729 873 1769 conabatur,
897 1730 942 1760 sic
964 1729 1146 1770 alloquutus

192 1779 252 1805 est:
284 1773 414 1804 Crescet
443 1771 570 1811 quidem
596 1771 744 1802 Manasse
777 1772 1007 1813 primogenitus
1031 1774 1063 1803 in
1087 1784 1145 1813 po-

191 1816 319 1864 pulum:
344 1820 564 1845 verumtamen
588 1814 686 1844 frater
709 1815 776 1844 eius
798 1825 904 1845 minor
928 1822 1005 1846 natu
1025 1821 1146 1847 crescet

190 1859 293 1900 magis
327 1867 422 1897 quam
456 1857 541 1896 ipse,
575 1864 607 1886 et
639 1867 748 1887 semen
784 1857 852 1888 eius
885 1858 944 1888 erit
978 1858 1145 1898 plenitudo

189 1902 344 1942 gentium.
376 1899 458 1938 Quis
482 1909 558 1929 vero
582 1899 643 1929 nisi
664 1899 752 1930 Deus
771 1899 886 1931 Iacobo
910 1899 940 1930 id
964 1901 1143 1933 revelavit?

190 1943 406 1983 Quamobrem
431 1942 505 1973 hinc
536 1946 669 1981 apparet
697 1952 749 1973 eos
772 1942 824 1981 qui
849 1942 887 1973 ad
911 1954 1048 1975 summos
1071 1955 1144 1985 gra-

189 1986 249 2017 dus
272 1985 424 2026 aspirant,
449 1991 478 2015 et
503 1984 588 2014 viam
612 1984 650 2014 ad
674 1995 726 2015 cos
750 1984 873 2015 facilem
898 1986 959 2016 sibi
982 1997 1049 2017 esse
1073 1998 1144 2035 per-

189 2029 341 2065 suadent,
385 2028 479 2068 longe
514 2027 664 2066 opinione
698 2027 781 2063 falli,
816 2032 848 2058 et
881 2028 913 2058 in
948 2030 1143 2060 contrarium

188 2071 285 2102 abire.
338 2070 448 2109 Quare
483 2080 538 2100 nos
573 2080 646 2100 cum
681 2080 808 2100 summa
841 2070 1022 2102 humilitate
1055 2071 1145 2104 decet

188 2114 288 2154 ipsius
322 2113 438 2144 iudicia
474 2112 620 2143 venerari
655 2117 687 2142 et
719 2112 865 2150 adorare,
906 2118 938 2144 et
970 2124 1144 2155 agnoscere

189 2157 294 2188 Deum
319 2156 422 2187 solum
453 2165 509 2185 nos
532 2165 548 2185 e
573 2155 639 2184 luto
670 2160 701 2185 et
731 2155 831 2185 veluti
862 2157 1070 2196 sterquilinio
1105 2158 1144 2188 ad

188 2209 333 2230 summos
356 2198 494 2228 honores
517 2197 668 2228 evehere:
705 2203 891 2245 nostrasque
922 2199 1008 2230 vires
1038 2200 1144 2232 nullas

188 2252 266 2277 esse,
292 2250 412 2280 nosque
435 2240 514 2270 nihil
540 2250 630 2279 posse
653 2240 713 2270 nisi
738 2240 777 2270 ab
801 2241 869 2280 ipso
888 2242 1088 2283 recipiamus,
1109 2249 1143 2274 ut

187 2293 397 2323 quaecunque
419 2282 503 2313 dona
528 2282 681 2313 habemus
706 2282 751 2312 illi
775 2283 834 2313 soli
858 2289 892 2314 ut
914 2285 994 2315 fonti
1014 2291 1144 2326 accepta

187 2326 339 2357 feramus.

272 2368 380 2408 Atque
412 2358 494 2398 hanc
532 2367 702 2398 utilitatem
738 2378 778 2398 ex
813 2369 867 2400 illa
897 2369 1033 2401 Davidis
1066 2381 1140 2402 con—

188 2412 298 2450 tempti
330 2416 361 2441 et
391 2410 503 2441 abiecti
534 2410 687 2440 electione
718 2409 904 2442 referamus.
948 2412 1040 2451 Quod
1066 2424 1142 2445 vero

188 2453 226 2484 de
256 2453 360 2485 cordis
392 2453 492 2492 ipsius
521 2453 705 2492 integritate
735 2454 881 2489 refertur,
913 2456 1050 2487 sciamus
1080 2456 1142 2487 tale

187 2497 283 2527 fuisse
305 2496 398 2535 quale
420 2505 438 2525 a
458 2495 525 2525 Deo
548 2495 718 2525 formatum
742 2500 799 2527 est
834 2497 988 2537 Legimus
1011 2498 1140 2548 quidem

188 2539 372 2578 loquentem
401 2538 445 2568 ita
470 2538 573 2568 Deum
597 2537 631 2567 in
662 2537 818 2569 Psalmis:
850 2539 1005 2571 Davidem
1037 2542 1141 2581 reperi

188 2581 364 2612 secundum
387 2591 441 2611 cor
470 2590 588 2611 meum.
635 2578 698 2611 Sed
728 2591 854 2620 quaero
884 2593 925 2613 311
948 2583 1054 2614 David
1084 2595 1141 2615 sua

187 2624 310 2655 virtute
332 2628 365 2654 et
387 2622 478 2654 liberi
502 2622 624 2654 arbitrii
649 2622 770 2654 viribus
789 2623 820 2654 id
840 2624 899 2656 sibi
918 2636 971 2656 cor
990 2626 1139 2666 paravit?

1065 186 1262 218 SAMUEL.
1287 188 1384 218 CAP.
1409 189 1437 219 X
1446 189 1501 219 VI.

2096 188 2156 218 1741

1195 281 1262 312 Ν30
1292 281 1426 312 multum
1459 282 1559 313 abest:
1590 282 1644 313 sed
1669 292 1686 312 a
1712 282 1778 312 1)οο
1802 288 2037 322 praeparatum,
2070 282 2151 322 quod

1195 335 1274 363 opus
1299 324 1428 354 Domini
1458 324 1559 354 David
1585 325 1617 354 in
1641 335 1710 356 sese
1733 325 1887 364 agnoseit.
1933 324 2152 363 Quemadmo-

1194 367 1269 396 dum
1301 371 1408 396 autem
1441 367 1550 397 1110111111
1577 372 1715 398 nostram
1750 368 1781 397 in
1806 367 1934 407 speculo
1958 367 2152 407 contempla-

1195 420 1275 445 mur,
1300 409 1342 438 ita
1368 409 1456 439 Deus
1480 410 1511 439 in
1537 420 1604 439 sese
1627 420 1753 440 omnem
1786 411 1958 449 potentiam
1992 415 2024 440 et
2048 410 2151 440 virtu-

1194 457 1257 481 tem
1284 451 1526 491 contemplatur,
1551 458 1585 482 ut
1610 463 1666 482 nos
1691 458 1806 483 natura
1828 463 1943 483 vacuos
1962 454 2047 483 omni
2070 452 2151 483 bono

1195 493 1286 524 donis
1310 494 1377 524 suis
1402 505 1457 533 pro
1480 495 1643 525 voluntate
1663 501 1694 524 et
1713 495 1846 525 arbitrio
1866 501 2019 525 exornet:
2043 505 2152 534 quam-

1193 537 1300 566 obrem
1326 542 1356 566 01
1380 537 1441 566 alio
1466 537 1592 567 Psalmo
1617 537 1750 576 dicitur,
1780 537 1880 568 Deum
1904 548 1979 577 opus
2001 547 2151 568 mcmuum

1193 582 1370 609 noslrarum
1401 579 1570 617 disponere.
1621 580 1685 609 Deo
1716 580 1822 620 itaque
1849 581 1953 611 visum
1979 586 2027 611 est
2051 580 2151 610 Davi-

1195 622 1265 651 dem
1290 621 1430 652 abiectae
1454 621 1642 652 conditionis
1668 623 1827 653 hominen]
1848 623 1886 653 ad
1908 623 2028 663 regiam
2050 622 2152 662 digni-

1195 669 1292 694 tatem
1318 664 1470 694 evehere:
1496 664 1580 702 Quid
1605 664 1670 694 ita‘?
1717 665 1836 705 Nempe
1860 676 1877 696 a
1901 665 2001 697 caulis
2025 670 2055 695 et
2081 676 2150 704 pas-

1196 713 1298 737 torum
1333 706 1466 737 stabulis
1502 717 1572 736 eum
1604 708 1739 743 vocavit,
1776 714 1809 737 ut
1840 708 1871 738 in
1901 719 1936 738 eo
1968 708 2059 738 fieret
2090 707 2151 737 Dei

1195 749 1338 789 potentia
1379 750 1596 788 conspectior,
1638 756 1668 779 et
1710 751 1862 781 maiorem
1898 750 1958 781 Dei
2002 749 2151 780 laudandi

1195 792 1395 822 occasionem
1430 791 1568 827 haberet,
1599 802 1694 831 quum
1727 804 1759 822 se
1792 793 1887 823 nullis
1917 794 1982 824 suis
2017 792 2153 829 viribus,

1196 835 1285 865 nulla
1308 834 1476 871 industria,
1507 834 1595 865 nullo
1626 835 1756 865 consilio
1786 836 1926 875 potuisse
1957 836 1994 866 ad
2026 841 2152 865 tantum

1196 877 1363 918 dignitatis
1394 877 1554 917 fastigium
1587 878 1696 907 venire
1726 883 1936 917 cognosceret.
1982 878 2087 917 Atque
2111 877 2151 908 D.

1196 920 1316 951 Paulus
1340 920 1371 949 in
1397 920 1502 958 priore
1521 921 1559 949 ad
1573 920 1756 950 Corinthios
1776 922 1852 951 satis
1876 920 2044 951 evidenter
2067 918 2151 951 istud

1197 963 1304 993 docuit
1328 963 1358 993 in
1384 962 1525 992 fidelium
1550 962 1709 998 electione,
1740 974 1837 1002 quum
1864 963 1900 994 de
1930 969 1996 994 tota
2020 962 2153 993 ecclesia

1198 1005 1347 1045 loquens,
1381 1005 1440 1035 ait:
1482 1005 1603 1035 Multos
1634 1016 1702 1036 esse
1736 1006 1767 1035 in
1803 1006 1923 1036 mundo
1958 1006 2081 1036 nobiles
2122 1008 2153 1035 et

1198 1052 1399 1088 praestantes
1432 1049 1525 1084 viros,
1557 1058 1574 1077 a
1604 1047 1719 1086 quibus
1749 1047 1918 1079 videbatur
1941 1048 2030 1079 Deus
2061 1058 2153 1088 posse

1197 1092 1301 1121 facere
1324 1090 1451 1120 initium
1476 1101 1553 1120 suae
1583 1090 1753 1126 electionis,
1785 1091 1839 1121 sed
1869 1092 2018 1131 quoniam
2048 1090 2153 1121 solent

1197 1133 1345 1164 homines
1370 1133 1502 1163 nimium
1527 1133 1633 1163 efferri
1656 1134 1766 1173 gloria,
1798 1138 1830 1163 et
1854 1133 1922 1164 Deo
1945 1144 1979 1164 00
2004 1133 2153 1173 aequales

1198 1176 1308 1213 facere,
1333 1180 1368 1206 ut
1392 1176 1496 1206 omnis
1515 1176 1620 1206 carnis
1639 1176 1739 1216 gloria
1759 1176 1898 1212 tollatur,
1919 1176 2069 1207 deiecisse
2089 1175 2154 1206 alta

1198 1219 1320 1256 mundi,
1344 1223 1375 1248 et
1400 1229 1499 1258 parva
1521 1223 1552 1249 et
1576 1218 1697 1249 abiecta
1721 1218 1861 1258 elegisse,
1892 1224 1928 1249 ut
1952 1219 2063 1249 norint
2087 1228 2154 1249 om·

1198 1271 1256 1292 nes
1281 1261 1400 1292 nullam
1426 1272 1494 1292 esse
1518 1260 1718 1291 altitudinem
1744 1271 1847 1300 neque
1870 1261 2069 1301 dignitatem,
2094 1260 2153 1292 nisi

1199 1314 1279 1344 quae
1302 1304 1341 1335 ab
1365 1304 1433 1344 ipso
1458 1304 1678 1343 proficiscitur.
1720 1303 1766 1334 Ac
1790 1314 1866 1334 03110
1890 1304 2019 1344 gloriari
2044 1313 2100 1334 nos
2120 1303 2154 1333 in

1200 1347 1268 1377 Deo
1293 1357 1349 1386 par
1372 1354 1429 1384 est,
1453 1353 1482 1376 et
1507 1346 1597 1376 nobis
1621 1346 1697 1386 ipsis
1713 1346 1887 1386 gratuitam
1908 1347 2008 1386 ipsius
2027 1346 2156 1377 electio-

1200 1400 1272 1420 nem
1296 1389 1461 1430 gratnlari.
1507 1388 1773 1428 Quandoquidem
1798 1389 1881 1419 enim
1905 1395 2021 1419 natura
2043 1399 2156 1419 sumus

1198 1432 1256 1463 filii
1280 1433 1345 1463 irae
1369 1439 1401 1462 et
1431 1432 1674 1467 maledictionis,
1710 1432 1762 1461 ubi
1793 1432 1922 1462 obsecro
1954 1436 2063 1462 nostra
2095 1431 2156 1461 erit

1199 1475 1356 1515 gloriatio,
1387 1475 1448 1505 nisi
1479 1475 1512 1504 in
1545 1485 1580 1505 eo
1610 1473 1692 1513 quod
1723 1474 1891 1513 adoptione
1915 1474 1988 1505 facti
2013 1474 2069 1504 filii
2095 1474 2156 1504 Dei

1199 1517 1332 1548 sumus?
1379 1517 1596 1556 Quamobrem
1629 1516 1810 1556 usurpanda
1842 1517 1932 1547 nobis
1958 1516 2051 1547 Pauli
2082 1516 2156 1547 doc-

1199 1561 1294 1599 trina,
1323 1560 1377 1600 qui
1410 1560 1516 1590 Deum
1547 1559 1623 1590 dicit
1652 1569 1764 1590 vocare
1794 1570 1830 1589 ea
1861 1570 1941 1599 quae
1973 1570 2034 1589 non
2072 1562 2156 1596 sunt,

1200 1608 1353 1643 tanquam
1378 1603 1451 1639 sint,
1476 1607 1511 1633 ut
1533 1602 1707 1633 confundat
1733 1612 1768 1632 ea
1791 1612 1872 1641 quae
1901 1608 1992 1632 sunt:
2023 1607 2058 1632 ut
2083 1611 2157 1642 cog-

1199 1656 1368 1677 noscamus
1391 1656 1463 1676 eum
1483 1656 1551 1676 esse
1572 1655 1589 1674 a
1609 1655 1670 1684 quo
1690 1644 1841 1683 quidquid
1861 1655 1971 1675 sumus
1991 1644 2155 1681 habemus,

1201 1695 1235 1719 ut
1270 1699 1303 1719 se
1337 1689 1470 1728 quisque
1503 1687 1640 1719 fideliter
1672 1691 1819 1718 exerceat
1852 1687 1883 1717 in
1920 1687 2093 1723 vocatione,
2126 1690 2158 1717 et

1198 1732 1418 1771 proximorum
1443 1730 1655 1762 aedificationi
1679 1729 1813 1761 studeat.
1848 1729 1929 1760 Nam
1956 1734 1985 1759 et
2010 1729 2042 1759 in
2068 1728 2154 1760 hunc

1197 1775 1293 1805 finem
1318 1784 1375 1805 nos
1399 1784 1415 1804 e
1440 1774 1505 1804 luto
1529 1778 1560 1804 et
1589 1773 1706 1803 foetore
1737 1772 2003 1812 superstitionum
2028 1776 2058 1801 et
2081 1781 2154 1811 pra-

1198 1817 1307 1847 vitatis
1331 1816 1451 1853 eduxit,
1474 1821 1507 1847 ut
1531 1825 1608 1846 vasa
1631 1816 1746 1847 fiamus
1769 1815 1968 1845 sanctificata
1995 1813 2034 1844 ad
2058 1824 2152 1844 omne

1198 1860 1315 1891 bonum
1340 1870 1432 1899 opus:
1457 1864 1488 1890 et
1513 1858 1550 1889 ab
1574 1857 1756 1889 infidelibus
1779 1863 1810 1887 et
1833 1857 2005 1887 incredulis
2025 1866 2154 1896 separa·

1198 1903 1253 1940 vit,
1285 1906 1320 1933 ut
1350 1903 1383 1932 in
1407 1902 1583 1932 Dominum
1613 1906 1756 1931 nostrum
1781 1900 1888 1930 Iesum
1912 1899 2079 1930 Christum
2104 1899 2152 1929 in-

1196 1955 1352 1976 seramur.
1399 1945 1509 1992 Neque
1535 1954 1607 1974 vero
1631 1943 1792 1983 apostolus
1823 1942 1861 1973 de
1886 1952 1948 1972 uno
1973 1946 2027 1972 aut
2052 1942 2153 1972 altero

1197 1988 1383 2028 singulatim
1408 1988 1603 2018 mentionem
1628 1986 1710 2021 facit
1734 1985 1788 2015 sed
1812 1985 1850 2015 de
1873 1983 2020 2015 omnibus
2044 1985 2078 2015 in
2102 1994 2152 2025 ge-

1197 2041 1274 2061 11010
1305 2029 1470 2061 fidelibus:
1501 2039 1635 2077 quorum
1668 2034 1789 2068 patrem
1813 2027 2036 2057 Abrahamum
2068 2027 2152 2066 facit,

1196 2078 1228 2104 et
1251 2073 1519 2112 comparationem
1545 2072 1685 2102 instituit
1699 2070 1787 2101 Adae
1810 2070 1957 2106 filiorum,
1982 2079 2053 2100 cum
2078 2069 2153 2100 filiis

1196 2116 1340 2164 gratuito
1364 2125 1382 2145 a
1405 2115 1545 2145 Domino
1568 2114 1736 2154 adoptatis
1770 2113 1855 2143 Vere
1878 2112 1963 2142 enim
1988 2112 2043 2142 filii
2064 2112 2154 2142 Adae

1197 2160 1359 2190 nascimur
1390 2159 1421 2188 in
1451 2156 1606 2188 mundum
1639 2156 1816 2193 venientes,
1848 2155 1879 2185 in
1904 2164 1967 2194 qua
1989 2155 2152 2185 creatione

1196 2201 1263 2232 sola
1292 2202 1376 2231 inest
1407 2200 1604 2231 maledictio:
1635 2199 1689 2230 sed
1719 2198 1841 2229 renasci
1874 2208 1930 2227 nos
1963 2202 2097 2236 oportet
2122 2201 2152 2227 et

1199 2245 1229 2274 in
1256 2243 1432 2274 Dominum
1466 2247 1611 2273 nostrum
1643 2242 1749 2272 Iesum
1782 2240 1949 2271 Christum
1980 2239 2087 2275 inseri,
2119 2244 2153 2269 ut

1196 2287 1227 2317 in
1253 2287 1341 2317 nobis
1367 2285 1552 2316 obedientia
1576 2284 1645 2315 Deo
1668 2284 1798 2323 placens
1821 2283 2013 2313 inveniatur.
2049 2282 2091 2312 Et
2114 2281 2152 2312 de

1195 2329 1265 2360 istis
1289 2329 1454 2359 hactenus.

1279 2371 1348 2402 Iam
1374 2381 1453 2401 vero
1476 2370 1571 2410 agite,
1592 2371 1642 2399 etc.
