2551 3044
357 214 418 244 123

358 306 440 345 quod
464 303 647 340 ariolorum,
673 302 901 335 veneficorum,
926 301 1163 331 incantatorum
1190 297 1317 327 nomine

359 349 562 378 damnentur.
621 344 684 376 &cd
720 345 786 384 ipse
824 344 914 374 Deus
948 343 1138 374 sententiam
1182 339 1219 369 «le
1253 339 1317 370 illis

359 391 448 426 tulit,
483 388 558 429 quid
592 398 668 428 ergo
703 387 857 418 adversus
887 385 1062 416 Dominum
1098 381 1316 423 obgannient?

359 433 425 464 Nos
457 431 537 462 hanc
567 431 741 461 amentiam
774 430 938 460 intuentes
967 427 1125 458 discamus
1159 435 1317 455 summam

359 476 558 514 impietatem
590 484 658 504 esse
687 484 704 502 a
738 472 805 503 Deo
834 471 974 502 alienari.
1022 470 1103 500 Nam
1140 467 1317 499 istiusmodi

360 518 509 549 homines
540 526 621 546 vana
651 526 707 546 sua
736 514 860 545 somnia
890 519 923 544 et
945 512 1109 544 mendacia
1139 516 1317 550 sequentes,

360 560 450 592 Deus
491 569 548 590 suo
584 560 665 589 iusto
702 557 816 588 iudicio
851 555 967 587 deserit
1003 562 1035 586 ct
1067 554 1179 585 reiicit.
1235 552 1318 583 Nam

360 603 611 643 quotiescunque
636 600 791 631 increduli
823 600 890 630 suis
912 596 1193 638 superstitionibus
1217 595 1318 626 invol-

361 653 489 677 vuntur<
516 644 619 675 Deum
645 643 785 683 fugiunt.
809 649 838 673 ct
860 651 943 672 vana
961 640 1078 680 effugia
1099 646 1261 679 quaerunt
1280 648 1319 668 ne

361 698 467 719 coram
500 688 566 727 ipso
600 690 816 725 compareant.
870 683 942 723 Quo
976 693 1074 723 quum
1109 681 1319 720 devenerunt,

362 741 491 762 necesse
525 736 570 759 est
606 737 639 758 ut
675 737 802 758 summo
836 727 956 767 impetu
991 726 1023 756 in
1059 727 1195 755 furorem
1226 722 1318 754 illum

362 773 552 804 diabolicum
588 778 617 801 et
651 770 854 801 rebellionem
890 774 994 800 ruant.
1048 767 1111 798 Nos
1145 776 1222 797 vero
1253 765 1319 796 Deo

359 817 480 856 gratius
505 824 638 854 agamus
662 812 863 844 immortales
887 811 925 842 de
948 810 1096 842 omnibus
1119 809 1257 848 acceptis
1280 808 1319 839 ab

361 860 430 898 ipso
463 856 634 891 beneficiis,
666 863 697 886 et
728 854 919 886 nominatim
950 853 1032 893 quod
1057 864 1096 882 ex
1120 851 1319 891 superstitio·

363 911 442 931 num
465 900 592 940 gurgite
616 904 724 929 erutos
755 908 810 928 nos
841 896 880 928 ad
903 906 979 927 suae
1013 895 1093 927 lueis
1117 893 1319 934 splendorem

362 943 482 983 apertis
511 941 610 973 oculis
639 940 821 978 adduxerit,
856 940 1057 978 fructumque
1088 944 1118 968 ct
1149 936 1320 967 utilitatem

362 995 442 1026 quae
466 996 505 1016 ex
529 983 712 1015 obedientia
735 983 883 1023 provenit
905 981 944 1012 ad
968 982 1067 1022 ipsius
1091 979 1223 1010 verbum
1248 989 1322 1010 con-

363 1030 500 1059 formata
523 1027 644 1057 sentire
667 1026 815 1063 voluerit,
847 1036 886 1056 ne
917 1034 1060 1064 unquam
1084 1022 1157 1053 ullis
1180 1022 1322 1053 Satanae

363 1070 547 1111 imposturis
569 1069 778 1109 decipiamur,
802 1067 855 1099 sed
880 1067 912 1098 in
937 1067 1038 1107 ipsius
1063 1066 1174 1096 timore
1198 1065 1323 1095 sincere

362 1123 466 1153 neque
497 1112 537 1143 ad
568 1112 726 1149 dextram,
760 1121 862 1150 neque
895 1109 933 1140 ad
971 1109 1095 1140 laevam
1127 1107 1324 1139 declinantes

363 1156 521 1187 indefesso
544 1154 625 1196 pede
649 1153 860 1185 ambulemus.

445 1197 515 1229 Iam
542 1208 615 1229 vero
639 1197 732 1238 agite,
757 1199 808 1227 etc.

667 1367 811 1407 HOMI
825 1367 922 1406 LIA
946 1365 1027 1405 LV.

451 1453 502 1484 24.
525 1452 679 1492 Dixitque
704 1450 783 1483 Saul
805 1451 847 1482 ad
870 1449 1061 1482 Samuelem.-
1093 1449 1226 1486 Peccavi,
1249 1449 1325 1489 quia

358 1496 598 1537 praevaricatus
626 1504 695 1525 sum
723 1503 890 1526 sermonem
913 1493 1052 1529 Domini,
1084 1495 1109 1523 et
1141 1491 1231 1524 verba
1260 1494 1324 1530 tua,

365 1540 476 1570 timens
504 1537 667 1578 populum,
701 1540 727 1568 et
756 1536 893 1568 obediens
926 1536 990 1568 voci
1022 1545 1134 1566 eorum.
1179 1534 1229 1566 25.
1264 1534 1325 1566 Sed

364 1591 446 1613 nunc
464 1583 567 1620 porta,
585 1589 705 1619 quaeso,
714 1581 870 1619 peccatum
881 1589 989 1615 meum,
1003 1581 1029 1609 cc
1046 1580 1191 1609 revertere
1208 1587 1324 1609 mecum

363 1627 399 1655 ut
422 1623 546 1655 adorem
564 1622 744 1654 Dominum.
789 1621 840 1653 26.
872 1621 914 1652 Et
943 1622 988 1652 ait
1012 1620 1136 1652 Samuel
1166 1620 1206 1651 ad
1229 1619 1323 1651 Saul:

367 1666 437 1698 Non
458 1668 596 1696 revertar
613 1668 718 1702 tecum,
738 1665 814 1705 quia
826 1664 988 1704 proiecisti
1008 1673 1173 1695 sennonem
1185 1662 1323 1700 Domini,

366 1711 393 1740 et
410 1708 542 1748 proiecit
564 1710 590 1738 te
601 1707 758 1739 Dominus
779 1717 816 1738 ne
837 1707 884 1739 sis
905 1717 960 1738 rese
977 1716 1070 1745 super
1083 1706 1194 1737 Israel.
1218 1706 1270 1736 27.
1283 1705 1325 1736 Et

365 1760 528 1783 conversus
547 1752 592 1781 est
607 1749 731 1781 Samuel
748 1752 781 1780 ut
799 1749 911 1781 abiret:
933 1749 987 1780 ille
1008 1751 1108 1780 autem
1126 1748 1325 1787 apprelzemlit

363 1794 570 1826 summitatem
595 1792 691 1831 pallii
719 1793 794 1830 eius,
825 1802 903 1832 quae
932 1794 959 1823 et
989 1792 1087 1823 scissa
1111 1794 1161 1822 est.
1207 1791 1256 1822 28.
1282 1790 1325 1822 Et

364 1837 410 1868 ait
432 1836 474 1867 ad
502 1845 571 1866 eum
597 1834 737 1866 Samuel:
769 1834 866 1867 Sculit
890 1833 1043 1866 Dominus
1074 1843 1200 1873 reginum
1222 1833 1324 1865 Israel

365 1889 386 1910 a
408 1881 434 1910 te
456 1878 553 1915 hodie,
583 1879 609 1908 et
639 1877 769 1908 tradidit
799 1877 878 1909 illud
901 1877 1047 1916 proximo
1071 1878 1121 1906 tuo
1145 1876 1266 1907 meliori
1288 1879 1322 1907 te.

365 1921 417 1953 29.
441 1920 539 1952 Porro
562 1919 768 1959 triumphator
791 1919 939 1951 iersraFl
961 1929 1020 1951 non
1038 1921 1151 1959 parcet,
1175 1921 1200 1949 et
1217 1919 1323 1958 poeni-

366 1965 474 1995 tudine
503 1972 563 1994 mm
593 1963 743 2001 flectetur:
777 1973 868 2003 neque
897 1962 978 1994 enim
1006 1961 1094 1992 homo
1123 1964 1165 1992 est
1193 1964 1225 1992 ut
1254 1964 1324 2002 ayat

359 2006 592 2047 poenitentiam.

451 2091 514 2121 Hic
545 2091 684 2130 primum
716 2090 867 2122 docemur
895 2089 1028 2121 Saulem
1064 2089 1126 2120 acri
1162 2088 1323 2120 Samuelis

367 2133 617 2174 reprehensione
642 2132 771 2164 tandem
796 2132 978 2173 perculsum
998 2137 1030 2163 et
1042 2131 1206 2163 domitum.
1241 2131 1323 2162 Nam

368 2177 459 2207 initio
505 2175 634 2216 quidem
675 2176 931 2216 reprehensionis
975 2185 1064 2206 suam
1106 2174 1323 2205 innocentiam

367 2219 451 2250 tueri
485 2218 566 2249 velle
597 2219 686 2250 visus
715 2224 772 2257 est,
804 2224 835 2250 et
865 2218 1087 2250 excusationes
1118 2216 1234 2257 quibus
1257 2227 1325 2247 sese

368 2266 513 2292 tueretur
536 2261 568 2291 in
593 2261 735 2292 medium
759 2261 911 2301 protulit:
936 2259 990 2291 sed
1014 2259 1066 2291 ubi
1091 2258 1221 2291 Samuel
1243 2258 1326 2289 hanc

368 2304 565 2335 sententiam
600 2304 762 2341 detonuit,
796 2304 866 2335 voci
902 2303 964 2333 Dei
998 2313 1063 2333 non
1096 2302 1224 2333 obedire
1258 2312 1326 2333 csse

369 2347 458 2387 quasi
473 2351 636 2386 peccatum
657 2346 830 2378 ariolandi:
854 2351 886 2377 ct
905 2346 995 2386 quasi
1015 2344 1118 2377 scelus
1130 2344 1327 2375 idololatriae

369 2389 455 2420 nolle
485 2389 696 2428 acquiescere,
728 2390 831 2421 victus
861 2389 976 2425 tacuit,
1010 2393 1042 2419 et
1072 2397 1170 2427 quum
1203 2386 1323 2417 nullum
1352 2387 1355 2422 ἶ

369 2431 568 2463 excusationi
593 2431 696 2462 locum
721 2431 788 2462 dari
811 2431 902 2469 vidit,
922 2431 1040 2462 crimen
1061 2430 1166 2462 fassus
1185 2435 1241 2460 est.
1278 2429 1326 2460 Ex

369 2473 484 2514 quibus
515 2479 650 2513 apparet
677 2475 776 2506 solam
808 2474 983 2506 doctrinam
1015 2483 1079 2504 non
1109 2472 1254 2503 sufficere
1289 2472 1327 2503 ad

370 2601 493 2632 Paulus
527 2603 689 2641 apostolus
723 2602 855 2639 docens,
897 2601 1053 2642 quomodo
1087 2600 1247 2641 scriptura
1287 2600 1330 2631 sit

371 2643 468 2681 utilis,
491 2654 555 2674 non
582 2649 711 2676 tantum
735 2645 773 2676 ad
799 2644 988 2684 docendum,
1011 2643 1065 2675 sed
1089 2643 1187 2675 etiam
1211 2642 1249 2674 ad
1274 2653 1329 2674 ex-

1203 201 1397 236 IIOMILIA
1423 204 1492 236 LV.

1354 2447 1355 2452 ¹
1381 2431 1502 2462 buorat.

1354 2485 1355 2516 ᾗ
1381 2473 1535 2506 beneficia
1553 2473 1707 2504 oblivioni
1727 2471 1876 2504 tradens?
1916 2470 2116 2511 Populumne
2135 2470 2188 2502 ille
2208 2471 2330 2509 metuit,

369 2517 516 2548 homines
535 2515 575 2546 ad
591 2516 695 2548 Deum
716 2516 934 2548 adducendos:
955 2516 1010 2548 sed
1030 2515 1069 2547 ad
1089 2525 1159 2546 eam
1182 2519 1329 2555 oportere
1354 2526 1355 2537 ¹

370 2558 635 2599 reprehensiones
658 2564 690 2590 ot
708 2559 974 2592 comminationes
993 2558 1151 2590 accedere.
1187 2559 1234 2589 Ac
1253 2567 1329 2589 sano
1354 2575 1355 2581 κ

2265 206 2325 237 124

1375 298 1570 329 hortandum
1591 306 1621 329 et
1637 297 1934 339 reprehendendum
1949 298 2061 330 utilem
2082 309 2150 330 esse
2169 299 2326 332 admouet.

1373 341 1465 373 Unde
1489 341 1677 382 colligimus,
1703 340 1883 381 legentibus
1906 352 2026 373 sacram
2052 341 2244 381 scripturam
2264 354 2327 374 non

1374 385 1450 414 satis
1474 395 1542 415 csse
1566 385 1591 415 si
1617 383 1676 414 Dei
1709 384 1905 415 voluntatem
1938 384 2130 425 intelligant,
2161 390 2215 415 aut
2245 395 2325 425 quae

1344 465 1345 468 Ἰ
1375 426 1422 457 vel
1456 426 1514 466 ipsi
1544 427 1695 467 legerint,
1732 426 1780 458 rel
1809 437 1889 467 quae
1919 436 1956 457 cx
1989 426 2174 458 docentibus
2204 434 2233 458 et
2266 427 2325 460 Dei

1344 493 1345 515 ἶ
1375 469 1505 500 verbum
1532 469 1790 510 praedicantibus
1813 468 2002 507 audiverint,
2023 474 2131 501 mente
2149 470 2326 510 percipiant

1344 532 1345 556 ἶ
1371 518 1403 542 et
1425 512 1715 552 comprehendant:
1747 522 1867 547 verum,
1899 514 2047 552 quoniam
2080 517 2194 544 natura
2219 518 2327 544 nostra

1372 553 1457 594 ploni
1499 565 1611 585 sumus
1652 554 1829 595 hypocrisi,
1871 562 1902 585 et
1935 566 2061 595 semper
2095 566 2177 586 vana
2209 555 2326 596 effugia

1344 619 1345 630 l
1372 597 1569 637 quaerimus,
1600 602 1653 627 aut
1677 597 1772 627 ctiam
1799 597 1890 637 plane
1913 608 2023 629 sumus
2046 597 2175 638 stupidi,
2200 608 2326 630 necesse

1372 645 1419 670 est
1444 650 1502 670 nos
1525 638 1564 670 ad
1589 640 1696 669 vivum
1723 649 1821 679 usque
1844 640 1951 680 pungi.
1988 640 2095 679 Quare
2114 641 2138 671 si
2163 649 2231 681 post
2257 651 2326 681 pro-

1373 683 1509 722 positam
1543 681 1738 717 doctrinam,
1781 681 1927 713 audimus
1961 682 2114 714 adversus
2147 691 2327 723 peccatores

1372 724 1526 760 detonari,
1550 730 1581 755 et
1594 722 1656 754 Dei
1677 723 1792 755 iudicia
1811 729 1844 755 et
1865 725 2128 756 comminationes
2142 727 2172 756 in
2187 725 2327 757 medium

1373 766 1491 797 adferri
1515 766 1668 798 adversus
1690 765 1854 797 hominum
1880 773 2016 806 peccata,
2049 778 2111 798 non
2135 767 2226 799 debet
2248 768 2327 800 illud

1374 809 1466 840 nobis
1488 809 1606 840 mirum
1630 815 1661 839 et
1679 808 1823 840 insolens
1843 809 1959 840 videri:
1985 810 2238 850 quandoquidem
2259 810 2327 843 illis

1375 851 1577 883 adminiculis
1622 861 1702 892 opus
1749 851 1912 883 habemus.
1974 851 2179 892 Quapropter
2223 852 2329 886 danda

1376 893 1466 925 nobis
1495 894 1599 925 omnis
1633 904 1738 935 opera,
1771 900 1803 925 ut
1835 895 1867 924 in
1902 894 1964 925 illis
1988 895 2200 935 proficiamus.
2245 895 2328 928 Nam

1374 947 1455 977 quae
1479 937 1713 975 condemnatio,
1737 937 1869 976 qualeve
1889 937 2081 978 supplicium
2101 937 2256 970 adversus
2274 948 2329 971 eos

1375 980 1430 1020 qui
1461 978 1500 1010 ad
1525 979 1586 1010 Dei
1615 979 1881 1020 reprehensiones
1911 980 2150 1012 indurabuntur
2181 987 2329 1020 paratum

1375 1028 1439 1053 est:
1464 1032 1561 1062 quum
1586 1021 1717 1053 Saulem
1743 1021 1910 1054 videamus
1933 1022 2094 1054 hominem
2115 1022 2233 1063 alioqui
2253 1024 2330 1056 satis

1376 1071 1580 1106 arrogantem
1604 1069 1635 1096 et
1659 1065 1825 1105 profanum
1850 1072 1955 1096 tamen
1978 1065 2137 1097 Samuelis
2161 1065 2330 1106 reprehen-

1377 1108 1465 1139 sione
1488 1107 1728 1139 vehement-iore
1751 1113 1942 1138 commotum
1966 1115 1997 1139 et
2021 1107 2254 1148 quodammodo
2277 1108 2331 1140 do-

1377 1149 1513 1182 mitum?
1553 1149 1589 1182 Si
1612 1150 1639 1181 is
1663 1150 1716 1190 qui
1742 1149 1802 1181 Dei
1826 1150 1959 1190 spiritus
1991 1152 2096 1191 gratia
2120 1160 2240 1183 vacuus
2263 1157 2332 1183 erat

1377 1199 1483 1224 tamen
1509 1193 1703 1225 contremuit
1725 1198 1757 1224 et
1779 1193 1973 1232 poenitentia
1992 1199 2095 1225 tactus
2116 1198 2174 1231 est,
2197 1193 2272 1233 quid
2293 1194 2332 1226 iis

1377 1236 1523 1267 futurum
1546 1240 1596 1267 est
1618 1235 1672 1275 qui
1702 1235 1735 1266 in
1760 1235 1933 1275 pertinacia
1962 1235 2220 1276 permanserint?
2264 1236 2330 1268 Nos

1378 1279 1477 1320 igitur
1500 1279 1533 1309 in
1557 1278 1669 1318 primis
1692 1277 1768 1309 hinc
1791 1277 1958 1314 discamus.
1982 1279 2008 1309 si
2032 1284 2104 1318 post
2126 1278 2250 1319 lapsum
2275 1279 2330 1311 ad-

1378 1331 1575 1360 moneamur,
1604 1326 1636 1352 et
1666 1326 1784 1352 rectam
1817 1320 1901 1352 viam
1931 1320 2117 1360 doceamur,
2150 1328 2181 1352 et
2211 1322 2332 1354 acriore

1378 1364 1486 1404 aliqua
1508 1363 1758 1404 reprehensione
1791 1363 2002 1401 stimulemur,
2034 1369 2206 1405 nostraque
2229 1365 2331 1405 turpi-

1377 1407 1466 1444 tudo,
1490 1405 1686 1447 ingratitudo
1709 1411 1741 1437 et
1764 1405 1885 1437 malitia
1909 1405 2076 1447 detegatur
2099 1411 2131 1438 et
2153 1406 2330 1446 obiiciatur,

1378 1450 1517 1489 denique
1547 1449 1575 1481 si
1604 1449 1708 1480 acrius
1736 1453 1769 1480 et
1792 1448 2014 1480 vehementius
2044 1449 2329 1489 reprehendamur,

1377 1503 1434 1524 nos
1457 1492 1543 1532 ipsos
1565 1491 1741 1530 continere,
1764 1497 1795 1522 et
1818 1491 1850 1522 in
1873 1492 2011 1531 peccatis
2030 1501 2093 1523 non
2114 1502 2329 1532 perseverare,

1377 1535 1432 1567 sed
1463 1535 1570 1576 potius
1598 1534 1638 1565 ad
1664 1534 1780 1565 bonam
1813 1538 1952 1565 mentem
1986 1534 2112 1565 reverti.
2157 1534 2329 1566 Caeterum

1377 1578 1437 1610 etsi
1450 1576 1527 1609 Saul
1547 1581 1712 1618 peccatum
1737 1576 1889 1618 agnoscit,
1912 1587 1974 1608 non
1998 1582 2103 1608 tamen
2127 1577 2196 1608 sine
2219 1586 2332 1618 excep-

1377 1622 1478 1652 tione:
1503 1620 1628 1660 quaerit
1651 1619 1735 1650 enim
1760 1618 1865 1650 adhuc
1886 1619 2013 1660 aliquod
2032 1620 2196 1660 effugium,
2221 1619 2331 1651 dicens

1377 1674 1410 1695 se
1434 1663 1588 1695 metuisse
1610 1662 1781 1703 populum:
1804 1661 1904 1701 Quasi
1929 1661 2053 1702 culpam
2075 1672 2202 1693 omnem
2222 1662 2255 1693 in
2278 1672 2331 1694 eos

1378 1706 1527 1737 coniiciat
1556 1705 1610 1746 qui
1640 1705 1701 1736 sibi
1729 1709 1857 1736 autores
1889 1704 2013 1736 fuerant
2049 1704 2236 1736 reservandi
2265 1710 2332 1737 tam

1375 1749 1526 1790 Agagum
1540 1747 1792 1779 Amalecitarum
1812 1757 1930 1788 regem,
1949 1757 2043 1788 quam
2056 1747 2180 1788 opimas
2194 1747 2332 1788 pecudes

1376 1791 1409 1822 in
1442 1792 1588 1822 victimas
1621 1795 1651 1821 et
1684 1790 1880 1822 holocausta.
1934 1789 2019 1821 Sane
2057 1790 2161 1830 potuit
2193 1789 2331 1831 populus

1376 1844 1485 1876 regem
1509 1833 1687 1871 sollicitare,
1711 1837 1743 1863 et
1765 1832 1903 1864 suboriri
1922 1833 1954 1864 in
1973 1831 2063 1872 plebe
2076 1843 2231 1864 murmur.
2265 1832 2330 1864 Ve-

1377 1887 1449 1908 rum
1470 1882 1577 1907 tamen
1600 1876 1632 1907 in
1652 1875 1712 1907 hoc
1725 1875 1845 1906 malum
1864 1875 2033 1913 consensit,
2055 1874 2139 1915 quod
2163 1875 2331 1906 autoritate

1376 1930 1441 1960 qua
1465 1918 1591 1950 valebat
1614 1918 1700 1959 apud
1723 1917 1878 1959 populum
1900 1922 2025 1959 poterat
2054 1917 2133 1948 illud
2165 1917 2331 1958 impedire.

1377 1962 1442 1993 Sed
1466 1962 1541 2002 quid
1565 1961 1718 2002 populum
1749 1964 1907 1999 causatur,
1942 1960 1994 2001 qui
2025 1959 2094 2000 ipse
2125 1960 2242 2000 populo
2267 1959 2333 1992 dux

1377 2009 1409 2036 et
1432 2010 1524 2036 autor
1548 2004 1616 2043 fuit,
1640 2009 1672 2035 et
1695 2014 1759 2034 non
1783 2003 1919 2043 simplici
1942 2002 2048 2035 studio
2071 2003 2275 2034 victimarum
2299 2007 2332 2034 et

1379 2047 1635 2079 holocaustorum
1658 2046 1798 2087 pecudes
1816 2046 2002 2082 reservavit,
2022 2045 2077 2076 sed
2095 2055 2195 2085 pravo
2213 2045 2330 2078 affectu

1377 2090 1478 2130 spolia
1502 2090 1620 2121 referre
1645 2088 1755 2127 voluit,
1779 2094 1814 2119 ut
1837 2091 1912 2120 aute
1935 2087 2120 2119 docuimus?
2145 2087 2209 2119 Sed
2234 2087 2329 2128 agite,

1377 2143 1506 2165 causam
1532 2133 1622 2164 istius
1645 2136 1750 2163 metus
1773 2142 1835 2172 quo
1857 2142 1891 2162 se
1914 2137 2065 2171 tanquam
2090 2129 2200 2171 clypeo
2224 2137 2331 2171 tegere

1379 2176 1494 2206 nititur
1517 2175 1727 2215 inquiramus.
1761 2174 1811 2205 Ea
1833 2179 1882 2205 est
1904 2173 2084 2205 infidelitas.
2118 2174 2235 2204 Annon
2255 2183 2331 2205 vero

1380 2218 1468 2249 Deus
1500 2218 1590 2248 illum
1620 2217 1653 2248 in
1689 2227 1796 2257 regem
1831 2215 1991 2257 elegerat?
2037 2215 2075 2246 In
2109 2215 2200 2246 cuius
2234 2215 2331 2256 igitur

1352 2261 1578 2301 ¹protectione
1612 2265 1643 2291 et
1678 2259 1780 2290 tutela
1810 2258 1900 2290 erat?
1946 2258 2030 2290 Sane
2064 2257 2138 2288 dum
2174 2258 2328 2298 populum

1379 2303 1503 2341 metuit,
1532 2302 1594 2334 Dei
1624 2301 1750 2333 videtur
1779 2301 1904 2338 oblitus,
1939 2311 1957 2332 a
1980 2311 2040 2341 quo
2064 2300 2184 2340 regiam
2209 2301 2330 2332 autori-

1380 2351 1479 2376 tatem
1503 2350 1678 2385 acceperat,
1707 2349 1738 2376 et
1761 2355 1779 2376 a
1802 2353 1873 2384 quo,
1902 2343 2018 2384 populo
2041 2342 2078 2374 de
2102 2344 2169 2383 ipso
2192 2353 2256 2374 non
2279 2353 2330 2375 eo-

1380 2389 1512 2428 gitante,
1543 2398 1712 2428 prosperos
1741 2387 1774 2418 in
1797 2386 1861 2425 ,illa
1888 2386 2045 2428 dignitate
2075 2396 2240 2417 successus
2273 2385 2330 2417 ha-

1548 2430 1663 2461 Nonne
1697 2440 1773 2470 ergo
1803 2429 1850 2460 bis
1878 2439 1950 2460 reus
1980 2433 2027 2459 cst
2049 2437 2155 2460 coram
2181 2427 2260 2467 Deo,
2283 2432 2331 2460 tot

1382 2517 1470 2555 quasi
1495 2526 1558 2547 non
1582 2516 1659 2547 satis
1684 2515 1744 2546 Dei
1769 2513 1924 2555 praesidio
1946 2513 2058 2544 tutus?
2089 2513 2175 2545 Hinc
2199 2517 2331 2554 apparet

1382 2559 1499 2599 effugia
1532 2563 1748 2599 quaerentem,
1783 2556 1915 2598 prodere
1944 2566 2036 2587 suam
2066 2555 2330 2593 incredulitatem,

1382 2601 1471 2648 quasi
1497 2601 1623 2640 dicei-et,
1651 2600 1720 2631 Deo
1744 2610 1808 2632 non
1831 2609 1899 2631 sum
1923 2599 2074 2630 confisus:
2105 2598 2331 2639 promissiones

1356 2653 1357 2662 ¹
1383 2643 1483 2683 ipsius
1507 2644 1647 2685 neglexi,
1671 2643 1819 2684 quoniam
1843 2641 1881 2673 de
1903 2641 1941 2672 iis
1961 2640 2117 2672 dubitavi:
2141 2641 2210 2673 eius
2231 2639 2330 2672 tutela
