<?xml version="1.0" encoding="UTF-8"?>
<!DOCTYPE html PUBLIC "-//W3C//DTD XHTML 1.0 Transitional//EN"
    "http://www.w3.org/TR/xhtml1/DTD/xhtml1-transitional.dtd">
<html xmlns="http://www.w3.org/1999/xhtml" xml:lang="en" lang="en">
 <head>
  <title>
</title>
<meta http-equiv="Content-Type" content="text/html;charset=utf-8" />
  <meta name='ocr-system' content='tesseract 3.04.00' />
  <meta name='ocr-capabilities' content='ocr_page ocr_carea ocr_par ocr_line ocrx_word'/>
</head>
<body>
  <div class='ocr_page' id='page_1' title='image "./ioanniscalviniop30calv_0019.png"; bbox 0 0 2551 3044; ppageno 0'>
   <div class='ocr_carea' id='block_1_1' title="bbox 252 173 289 204">
    <p class='ocr_par' dir='ltr' id='par_1_1' title="bbox 252 173 289 204">
     <span class='ocr_line' id='line_1_1' title="bbox 252 173 289 204; baseline -0.054 0"><span class='ocrx_word' id='word_1_1' title='bbox 252 173 289 204; x_wconf 76' lang='lat'>17</span> 
     </span>
    </p>
   </div>
   <div class='ocr_carea' id='block_1_2' title="bbox 906 172 1566 206">
    <p class='ocr_par' dir='ltr' id='par_1_2' title="bbox 906 172 1566 206">
     <span class='ocr_line' id='line_1_2' title="bbox 906 172 1566 206; baseline 0.003 -2"><span class='ocrx_word' id='word_1_2' title='bbox 906 174 953 205; x_wconf 90' lang='lat' dir='ltr'>IN</span> <span class='ocrx_word' id='word_1_3' title='bbox 972 175 997 206; x_wconf 92' lang='lat' dir='ltr'>I.</span> <span class='ocrx_word' id='word_1_4' title='bbox 1022 173 1110 205; x_wconf 90' lang='lat' dir='ltr'>LIB.</span> <span class='ocrx_word' id='word_1_5' title='bbox 1133 172 1329 205; x_wconf 83' lang='lat' dir='ltr'>SAMUEL.</span> <span class='ocrx_word' id='word_1_6' title='bbox 1353 173 1447 205; x_wconf 88' lang='lat' dir='ltr'>CAP.</span> <span class='ocrx_word' id='word_1_7' title='bbox 1470 174 1566 206; x_wconf 88' lang='lat' dir='ltr'>XIII.</span> 
     </span>
    </p>
   </div>
   <div class='ocr_carea' id='block_1_3' title="bbox 249 267 1233 305">
    <p class='ocr_par' dir='ltr' id='par_1_3' title="bbox 249 267 1233 305">
     <span class='ocr_line' id='line_1_3' title="bbox 249 267 1233 305; baseline 0 -7"><span class='ocrx_word' id='word_1_8' title='bbox 249 279 311 299; x_wconf 85' lang='lat' dir='ltr'>nae</span> <span class='ocrx_word' id='word_1_9' title='bbox 335 267 420 298; x_wconf 82' lang='lat' dir='ltr'>laudi</span> <span class='ocrx_word' id='word_1_10' title='bbox 446 268 587 305; x_wconf 81' lang='lat' dir='ltr'>ducetur,</span> <span class='ocrx_word' id='word_1_11' title='bbox 610 267 704 298; x_wconf 89' lang='lat' dir='ltr'>rebus</span> <span class='ocrx_word' id='word_1_12' title='bbox 726 267 873 298; x_wconf 90' lang='lat' dir='ltr'>omnibus</span> <span class='ocrx_word' id='word_1_13' title='bbox 897 277 935 298; x_wconf 81' lang='lat' dir='ltr'>ex</span> <span class='ocrx_word' id='word_1_14' title='bbox 960 268 1058 298; x_wconf 89' lang='lat' dir='ltr'>animi</span> <span class='ocrx_word' id='word_1_15' title='bbox 1080 273 1206 298; x_wconf 89' lang='lat' dir='ltr'>senten·</span> <span class='ocrx_word' id='word_1_16' title='bbox 1231 282 1233 284; x_wconf 54' lang='grc'>’</span> 
     </span>
    </p>
   </div>
   <div class='ocr_carea' id='block_1_4' title="bbox 248 309 1204 554">
    <p class='ocr_par' dir='ltr' id='par_1_4' title="bbox 248 309 1204 554">
     <span class='ocr_line' id='line_1_4' title="bbox 251 309 1203 345; baseline -0.001 -4"><span class='ocrx_word' id='word_1_17' title='bbox 251 312 294 341; x_wconf 89' lang='lat' dir='ltr'>tia</span> <span class='ocrx_word' id='word_1_18' title='bbox 327 311 502 341; x_wconf 85' lang='lat' dir='ltr'>fluentibus</span> <span class='ocrx_word' id='word_1_19' title='bbox 532 315 564 341; x_wconf 87' lang='lat' dir='ltr'>et</span> <span class='ocrx_word' id='word_1_20' title='bbox 595 309 849 345; x_wconf 75' lang='lat' dir='ltr'>succedentibus,</span> <span class='ocrx_word' id='word_1_21' title='bbox 875 310 934 340; x_wconf 91' lang='lat' dir='ltr'>Dei</span> <span class='ocrx_word' id='word_1_22' title='bbox 957 311 1116 341; x_wconf 85' lang='lat' dir='ltr'>mandatis</span> <span class='ocrx_word' id='word_1_23' title='bbox 1139 320 1203 340; x_wconf 91' lang='lat' dir='ltr'>mo-</span> 
     </span>
     <span class='ocr_line' id='line_1_5' title="bbox 250 352 1204 393; baseline -0.001 -10"><span class='ocrx_word' id='word_1_24' title='bbox 250 364 315 384; x_wconf 87' lang='lat' dir='ltr'>rem</span> <span class='ocrx_word' id='word_1_25' title='bbox 347 363 466 393; x_wconf 81' lang='lat' dir='ltr'>gerere,</span> <span class='ocrx_word' id='word_1_26' title='bbox 497 352 551 384; x_wconf 85' lang='lat' dir='ltr'>sed</span> <span class='ocrx_word' id='word_1_27' title='bbox 575 362 674 392; x_wconf 91' lang='lat' dir='ltr'>quum</span> <span class='ocrx_word' id='word_1_28' title='bbox 701 352 748 382; x_wconf 86' lang='lat' dir='ltr'>vis</span> <span class='ocrx_word' id='word_1_29' title='bbox 773 352 927 391; x_wconf 87' lang='lat' dir='ltr'>quaedam</span> <span class='ocrx_word' id='word_1_30' title='bbox 952 354 1054 383; x_wconf 86' lang='lat' dir='ltr'>maior</span> <span class='ocrx_word' id='word_1_31' title='bbox 1076 352 1204 390; x_wconf 84' lang='lat' dir='ltr'>accedit,</span> 
     </span>
     <span class='ocr_line' id='line_1_6' title="bbox 251 395 1204 433; baseline -0.001 -7"><span class='ocrx_word' id='word_1_32' title='bbox 251 402 317 426; x_wconf 86' lang='lat' dir='ltr'>tum</span> <span class='ocrx_word' id='word_1_33' title='bbox 342 395 507 427; x_wconf 80' lang='lat' dir='ltr'>coercendi</span> <span class='ocrx_word' id='word_1_34' title='bbox 531 400 606 425; x_wconf 89' lang='lat' dir='ltr'>sunt</span> <span class='ocrx_word' id='word_1_35' title='bbox 629 405 740 425; x_wconf 86' lang='lat' dir='ltr'>sensus</span> <span class='ocrx_word' id='word_1_36' title='bbox 765 396 863 425; x_wconf 87' lang='lat' dir='ltr'>nostri</span> <span class='ocrx_word' id='word_1_37' title='bbox 888 404 1008 433; x_wconf 87' lang='lat' dir='ltr'>omnes,</span> <span class='ocrx_word' id='word_1_38' title='bbox 1039 403 1067 425; x_wconf 92' lang='lat' dir='ltr'>et</span> <span class='ocrx_word' id='word_1_39' title='bbox 1091 395 1204 426; x_wconf 83' lang='lat' dir='ltr'>adver-</span> 
     </span>
     <span class='ocr_line' id='line_1_7' title="bbox 249 437 1203 477; baseline -0.001 -8"><span class='ocrx_word' id='word_1_40' title='bbox 249 449 318 470; x_wconf 90' lang='lat' dir='ltr'>sum</span> <span class='ocrx_word' id='word_1_41' title='bbox 340 448 395 469; x_wconf 88' lang='lat' dir='ltr'>uos</span> <span class='ocrx_word' id='word_1_42' title='bbox 414 439 497 477; x_wconf 88' lang='lat' dir='ltr'>ipsos</span> <span class='ocrx_word' id='word_1_43' title='bbox 516 437 723 477; x_wconf 86' lang='lat' dir='ltr'>pugnandum</span> <span class='ocrx_word' id='word_1_44' title='bbox 743 444 799 472; x_wconf 79' lang='lat' dir='ltr'>est.</span> <span class='ocrx_word' id='word_1_45' title='bbox 824 444 855 467; x_wconf 87' lang='lat' dir='ltr'>et</span> <span class='ocrx_word' id='word_1_46' title='bbox 874 439 1008 469; x_wconf 79' lang='lat' dir='ltr'>affectus</span> <span class='ocrx_word' id='word_1_47' title='bbox 1027 437 1203 473; x_wconf 81' lang='lat' dir='ltr'>cohibendi,</span> 
     </span>
     <span class='ocr_line' id='line_1_8' title="bbox 249 479 1202 515; baseline -0.002 -3"><span class='ocrx_word' id='word_1_48' title='bbox 249 486 285 512; x_wconf 92' lang='lat' dir='ltr'>ut</span> <span class='ocrx_word' id='word_1_49' title='bbox 318 482 384 511; x_wconf 91' lang='lat' dir='ltr'>Deo</span> <span class='ocrx_word' id='word_1_50' title='bbox 414 490 506 510; x_wconf 90' lang='lat' dir='ltr'>suum</span> <span class='ocrx_word' id='word_1_51' title='bbox 538 479 691 509; x_wconf 85' lang='lat' dir='ltr'>honorem</span> <span class='ocrx_word' id='word_1_52' title='bbox 723 479 902 515; x_wconf 51' lang='lat' dir='ltr'>reddamus</span> <span class='ocrx_word' id='word_1_53' title='bbox 934 481 1056 511; x_wconf 85' lang='lat' dir='ltr'>sincere</span> <span class='ocrx_word' id='word_1_54' title='bbox 1086 480 1202 510; x_wconf 89' lang='lat' dir='ltr'>nihilo-</span> 
     </span>
     <span class='ocr_line' id='line_1_9' title="bbox 248 522 902 554; baseline -0.005 0"><span class='ocrx_word' id='word_1_55' title='bbox 248 524 355 554; x_wconf 88' lang='lat' dir='ltr'>minus</span> <span class='ocrx_word' id='word_1_56' title='bbox 385 533 457 553; x_wconf 89' lang='lat' dir='ltr'>eum</span> <span class='ocrx_word' id='word_1_57' title='bbox 486 522 626 553; x_wconf 84' lang='lat' dir='ltr'>colentes</span> <span class='ocrx_word' id='word_1_58' title='bbox 649 528 681 552; x_wconf 86' lang='lat' dir='ltr'>et</span> <span class='ocrx_word' id='word_1_59' title='bbox 705 528 902 553; x_wconf 60' lang='lat' dir='ltr'>venerantes.</span> 
     </span>
    </p>
   </div>
   <div class='ocr_carea' id='block_1_5' title="bbox 244 607 1201 860">
    <p class='ocr_par' dir='ltr' id='par_1_5' title="bbox 244 607 1201 860">
     <span class='ocr_line' id='line_1_10' title="bbox 247 607 1201 647; baseline 0 -9"><span class='ocrx_word' id='word_1_60' title='bbox 247 614 278 638; x_wconf 86' lang='lat' dir='ltr'>et</span> <span class='ocrx_word' id='word_1_61' title='bbox 302 607 533 638; x_wconf 84' lang='lat' dir='ltr'>tentationibus</span> <span class='ocrx_word' id='word_1_62' title='bbox 556 608 768 638; x_wconf 81' lang='lat' dir='ltr'>constantiam</span> <span class='ocrx_word' id='word_1_63' title='bbox 794 609 977 645; x_wconf 78' lang='lat' dir='ltr'>retinemus,</span> <span class='ocrx_word' id='word_1_64' title='bbox 1001 614 1033 638; x_wconf 88' lang='lat' dir='ltr'>et</span> <span class='ocrx_word' id='word_1_65' title='bbox 1055 618 1143 647; x_wconf 85' lang='lat' dir='ltr'>spem</span> <span class='ocrx_word' id='word_1_66' title='bbox 1168 608 1201 638; x_wconf 89' lang='lat' dir='ltr'>in</span> 
     </span>
     <span class='ocr_line' id='line_1_11' title="bbox 247 650 1201 689; baseline 0 -9"><span class='ocrx_word' id='word_1_67' title='bbox 247 660 347 681; x_wconf 91' lang='lat' dir='ltr'>unum</span> <span class='ocrx_word' id='word_1_68' title='bbox 379 650 484 680; x_wconf 89' lang='lat' dir='ltr'>Deum</span> <span class='ocrx_word' id='word_1_69' title='bbox 515 650 686 680; x_wconf 86' lang='lat' dir='ltr'>reiicimus.</span> <span class='ocrx_word' id='word_1_70' title='bbox 731 650 808 680; x_wconf 71' lang='lat' dir='ltr'>Saul</span> <span class='ocrx_word' id='word_1_71' title='bbox 840 650 939 689; x_wconf 83' lang='lat' dir='ltr'>igitur</span> <span class='ocrx_word' id='word_1_72' title='bbox 962 650 1046 680; x_wconf 81' lang='lat' dir='ltr'>oni&#39;ui</span> <span class='ocrx_word' id='word_1_73' title='bbox 1071 660 1201 681; x_wconf 79' lang='lat' dir='ltr'>excusa·</span> 
     </span>
     <span class='ocr_line' id='line_1_12' title="bbox 246 691 1200 732; baseline 0 -9"><span class='ocrx_word' id='word_1_74' title='bbox 246 693 332 723; x_wconf 88' lang='lat' dir='ltr'>tione</span> <span class='ocrx_word' id='word_1_75' title='bbox 363 698 457 723; x_wconf 90' lang='lat' dir='ltr'>caret.</span> <span class='ocrx_word' id='word_1_76' title='bbox 503 691 612 730; x_wconf 80' lang='lat' dir='ltr'>Quare</span> <span class='ocrx_word' id='word_1_77' title='bbox 635 692 792 723; x_wconf 85' lang='lat' dir='ltr'>discamus</span> <span class='ocrx_word' id='word_1_78' title='bbox 816 692 846 722; x_wconf 92' lang='lat' dir='ltr'>in</span> <span class='ocrx_word' id='word_1_79' title='bbox 872 703 988 732; x_wconf 77' lang='lat' dir='ltr'>genere</span> <span class='ocrx_word' id='word_1_80' title='bbox 1013 693 1071 723; x_wconf 91' lang='lat' dir='ltr'>hoc</span> <span class='ocrx_word' id='word_1_81' title='bbox 1094 703 1200 723; x_wconf 86' lang='lat' dir='ltr'>exem-</span> 
     </span>
     <span class='ocr_line' id='line_1_13' title="bbox 245 734 1199 775; baseline 0 -10"><span class='ocrx_word' id='word_1_82' title='bbox 245 735 298 775; x_wconf 92' lang='lat' dir='ltr'>plo</span> <span class='ocrx_word' id='word_1_83' title='bbox 320 745 441 774; x_wconf 82' lang='lat' dir='ltr'>sapere,</span> <span class='ocrx_word' id='word_1_84' title='bbox 466 740 497 765; x_wconf 91' lang='lat' dir='ltr'>et</span> <span class='ocrx_word' id='word_1_85' title='bbox 520 735 553 765; x_wconf 92' lang='lat' dir='ltr'>in</span> <span class='ocrx_word' id='word_1_86' title='bbox 573 745 672 765; x_wconf 90' lang='lat' dir='ltr'>unum</span> <span class='ocrx_word' id='word_1_87' title='bbox 692 734 797 765; x_wconf 90' lang='lat' dir='ltr'>Deum</span> <span class='ocrx_word' id='word_1_88' title='bbox 817 735 948 774; x_wconf 88' lang='lat' dir='ltr'>eiusque</span> <span class='ocrx_word' id='word_1_89' title='bbox 967 735 1199 775; x_wconf 87' lang='lat' dir='ltr'>providentiam</span> 
     </span>
     <span class='ocr_line' id='line_1_14' title="bbox 245 777 1201 817; baseline 0.001 -10"><span class='ocrx_word' id='word_1_90' title='bbox 245 779 290 808; x_wconf 88' lang='lat' dir='ltr'>ita</span> <span class='ocrx_word' id='word_1_91' title='bbox 324 779 517 813; x_wconf 81' lang='lat' dir='ltr'>recumbere,</span> <span class='ocrx_word' id='word_1_92' title='bbox 551 782 586 807; x_wconf 91' lang='lat' dir='ltr'>ut</span> <span class='ocrx_word' id='word_1_93' title='bbox 616 777 683 816; x_wconf 89' lang='lat' dir='ltr'>ipse</span> <span class='ocrx_word' id='word_1_94' title='bbox 712 777 804 808; x_wconf 85' lang='lat' dir='ltr'>nobis</span> <span class='ocrx_word' id='word_1_95' title='bbox 832 777 944 817; x_wconf 80' lang='lat' dir='ltr'>legem,</span> <span class='ocrx_word' id='word_1_96' title='bbox 981 788 1044 808; x_wconf 86' lang='lat' dir='ltr'>non</span> <span class='ocrx_word' id='word_1_97' title='bbox 1075 778 1121 808; x_wconf 92' lang='lat' dir='ltr'>illi</span> <span class='ocrx_word' id='word_1_98' title='bbox 1144 788 1201 808; x_wconf 88' lang='lat' dir='ltr'>nos</span> 
     </span>
     <span class='ocr_line' id='line_1_15' title="bbox 244 819 1201 860; baseline 0 -9"><span class='ocrx_word' id='word_1_99' title='bbox 244 821 464 860; x_wconf 83' lang='lat' dir='ltr'>imponamus:</span> <span class='ocrx_word' id='word_1_100' title='bbox 496 829 598 859; x_wconf 90' lang='lat' dir='ltr'>neque</span> <span class='ocrx_word' id='word_1_101' title='bbox 626 819 663 849; x_wconf 86' lang='lat' dir='ltr'>ad</span> <span class='ocrx_word' id='word_1_102' title='bbox 696 819 781 851; x_wconf 91' lang='lat' dir='ltr'>hunc</span> <span class='ocrx_word' id='word_1_103' title='bbox 805 820 853 850; x_wconf 91' lang='lat' dir='ltr'>vel</span> <span class='ocrx_word' id='word_1_104' title='bbox 878 819 970 850; x_wconf 90' lang='lat' dir='ltr'>illum</span> <span class='ocrx_word' id='word_1_105' title='bbox 994 820 1076 851; x_wconf 90' lang='lat' dir='ltr'>diem</span> <span class='ocrx_word' id='word_1_106' title='bbox 1101 821 1201 860; x_wconf 90' lang='lat' dir='ltr'>ipsius</span> 
     </span>
    </p>
   </div>
   <div class='ocr_carea' id='block_1_6' title="bbox 248 523 1230 605">
    <p class='ocr_par' dir='ltr' id='par_1_6' title="bbox 248 523 1230 605">
     <span class='ocr_line' id='line_1_16' title="bbox 949 523 1230 562; baseline 0 -9"><span class='ocrx_word' id='word_1_107' title='bbox 949 525 1055 562; x_wconf 89' lang='lat' dir='ltr'>Atque</span> <span class='ocrx_word' id='word_1_108' title='bbox 1078 523 1132 553; x_wconf 88' lang='lat' dir='ltr'>illa</span> <span class='ocrx_word' id='word_1_109' title='bbox 1154 527 1203 553; x_wconf 89' lang='lat' dir='ltr'>est</span> <span class='ocrx_word' id='word_1_110' title='bbox 1228 550 1230 556; x_wconf 69' lang='grc'><strong>,</strong></span> 
     </span>
     <span class='ocr_line' id='line_1_17' title="bbox 248 564 1229 605; baseline 0.001 -10"><span class='ocrx_word' id='word_1_111' title='bbox 248 566 320 596; x_wconf 88' lang='lat' dir='ltr'>fidei</span> <span class='ocrx_word' id='word_1_112' title='bbox 346 571 475 595; x_wconf 83' lang='lat' dir='ltr'>nostrae</span> <span class='ocrx_word' id='word_1_113' title='bbox 497 564 684 604; x_wconf 81' lang='lat' dir='ltr'>exploratio,</span> <span class='ocrx_word' id='word_1_114' title='bbox 708 575 805 604; x_wconf 89' lang='lat' dir='ltr'>quum</span> <span class='ocrx_word' id='word_1_115' title='bbox 830 565 861 594; x_wconf 90' lang='lat' dir='ltr'>in</span> <span class='ocrx_word' id='word_1_116' title='bbox 882 566 1034 595; x_wconf 79' lang='lat' dir='ltr'>maximis</span> <span class='ocrx_word' id='word_1_117' title='bbox 1052 565 1202 605; x_wconf 87' lang='lat' dir='ltr'>periculis</span> <span class='ocrx_word' id='word_1_118' title='bbox 1228 578 1229 597; x_wconf 61' lang='lat' dir='ltr'>l</span> 
     </span>
    </p>
   </div>
   <div class='ocr_carea' id='block_1_7' title="bbox 244 861 1227 903">
    <p class='ocr_par' dir='ltr' id='par_1_7' title="bbox 244 861 1227 903">
     <span class='ocr_line' id='line_1_18' title="bbox 244 861 1227 903; baseline 0.001 -9"><span class='ocrx_word' id='word_1_119' title='bbox 244 873 334 903; x_wconf 88' lang='lat' dir='ltr'>opem</span> <span class='ocrx_word' id='word_1_120' title='bbox 367 862 549 902; x_wconf 84' lang='lat' dir='ltr'>alligemus:</span> <span class='ocrx_word' id='word_1_121' title='bbox 579 861 634 892; x_wconf 88' lang='lat' dir='ltr'>sed</span> <span class='ocrx_word' id='word_1_122' title='bbox 662 862 790 893; x_wconf 89' lang='lat' dir='ltr'>fidelem</span> <span class='ocrx_word' id='word_1_123' title='bbox 819 873 888 893; x_wconf 88' lang='lat' dir='ltr'>esse</span> <span class='ocrx_word' id='word_1_124' title='bbox 918 862 1023 893; x_wconf 91' lang='lat' dir='ltr'>Deum</span> <span class='ocrx_word' id='word_1_125' title='bbox 1048 863 1200 903; x_wconf 82' lang='lat' dir='ltr'>persuasi,</span> <span class='ocrx_word' id='word_1_126' title='bbox 1226 879 1227 896; x_wconf 65' lang='lat'>2</span> 
     </span>
    </p>
   </div>
   <div class='ocr_carea' id='block_1_8' title="bbox 243 904 1200 1286">
    <p class='ocr_par' dir='ltr' id='par_1_8' title="bbox 243 904 1200 1286">
     <span class='ocr_line' id='line_1_19' title="bbox 244 904 1200 945; baseline 0 -9"><span class='ocrx_word' id='word_1_127' title='bbox 244 906 289 936; x_wconf 92' lang='lat' dir='ltr'>illi</span> <span class='ocrx_word' id='word_1_128' title='bbox 305 906 559 945; x_wconf 85' lang='lat' dir='ltr'>acquiescamus:</span> <span class='ocrx_word' id='word_1_129' title='bbox 584 910 680 944; x_wconf 89' lang='lat' dir='ltr'>atque</span> <span class='ocrx_word' id='word_1_130' title='bbox 702 904 804 942; x_wconf 85' lang='lat' dir='ltr'>illum,</span> <span class='ocrx_word' id='word_1_131' title='bbox 828 905 900 936; x_wconf 88' lang='lat' dir='ltr'>licet</span> <span class='ocrx_word' id='word_1_132' title='bbox 924 911 1034 935; x_wconf 88' lang='lat' dir='ltr'>nostra</span> <span class='ocrx_word' id='word_1_133' title='bbox 1052 905 1200 945; x_wconf 91' lang='lat' dir='ltr'>opinione</span> 
     </span>
     <span class='ocr_line' id='line_1_20' title="bbox 245 947 1198 986; baseline -0.001 -7"><span class='ocrx_word' id='word_1_134' title='bbox 245 948 367 979; x_wconf 85' lang='lat' dir='ltr'>tardius</span> <span class='ocrx_word' id='word_1_135' title='bbox 390 948 550 983; x_wconf 87' lang='lat' dir='ltr'>adveniat,</span> <span class='ocrx_word' id='word_1_136' title='bbox 575 954 698 978; x_wconf 90' lang='lat' dir='ltr'>mature</span> <span class='ocrx_word' id='word_1_137' title='bbox 721 957 848 986; x_wconf 85' lang='lat' dir='ltr'>semper</span> <span class='ocrx_word' id='word_1_138' title='bbox 870 947 1054 978; x_wconf 89' lang='lat' dir='ltr'>adfuturum</span> <span class='ocrx_word' id='word_1_139' title='bbox 1079 959 1119 978; x_wconf 92' lang='lat' dir='ltr'>ne</span> <span class='ocrx_word' id='word_1_140' title='bbox 1142 948 1198 978; x_wconf 93' lang='lat' dir='ltr'>du-</span> 
     </span>
     <span class='ocr_line' id='line_1_21' title="bbox 245 989 1199 1029; baseline 0 -8"><span class='ocrx_word' id='word_1_141' title='bbox 245 991 393 1021; x_wconf 88' lang='lat' dir='ltr'>bitemus.</span> <span class='ocrx_word' id='word_1_142' title='bbox 440 990 552 1029; x_wconf 86' lang='lat' dir='ltr'>Neque</span> <span class='ocrx_word' id='word_1_143' title='bbox 581 991 666 1020; x_wconf 90' lang='lat' dir='ltr'>enim</span> <span class='ocrx_word' id='word_1_144' title='bbox 697 989 792 1020; x_wconf 88' lang='lat' dir='ltr'>rebus</span> <span class='ocrx_word' id='word_1_145' title='bbox 821 990 936 1021; x_wconf 87' lang='lat' dir='ltr'>creatis</span> <span class='ocrx_word' id='word_1_146' title='bbox 958 996 990 1020; x_wconf 92' lang='lat' dir='ltr'>et</span> <span class='ocrx_word' id='word_1_147' title='bbox 1012 991 1199 1021; x_wconf 83' lang='lat' dir='ltr'>mortalibus</span> 
     </span>
     <span class='ocr_line' id='line_1_22' title="bbox 245 1032 1198 1073; baseline -0.001 -9"><span class='ocrx_word' id='word_1_148' title='bbox 245 1033 359 1064; x_wconf 90' lang='lat' dir='ltr'>similis</span> <span class='ocrx_word' id='word_1_149' title='bbox 391 1039 437 1063; x_wconf 87' lang='lat' dir='ltr'>est</span> <span class='ocrx_word' id='word_1_150' title='bbox 468 1032 567 1067; x_wconf 82' lang='lat' dir='ltr'>Deus,</span> <span class='ocrx_word' id='word_1_151' title='bbox 598 1033 712 1071; x_wconf 88' lang='lat' dir='ltr'>quibus</span> <span class='ocrx_word' id='word_1_152' title='bbox 741 1032 878 1063; x_wconf 86' lang='lat' dir='ltr'>effluunt</span> <span class='ocrx_word' id='word_1_153' title='bbox 900 1033 1088 1069; x_wconf 82' lang='lat' dir='ltr'>occasiones,</span> <span class='ocrx_word' id='word_1_154' title='bbox 1120 1043 1198 1073; x_wconf 90' lang='lat' dir='ltr'>quas</span> 
     </span>
     <span class='ocr_line' id='line_1_23' title="bbox 245 1075 1197 1114; baseline 0 -8"><span class='ocrx_word' id='word_1_155' title='bbox 245 1077 392 1114; x_wconf 82' lang='lat' dir='ltr'>deinceps</span> <span class='ocrx_word' id='word_1_156' title='bbox 423 1080 583 1114; x_wconf 89' lang='lat' dir='ltr'>nequeunt</span> <span class='ocrx_word' id='word_1_157' title='bbox 613 1084 818 1114; x_wconf 90' lang='lat' dir='ltr'>recuperare:</span> <span class='ocrx_word' id='word_1_158' title='bbox 847 1075 901 1106; x_wconf 85' lang='lat' dir='ltr'>sed</span> <span class='ocrx_word' id='word_1_159' title='bbox 924 1075 994 1106; x_wconf 91' lang='lat' dir='ltr'>Deo</span> <span class='ocrx_word' id='word_1_160' title='bbox 1018 1086 1095 1106; x_wconf 90' lang='lat' dir='ltr'>suae</span> <span class='ocrx_word' id='word_1_161' title='bbox 1117 1086 1197 1107; x_wconf 90' lang='lat' dir='ltr'>sem-</span> 
     </span>
     <span class='ocr_line' id='line_1_24' title="bbox 243 1117 1198 1159; baseline -0.001 -10"><span class='ocrx_word' id='word_1_162' title='bbox 243 1130 301 1159; x_wconf 86' lang='lat' dir='ltr'>per</span> <span class='ocrx_word' id='word_1_163' title='bbox 331 1124 480 1149; x_wconf 83' lang='lat' dir='ltr'>constant</span> <span class='ocrx_word' id='word_1_164' title='bbox 511 1118 651 1148; x_wconf 88' lang='lat' dir='ltr'>rationes</span> <span class='ocrx_word' id='word_1_165' title='bbox 682 1117 841 1148; x_wconf 85' lang='lat' dir='ltr'>efficiendi</span> <span class='ocrx_word' id='word_1_166' title='bbox 870 1117 953 1157; x_wconf 91' lang='lat' dir='ltr'>quod</span> <span class='ocrx_word' id='word_1_167' title='bbox 983 1117 1133 1154; x_wconf 86' lang='lat' dir='ltr'>decrevit,</span> <span class='ocrx_word' id='word_1_168' title='bbox 1168 1124 1198 1149; x_wconf 88' lang='lat' dir='ltr'>et</span> 
     </span>
     <span class='ocr_line' id='line_1_25' title="bbox 243 1160 1198 1201; baseline 0 -9"><span class='ocrx_word' id='word_1_169' title='bbox 243 1161 325 1201; x_wconf 88' lang='lat' dir='ltr'>quod</span> <span class='ocrx_word' id='word_1_170' title='bbox 360 1161 398 1191; x_wconf 86' lang='lat' dir='ltr'>ab</span> <span class='ocrx_word' id='word_1_171' title='bbox 432 1160 487 1190; x_wconf 91' lang='lat' dir='ltr'>illo</span> <span class='ocrx_word' id='word_1_172' title='bbox 520 1170 685 1199; x_wconf 86' lang='lat' dir='ltr'>speramus</span> <span class='ocrx_word' id='word_1_173' title='bbox 719 1161 819 1199; x_wconf 88' lang='lat' dir='ltr'>ipsius</span> <span class='ocrx_word' id='word_1_174' title='bbox 853 1160 950 1191; x_wconf 91' lang='lat' dir='ltr'>verbo</span> <span class='ocrx_word' id='word_1_175' title='bbox 984 1161 1065 1191; x_wconf 88' lang='lat' dir='ltr'>freti.</span> <span class='ocrx_word' id='word_1_176' title='bbox 1111 1160 1198 1192; x_wconf 82' lang='lat' dir='ltr'>Sane</span> 
     </span>
     <span class='ocr_line' id='line_1_26' title="bbox 243 1202 1197 1243; baseline 0 -9"><span class='ocrx_word' id='word_1_177' title='bbox 243 1203 336 1234; x_wconf 91' lang='lat' dir='ltr'>multi</span> <span class='ocrx_word' id='word_1_178' title='bbox 367 1208 498 1242; x_wconf 86' lang='lat' dir='ltr'>peccant</span> <span class='ocrx_word' id='word_1_179' title='bbox 529 1202 580 1232; x_wconf 89' lang='lat' dir='ltr'>hic</span> <span class='ocrx_word' id='word_1_180' title='bbox 611 1203 811 1241; x_wconf 77' lang='lat' dir='ltr'>impatientia</span> <span class='ocrx_word' id='word_1_181' title='bbox 840 1208 871 1233; x_wconf 87' lang='lat' dir='ltr'>et</span> <span class='ocrx_word' id='word_1_182' title='bbox 901 1213 1017 1234; x_wconf 90' lang='lat' dir='ltr'>errore.</span> <span class='ocrx_word' id='word_1_183' title='bbox 1062 1203 1197 1243; x_wconf 84' lang='lat' dir='ltr'>Conspi-</span> 
     </span>
     <span class='ocr_line' id='line_1_27' title="bbox 243 1244 1197 1286; baseline 0 -9"><span class='ocrx_word' id='word_1_184' title='bbox 243 1255 338 1277; x_wconf 91' lang='lat' dir='ltr'>cuum</span> <span class='ocrx_word' id='word_1_185' title='bbox 368 1245 399 1276; x_wconf 89' lang='lat' dir='ltr'>id</span> <span class='ocrx_word' id='word_1_186' title='bbox 432 1246 468 1276; x_wconf 89' lang='lat' dir='ltr'>fit</span> <span class='ocrx_word' id='word_1_187' title='bbox 500 1245 600 1275; x_wconf 80' lang='lat' dir='ltr'>Sarae</span> <span class='ocrx_word' id='word_1_188' title='bbox 629 1244 776 1284; x_wconf 81' lang='lat' dir='ltr'>exemplo</span> <span class='ocrx_word' id='word_1_189' title='bbox 799 1247 911 1276; x_wconf 86' lang='lat' dir='ltr'>matris</span> <span class='ocrx_word' id='word_1_190' title='bbox 935 1245 1084 1282; x_wconf 86' lang='lat' dir='ltr'>fidelium,</span> <span class='ocrx_word' id='word_1_191' title='bbox 1116 1256 1197 1286; x_wconf 84' lang='lat' dir='ltr'>quae</span> 
     </span>
    </p>
   </div>
   <div class='ocr_carea' id='block_1_9' title="bbox 243 1287 1223 1328">
    <p class='ocr_par' dir='ltr' id='par_1_9' title="bbox 243 1287 1223 1328">
     <span class='ocr_line' id='line_1_28' title="bbox 243 1287 1223 1328; baseline 0 -9"><span class='ocrx_word' id='word_1_192' title='bbox 243 1289 349 1319; x_wconf 87' lang='lat' dir='ltr'>virum</span> <span class='ocrx_word' id='word_1_193' title='bbox 383 1288 480 1318; x_wconf 90' lang='lat' dir='ltr'>etiam</span> <span class='ocrx_word' id='word_1_194' title='bbox 511 1298 604 1318; x_wconf 89' lang='lat' dir='ltr'>suum</span> <span class='ocrx_word' id='word_1_195' title='bbox 627 1287 849 1318; x_wconf 90' lang='lat' dir='ltr'>Abrahamum</span> <span class='ocrx_word' id='word_1_196' title='bbox 874 1289 905 1318; x_wconf 88' lang='lat' dir='ltr'>in</span> <span class='ocrx_word' id='word_1_197' title='bbox 929 1289 1067 1319; x_wconf 86' lang='lat' dir='ltr'>eundem</span> <span class='ocrx_word' id='word_1_198' title='bbox 1089 1299 1196 1320; x_wconf 88' lang='lat' dir='ltr'>secum</span> <span class='ocrx_word' id='word_1_199' title='bbox 1222 1320 1223 1328; x_wconf 15' lang='grc' dir='ltr'>ἵ</span> 
     </span>
    </p>
   </div>
   <div class='ocr_carea' id='block_1_10' title="bbox 240 1329 1197 1583">
    <p class='ocr_par' dir='ltr' id='par_1_10' title="bbox 240 1329 1197 1583">
     <span class='ocr_line' id='line_1_29' title="bbox 242 1329 1197 1371; baseline 0 -9"><span class='ocrx_word' id='word_1_200' title='bbox 242 1341 382 1362; x_wconf 88' lang='lat' dir='ltr'>errorem</span> <span class='ocrx_word' id='word_1_201' title='bbox 425 1329 565 1360; x_wconf 81' lang='lat' dir='ltr'>induxit.</span> <span class='ocrx_word' id='word_1_202' title='bbox 610 1330 754 1369; x_wconf 87' lang='lat' dir='ltr'>Namque</span> <span class='ocrx_word' id='word_1_203' title='bbox 791 1330 996 1362; x_wconf 84' lang='lat' dir='ltr'>Abrahamus</span> <span class='ocrx_word' id='word_1_204' title='bbox 1034 1337 1197 1371; x_wconf 88' lang='lat' dir='ltr'>acceperat</span> 
     </span>
     <span class='ocr_line' id='line_1_30' title="bbox 242 1373 1195 1414; baseline 0 -10"><span class='ocrx_word' id='word_1_205' title='bbox 242 1374 486 1414; x_wconf 86' lang='lat' dir='ltr'>promissionem</span> <span class='ocrx_word' id='word_1_206' title='bbox 522 1373 649 1403; x_wconf 86' lang='lat' dir='ltr'>futurae</span> <span class='ocrx_word' id='word_1_207' title='bbox 686 1373 889 1412; x_wconf 84' lang='lat' dir='ltr'>posteritatis.</span> <span class='ocrx_word' id='word_1_208' title='bbox 936 1373 999 1404; x_wconf 80' lang='lat' dir='ltr'>Sed</span> <span class='ocrx_word' id='word_1_209' title='bbox 1030 1374 1091 1404; x_wconf 90' lang='lat' dir='ltr'>iam</span> <span class='ocrx_word' id='word_1_210' title='bbox 1123 1384 1195 1414; x_wconf 88' lang='lat' dir='ltr'>pro—</span> 
     </span>
     <span class='ocr_line' id='line_1_31' title="bbox 242 1415 1194 1448; baseline 0.001 -1"><span class='ocrx_word' id='word_1_211' title='bbox 242 1416 392 1448; x_wconf 86' lang='lat' dir='ltr'>vectioris</span> <span class='ocrx_word' id='word_1_212' title='bbox 422 1416 536 1446; x_wconf 85' lang='lat' dir='ltr'>aetatis</span> <span class='ocrx_word' id='word_1_213' title='bbox 559 1420 642 1446; x_wconf 91' lang='lat' dir='ltr'>erat:</span> <span class='ocrx_word' id='word_1_214' title='bbox 677 1422 708 1446; x_wconf 91' lang='lat' dir='ltr'>et</span> <span class='ocrx_word' id='word_1_215' title='bbox 732 1415 813 1446; x_wconf 80' lang='lat' dir='ltr'>Sara</span> <span class='ocrx_word' id='word_1_216' title='bbox 835 1416 952 1446; x_wconf 89' lang='lat' dir='ltr'>sterilis</span> <span class='ocrx_word' id='word_1_217' title='bbox 975 1422 1006 1446; x_wconf 89' lang='lat' dir='ltr'>et</span> <span class='ocrx_word' id='word_1_218' title='bbox 1029 1421 1121 1447; x_wconf 82' lang='lat' dir='ltr'>extra</span> <span class='ocrx_word' id='word_1_219' title='bbox 1143 1427 1194 1448; x_wconf 92' lang='lat' dir='ltr'>ae-</span> 
     </span>
     <span class='ocr_line' id='line_1_32' title="bbox 240 1458 1195 1498; baseline 0 -8"><span class='ocrx_word' id='word_1_220' title='bbox 240 1464 338 1490; x_wconf 87' lang='lat' dir='ltr'>tatem</span> <span class='ocrx_word' id='word_1_221' title='bbox 370 1468 450 1498; x_wconf 89' lang='lat' dir='ltr'>quae</span> <span class='ocrx_word' id='word_1_222' title='bbox 480 1464 587 1498; x_wconf 88' lang='lat' dir='ltr'>posset</span> <span class='ocrx_word' id='word_1_223' title='bbox 618 1459 792 1497; x_wconf 85' lang='lat' dir='ltr'>concipere.</span> <span class='ocrx_word' id='word_1_224' title='bbox 837 1458 960 1489; x_wconf 85' lang='lat' dir='ltr'>Verum</span> <span class='ocrx_word' id='word_1_225' title='bbox 991 1465 1096 1490; x_wconf 87' lang='lat' dir='ltr'>tamen</span> <span class='ocrx_word' id='word_1_226' title='bbox 1127 1460 1195 1490; x_wconf 88' lang='lat' dir='ltr'>sine</span> 
     </span>
     <span class='ocr_line' id='line_1_33' title="bbox 241 1500 1194 1542; baseline 0 -10"><span class='ocrx_word' id='word_1_227' title='bbox 241 1502 329 1542; x_wconf 89' lang='lat' dir='ltr'>prole</span> <span class='ocrx_word' id='word_1_228' title='bbox 353 1501 440 1531; x_wconf 88' lang='lat' dir='ltr'>nulla</span> <span class='ocrx_word' id='word_1_229' title='bbox 459 1501 537 1539; x_wconf 88' lang='lat' dir='ltr'>ipsis</span> <span class='ocrx_word' id='word_1_230' title='bbox 557 1511 630 1540; x_wconf 90' lang='lat' dir='ltr'>spes</span> <span class='ocrx_word' id='word_1_231' title='bbox 648 1500 760 1531; x_wconf 88' lang='lat' dir='ltr'>salutis</span> <span class='ocrx_word' id='word_1_232' title='bbox 779 1506 934 1540; x_wconf 84' lang='lat' dir='ltr'>superest.</span> <span class='ocrx_word' id='word_1_233' title='bbox 979 1501 1090 1541; x_wconf 89' lang='lat' dir='ltr'>Neque</span> <span class='ocrx_word' id='word_1_234' title='bbox 1109 1503 1194 1532; x_wconf 90' lang='lat' dir='ltr'>enim</span> 
     </span>
     <span class='ocr_line' id='line_1_34' title="bbox 241 1542 1192 1583; baseline 0.001 -9"><span class='ocrx_word' id='word_1_235' title='bbox 241 1549 367 1574; x_wconf 86' lang='lat' dir='ltr'>tantum</span> <span class='ocrx_word' id='word_1_236' title='bbox 391 1543 508 1574; x_wconf 82' lang='lat' dir='ltr'>liberos</span> <span class='ocrx_word' id='word_1_237' title='bbox 532 1543 569 1573; x_wconf 90' lang='lat' dir='ltr'>ad</span> <span class='ocrx_word' id='word_1_238' title='bbox 596 1542 820 1583; x_wconf 89' lang='lat' dir='ltr'>possidendum</span> <span class='ocrx_word' id='word_1_239' title='bbox 841 1549 958 1574; x_wconf 89' lang='lat' dir='ltr'>terram</span> <span class='ocrx_word' id='word_1_240' title='bbox 978 1554 1072 1583; x_wconf 90' lang='lat' dir='ltr'>quam</span> <span class='ocrx_word' id='word_1_241' title='bbox 1091 1554 1109 1574; x_wconf 88' lang='lat' dir='ltr'>a</span> <span class='ocrx_word' id='word_1_242' title='bbox 1129 1545 1192 1575; x_wconf 94' lang='lat' dir='ltr'>Do-</span> 
     </span>
    </p>
   </div>
   <div class='ocr_carea' id='block_1_11' title="bbox 240 1586 1192 1625">
    <p class='ocr_par' dir='ltr' id='par_1_11' title="bbox 240 1586 1192 1625">
     <span class='ocr_line' id='line_1_35' title="bbox 240 1586 1192 1625; baseline 0 -8"><span class='ocrx_word' id='word_1_243' title='bbox 240 1587 328 1617; x_wconf 90' lang='lat' dir='ltr'>mino</span> <span class='ocrx_word' id='word_1_244' title='bbox 351 1592 539 1625; x_wconf 84' lang='lat' dir='ltr'>acceperant</span> <span class='ocrx_word' id='word_1_245' title='bbox 562 1586 596 1616; x_wconf 91' lang='lat' dir='ltr'>in</span> <span class='ocrx_word' id='word_1_246' title='bbox 620 1586 847 1616; x_wconf 89' lang='lat' dir='ltr'>haereditatem</span> <span class='ocrx_word' id='word_1_247' title='bbox 871 1587 1115 1625; x_wconf 81' lang='lat' dir='ltr'>exspectabant:</span> <span class='ocrx_word' id='word_1_248' title='bbox 1139 1587 1192 1618; x_wconf 89' lang='lat' dir='ltr'>sed</span> 
     </span>
    </p>
   </div>
   <div class='ocr_carea' id='block_1_12' title="bbox 240 1628 1220 1668">
    <p class='ocr_par' dir='ltr' id='par_1_12' title="bbox 240 1628 1220 1668">
     <span class='ocr_line' id='line_1_36' title="bbox 240 1628 1220 1668; baseline 0.002 -8"><span class='ocrx_word' id='word_1_249' title='bbox 240 1635 388 1660; x_wconf 86' lang='lat' dir='ltr'>sanctum</span> <span class='ocrx_word' id='word_1_250' title='bbox 411 1639 447 1660; x_wconf 90' lang='lat' dir='ltr'>ac</span> <span class='ocrx_word' id='word_1_251' title='bbox 468 1628 671 1659; x_wconf 85' lang='lat' dir='ltr'>benedictum</span> <span class='ocrx_word' id='word_1_252' title='bbox 695 1639 802 1659; x_wconf 90' lang='lat' dir='ltr'>semen</span> <span class='ocrx_word' id='word_1_253' title='bbox 828 1639 866 1659; x_wconf 81' lang='lat' dir='ltr'>ex</span> <span class='ocrx_word' id='word_1_254' title='bbox 891 1639 951 1668; x_wconf 92' lang='lat' dir='ltr'>quo</span> <span class='ocrx_word' id='word_1_255' title='bbox 975 1629 1125 1660; x_wconf 85' lang='lat' dir='ltr'>Christus</span> <span class='ocrx_word' id='word_1_256' title='bbox 1144 1640 1192 1661; x_wconf 87' lang='lat' dir='ltr'>sa·</span> <span class='ocrx_word' id='word_1_257' title='bbox 1219 1660 1220 1663; x_wconf 73' lang='grc'>,</span> 
     </span>
    </p>
   </div>
   <div class='ocr_carea' id='block_1_13' title="bbox 240 1671 1194 1712">
    <p class='ocr_par' dir='ltr' id='par_1_13' title="bbox 240 1671 1194 1712">
     <span class='ocr_line' id='line_1_37' title="bbox 240 1671 1194 1712; baseline 0.001 -10"><span class='ocrx_word' id='word_1_258' title='bbox 240 1672 290 1703; x_wconf 89' lang='lat' dir='ltr'>lus</span> <span class='ocrx_word' id='word_1_259' title='bbox 315 1672 411 1702; x_wconf 89' lang='lat' dir='ltr'>totius</span> <span class='ocrx_word' id='word_1_260' title='bbox 434 1671 545 1701; x_wconf 90' lang='lat' dir='ltr'>mundi</span> <span class='ocrx_word' id='word_1_261' title='bbox 568 1671 722 1702; x_wconf 89' lang='lat' dir='ltr'>oriundus</span> <span class='ocrx_word' id='word_1_262' title='bbox 741 1671 941 1710; x_wconf 81' lang='lat' dir='ltr'>expetebant.</span> <span class='ocrx_word' id='word_1_263' title='bbox 988 1671 1069 1703; x_wconf 81' lang='lat' dir='ltr'>Sara</span> <span class='ocrx_word' id='word_1_264' title='bbox 1087 1672 1194 1712; x_wconf 90' lang='lat' dir='ltr'>itaque</span> 
     </span>
    </p>
   </div>
   <div class='ocr_carea' id='block_1_14' title="bbox 240 1713 1221 1755">
    <p class='ocr_par' dir='ltr' id='par_1_14' title="bbox 240 1713 1221 1755">
     <span class='ocr_line' id='line_1_38' title="bbox 240 1713 1221 1755; baseline 0.001 -10"><span class='ocrx_word' id='word_1_265' title='bbox 240 1715 292 1746; x_wconf 93' lang='lat' dir='ltr'>hic</span> <span class='ocrx_word' id='word_1_266' title='bbox 330 1714 481 1744; x_wconf 82' lang='lat' dir='ltr'>maximis</span> <span class='ocrx_word' id='word_1_267' title='bbox 515 1713 756 1744; x_wconf 84' lang='lat' dir='ltr'>difficultatibus</span> <span class='ocrx_word' id='word_1_268' title='bbox 787 1720 937 1745; x_wconf 87' lang='lat' dir='ltr'>arctatur.</span> <span class='ocrx_word' id='word_1_269' title='bbox 976 1715 1221 1755; x_wconf 84' lang='lat' dir='ltr'>rationemque¹</span> 
     </span>
    </p>
   </div>
   <div class='ocr_carea' id='block_1_15' title="bbox 236 1756 1192 2522">
    <p class='ocr_par' dir='ltr' id='par_1_15' title="bbox 236 1756 1192 2522">
     <span class='ocr_line' id='line_1_39' title="bbox 239 1756 1191 1796; baseline 0 -8"><span class='ocrx_word' id='word_1_270' title='bbox 239 1768 279 1788; x_wconf 82' lang='lat' dir='ltr'>ex</span> <span class='ocrx_word' id='word_1_271' title='bbox 316 1757 515 1796; x_wconf 80' lang='lat' dir='ltr'>impatientia</span> <span class='ocrx_word' id='word_1_272' title='bbox 553 1757 613 1787; x_wconf 90' lang='lat' dir='ltr'>Dei</span> <span class='ocrx_word' id='word_1_273' title='bbox 643 1756 742 1787; x_wconf 85' lang='lat' dir='ltr'>verbo</span> <span class='ocrx_word' id='word_1_274' title='bbox 773 1757 967 1787; x_wconf 82' lang='lat' dir='ltr'>contrariam</span> <span class='ocrx_word' id='word_1_275' title='bbox 996 1757 1065 1788; x_wconf 88' lang='lat' dir='ltr'>init.</span> <span class='ocrx_word' id='word_1_276' title='bbox 1110 1758 1191 1788; x_wconf 89' lang='lat' dir='ltr'>Nam</span> 
     </span>
     <span class='ocr_line' id='line_1_40' title="bbox 239 1799 1192 1840; baseline -0.001 -9"><span class='ocrx_word' id='word_1_277' title='bbox 239 1800 424 1831; x_wconf 88' lang='lat' dir='ltr'>Abrahamo</span> <span class='ocrx_word' id='word_1_278' title='bbox 453 1803 563 1830; x_wconf 90' lang='lat' dir='ltr'>contra</span> <span class='ocrx_word' id='word_1_279' title='bbox 594 1799 653 1830; x_wconf 90' lang='lat' dir='ltr'>Dei</span> <span class='ocrx_word' id='word_1_280' title='bbox 683 1799 786 1839; x_wconf 84' lang='lat' dir='ltr'>legem</span> <span class='ocrx_word' id='word_1_281' title='bbox 818 1799 910 1830; x_wconf 86' lang='lat' dir='ltr'>aliam</span> <span class='ocrx_word' id='word_1_282' title='bbox 942 1809 1085 1838; x_wconf 84' lang='lat' dir='ltr'>uxorem,</span> <span class='ocrx_word' id='word_1_283' title='bbox 1115 1806 1192 1840; x_wconf 89' lang='lat' dir='ltr'>puta</span> 
     </span>
     <span class='ocr_line' id='line_1_41' title="bbox 237 1842 1192 1881; baseline 0.001 -8"><span class='ocrx_word' id='word_1_284' title='bbox 237 1842 386 1873; x_wconf 85' lang='lat' dir='ltr'>ancillam</span> <span class='ocrx_word' id='word_1_285' title='bbox 417 1842 620 1872; x_wconf 88' lang='lat' dir='ltr'>matrimonio</span> <span class='ocrx_word' id='word_1_286' title='bbox 648 1842 769 1881; x_wconf 80' lang='lat' dir='ltr'>iungit:</span> <span class='ocrx_word' id='word_1_287' title='bbox 799 1848 831 1872; x_wconf 90' lang='lat' dir='ltr'>et</span> <span class='ocrx_word' id='word_1_288' title='bbox 860 1842 904 1872; x_wconf 86' lang='lat' dir='ltr'>ita</span> <span class='ocrx_word' id='word_1_289' title='bbox 935 1842 1030 1872; x_wconf 87' lang='lat' dir='ltr'>efficit</span> <span class='ocrx_word' id='word_1_290' title='bbox 1053 1848 1087 1872; x_wconf 88' lang='lat' dir='ltr'>ut</span> <span class='ocrx_word' id='word_1_291' title='bbox 1109 1843 1192 1874; x_wconf 91' lang='lat' dir='ltr'>ordi-</span> 
     </span>
     <span class='ocr_line' id='line_1_42' title="bbox 237 1884 1190 1925; baseline 0.001 -10"><span class='ocrx_word' id='word_1_292' title='bbox 237 1896 308 1916; x_wconf 91' lang='lat' dir='ltr'>nem</span> <span class='ocrx_word' id='word_1_293' title='bbox 347 1895 441 1924; x_wconf 89' lang='lat' dir='ltr'>quem</span> <span class='ocrx_word' id='word_1_294' title='bbox 476 1885 644 1924; x_wconf 85' lang='lat' dir='ltr'>oportebat</span> <span class='ocrx_word' id='word_1_295' title='bbox 678 1894 746 1915; x_wconf 87' lang='lat' dir='ltr'>esse</span> <span class='ocrx_word' id='word_1_296' title='bbox 780 1884 994 1914; x_wconf 86' lang='lat' dir='ltr'>inviolabilem</span> <span class='ocrx_word' id='word_1_297' title='bbox 1029 1890 1190 1925; x_wconf 76' lang='lat' dir='ltr'>transgre-</span> 
     </span>
     <span class='ocr_line' id='line_1_43' title="bbox 238 1926 1192 1967; baseline 0 -9"><span class='ocrx_word' id='word_1_298' title='bbox 238 1927 353 1958; x_wconf 85' lang='lat' dir='ltr'>diatur.</span> <span class='ocrx_word' id='word_1_299' title='bbox 399 1926 464 1958; x_wconf 75' lang='lat' dir='ltr'>Sed</span> <span class='ocrx_word' id='word_1_300' title='bbox 505 1926 580 1966; x_wconf 89' lang='lat' dir='ltr'>quid</span> <span class='ocrx_word' id='word_1_301' title='bbox 620 1927 695 1957; x_wconf 90' lang='lat' dir='ltr'>inde</span> <span class='ocrx_word' id='word_1_302' title='bbox 736 1926 864 1957; x_wconf 88' lang='lat' dir='ltr'>tandem</span> <span class='ocrx_word' id='word_1_303' title='bbox 901 1926 1024 1957; x_wconf 83' lang='lat' dir='ltr'>oritur?</span> <span class='ocrx_word' id='word_1_304' title='bbox 1070 1927 1192 1967; x_wconf 88' lang='lat' dir='ltr'>Nempe</span> 
     </span>
     <span class='ocr_line' id='line_1_44' title="bbox 237 1969 1192 2009; baseline 0.001 -9"><span class='ocrx_word' id='word_1_305' title='bbox 237 1969 455 2001; x_wconf 86' lang='lat' dir='ltr'>adulterinum</span> <span class='ocrx_word' id='word_1_306' title='bbox 493 1980 600 2000; x_wconf 88' lang='lat' dir='ltr'>semen</span> <span class='ocrx_word' id='word_1_307' title='bbox 639 1979 701 2009; x_wconf 92' lang='lat' dir='ltr'>quo</span> <span class='ocrx_word' id='word_1_308' title='bbox 736 1976 799 1998; x_wconf 86' lang='lat' dir='ltr'>tota</span> <span class='ocrx_word' id='word_1_309' title='bbox 834 1969 952 2000; x_wconf 87' lang='lat' dir='ltr'>familia</span> <span class='ocrx_word' id='word_1_310' title='bbox 985 1971 1192 2009; x_wconf 87' lang='lat' dir='ltr'>perturbatur</span> 
     </span>
     <span class='ocr_line' id='line_1_45' title="bbox 238 2011 1191 2051; baseline 0 -8"><span class='ocrx_word' id='word_1_311' title='bbox 238 2012 431 2044; x_wconf 86' lang='lat' dir='ltr'>Abrahami:</span> <span class='ocrx_word' id='word_1_312' title='bbox 463 2011 540 2042; x_wconf 89' lang='lat' dir='ltr'>adeo</span> <span class='ocrx_word' id='word_1_313' title='bbox 564 2019 598 2042; x_wconf 89' lang='lat' dir='ltr'>ut</span> <span class='ocrx_word' id='word_1_314' title='bbox 622 2012 688 2051; x_wconf 89' lang='lat' dir='ltr'>ipse</span> <span class='ocrx_word' id='word_1_315' title='bbox 712 2018 843 2051; x_wconf 73' lang='lat' dir='ltr'>cogatur</span> <span class='ocrx_word' id='word_1_316' title='bbox 867 2012 966 2042; x_wconf 86' lang='lat' dir='ltr'>veluti</span> <span class='ocrx_word' id='word_1_317' title='bbox 990 2022 1046 2042; x_wconf 88' lang='lat' dir='ltr'>sua</span> <span class='ocrx_word' id='word_1_318' title='bbox 1069 2013 1191 2044; x_wconf 88' lang='lat' dir='ltr'>viscera</span> 
     </span>
     <span class='ocr_line' id='line_1_46' title="bbox 237 2054 1190 2095; baseline 0 -9"><span class='ocrx_word' id='word_1_319' title='bbox 237 2056 399 2095; x_wconf 87' lang='lat' dir='ltr'>proiicere.</span> <span class='ocrx_word' id='word_1_320' title='bbox 435 2054 518 2094; x_wconf 89' lang='lat' dir='ltr'>quod</span> <span class='ocrx_word' id='word_1_321' title='bbox 552 2055 684 2085; x_wconf 89' lang='lat' dir='ltr'>nimium</span> <span class='ocrx_word' id='word_1_322' title='bbox 721 2064 869 2094; x_wconf 86' lang='lat' dir='ltr'>praeceps</span> <span class='ocrx_word' id='word_1_323' title='bbox 903 2055 1029 2085; x_wconf 86' lang='lat' dir='ltr'>fuisset:</span> <span class='ocrx_word' id='word_1_324' title='bbox 1068 2061 1100 2086; x_wconf 89' lang='lat' dir='ltr'>et</span> <span class='ocrx_word' id='word_1_325' title='bbox 1133 2056 1190 2086; x_wconf 87' lang='lat' dir='ltr'>tali</span> 
     </span>
     <span class='ocr_line' id='line_1_47' title="bbox 237 2097 1190 2137; baseline 0.001 -9"><span class='ocrx_word' id='word_1_326' title='bbox 237 2107 337 2137; x_wconf 89' lang='lat' dir='ltr'>poena</span> <span class='ocrx_word' id='word_1_327' title='bbox 369 2107 432 2128; x_wconf 90' lang='lat' dir='ltr'>non</span> <span class='ocrx_word' id='word_1_328' title='bbox 463 2103 547 2128; x_wconf 89' lang='lat' dir='ltr'>esset</span> <span class='ocrx_word' id='word_1_329' title='bbox 570 2097 732 2136; x_wconf 63' lang='lat' dir='ltr'>indignus,</span> <span class='ocrx_word' id='word_1_330' title='bbox 767 2097 849 2136; x_wconf 84' lang='lat' dir='ltr'>quod</span> <span class='ocrx_word' id='word_1_331' title='bbox 874 2098 905 2127; x_wconf 90' lang='lat' dir='ltr'>in</span> <span class='ocrx_word' id='word_1_332' title='bbox 928 2097 998 2127; x_wconf 89' lang='lat' dir='ltr'>Deo</span> <span class='ocrx_word' id='word_1_333' title='bbox 1021 2108 1083 2128; x_wconf 90' lang='lat' dir='ltr'>non</span> <span class='ocrx_word' id='word_1_334' title='bbox 1107 2104 1190 2129; x_wconf 90' lang='lat' dir='ltr'>totus</span> 
     </span>
     <span class='ocr_line' id='line_1_48' title="bbox 236 2139 1188 2180; baseline 0.001 -10"><span class='ocrx_word' id='word_1_335' title='bbox 236 2140 457 2180; x_wconf 85' lang='lat' dir='ltr'>acquievisset.</span> <span class='ocrx_word' id='word_1_336' title='bbox 502 2139 592 2170; x_wconf 91' lang='lat' dir='ltr'>Idem</span> <span class='ocrx_word' id='word_1_337' title='bbox 635 2139 733 2171; x_wconf 82' lang='lat' dir='ltr'>Sarae</span> <span class='ocrx_word' id='word_1_338' title='bbox 772 2140 887 2178; x_wconf 87' lang='lat' dir='ltr'>lapsus,</span> <span class='ocrx_word' id='word_1_339' title='bbox 934 2150 1015 2179; x_wconf 92' lang='lat' dir='ltr'>quae</span> <span class='ocrx_word' id='word_1_340' title='bbox 1054 2141 1188 2171; x_wconf 89' lang='lat' dir='ltr'>nimium</span> 
     </span>
     <span class='ocr_line' id='line_1_49' title="bbox 236 2182 1189 2222; baseline 0.002 -10"><span class='ocrx_word' id='word_1_341' title='bbox 236 2192 389 2222; x_wconf 86' lang='lat' dir='ltr'>praeceps</span> <span class='ocrx_word' id='word_1_342' title='bbox 428 2182 488 2213; x_wconf 89' lang='lat' dir='ltr'>Dei</span> <span class='ocrx_word' id='word_1_343' title='bbox 524 2182 660 2222; x_wconf 82' lang='lat' dir='ltr'>gratiam</span> <span class='ocrx_word' id='word_1_344' title='bbox 694 2183 868 2221; x_wconf 85' lang='lat' dir='ltr'>praevenit,</span> <span class='ocrx_word' id='word_1_345' title='bbox 912 2192 975 2213; x_wconf 89' lang='lat' dir='ltr'>non</span> <span class='ocrx_word' id='word_1_346' title='bbox 1009 2189 1189 2222; x_wconf 84' lang='lat' dir='ltr'>exspectato</span> 
     </span>
     <span class='ocr_line' id='line_1_50' title="bbox 237 2224 1189 2266; baseline 0.002 -11"><span class='ocrx_word' id='word_1_347' title='bbox 237 2230 381 2264; x_wconf 88' lang='lat' dir='ltr'>tempore</span> <span class='ocrx_word' id='word_1_348' title='bbox 407 2224 491 2264; x_wconf 89' lang='lat' dir='ltr'>quod</span> <span class='ocrx_word' id='word_1_349' title='bbox 522 2225 610 2255; x_wconf 87' lang='lat' dir='ltr'>Deus</span> <span class='ocrx_word' id='word_1_350' title='bbox 639 2225 709 2264; x_wconf 89' lang='lat' dir='ltr'>ipse</span> <span class='ocrx_word' id='word_1_351' title='bbox 732 2225 933 2264; x_wconf 80' lang='lat' dir='ltr'>praefixerat.</span> <span class='ocrx_word' id='word_1_352' title='bbox 977 2225 1049 2256; x_wconf 90' lang='lat' dir='ltr'>Non</span> <span class='ocrx_word' id='word_1_353' title='bbox 1073 2236 1189 2266; x_wconf 86' lang='lat' dir='ltr'>cogno-</span> 
     </span>
     <span class='ocr_line' id='line_1_51' title="bbox 237 2267 1190 2306; baseline 0.003 -9"><span class='ocrx_word' id='word_1_354' title='bbox 237 2272 355 2297; x_wconf 85' lang='lat' dir='ltr'>verunt</span> <span class='ocrx_word' id='word_1_355' title='bbox 379 2268 484 2298; x_wconf 90' lang='lat' dir='ltr'>Deum</span> <span class='ocrx_word' id='word_1_356' title='bbox 508 2268 552 2297; x_wconf 88' lang='lat' dir='ltr'>ita</span> <span class='ocrx_word' id='word_1_357' title='bbox 575 2267 688 2297; x_wconf 90' lang='lat' dir='ltr'>dubios</span> <span class='ocrx_word' id='word_1_358' title='bbox 711 2267 781 2298; x_wconf 92' lang='lat' dir='ltr'>illos</span> <span class='ocrx_word' id='word_1_359' title='bbox 804 2273 919 2306; x_wconf 81' lang='lat' dir='ltr'>tenere,</span> <span class='ocrx_word' id='word_1_360' title='bbox 941 2272 978 2298; x_wconf 91' lang='lat' dir='ltr'>ut</span> <span class='ocrx_word' id='word_1_361' title='bbox 1000 2267 1063 2299; x_wconf 86' lang='lat' dir='ltr'>fide</span> <span class='ocrx_word' id='word_1_362' title='bbox 1086 2269 1190 2300; x_wconf 85' lang='lat' dir='ltr'>obiee-</span> 
     </span>
     <span class='ocr_line' id='line_1_52' title="bbox 237 2309 1188 2350; baseline 0.003 -11"><span class='ocrx_word' id='word_1_363' title='bbox 237 2315 305 2340; x_wconf 83' lang='lat' dir='ltr'>tum</span> <span class='ocrx_word' id='word_1_364' title='bbox 334 2309 430 2340; x_wconf 88' lang='lat' dir='ltr'>illud:</span> <span class='ocrx_word' id='word_1_365' title='bbox 460 2309 548 2348; x_wconf 83' lang='lat' dir='ltr'>Quid</span> <span class='ocrx_word' id='word_1_366' title='bbox 571 2310 660 2340; x_wconf 91' lang='lat' dir='ltr'>nobis</span> <span class='ocrx_word' id='word_1_367' title='bbox 684 2310 809 2340; x_wconf 88' lang='lat' dir='ltr'>miseris</span> <span class='ocrx_word' id='word_1_368' title='bbox 832 2311 885 2340; x_wconf 89' lang='lat' dir='ltr'>fiet</span> <span class='ocrx_word' id='word_1_369' title='bbox 907 2310 975 2341; x_wconf 87' lang='lat' dir='ltr'>sine</span> <span class='ocrx_word' id='word_1_370' title='bbox 997 2311 1106 2350; x_wconf 84' lang='lat' dir='ltr'>prole?</span> <span class='ocrx_word' id='word_1_371' title='bbox 1136 2323 1188 2342; x_wconf 86' lang='lat' dir='ltr'>su-</span> 
     </span>
     <span class='ocr_line' id='line_1_53' title="bbox 236 2352 1187 2394; baseline 0.002 -12"><span class='ocrx_word' id='word_1_372' title='bbox 236 2357 399 2392; x_wconf 88' lang='lat' dir='ltr'>perarent.</span> <span class='ocrx_word' id='word_1_373' title='bbox 450 2352 548 2382; x_wconf 88' lang='lat' dir='ltr'>Nulla</span> <span class='ocrx_word' id='word_1_374' title='bbox 577 2352 795 2391; x_wconf 87' lang='lat' dir='ltr'>promissionis</span> <span class='ocrx_word' id='word_1_375' title='bbox 825 2352 910 2384; x_wconf 89' lang='lat' dir='ltr'>illius</span> <span class='ocrx_word' id='word_1_376' title='bbox 939 2362 1012 2392; x_wconf 85' lang='lat' dir='ltr'>spes</span> <span class='ocrx_word' id='word_1_377' title='bbox 1048 2359 1187 2394; x_wconf 86' lang='lat' dir='ltr'>apparet.</span> 
     </span>
     <span class='ocr_line' id='line_1_54' title="bbox 237 2394 1189 2435; baseline 0.002 -10"><span class='ocrx_word' id='word_1_378' title='bbox 237 2394 336 2434; x_wconf 88' lang='lat' dir='ltr'>Atqui</span> <span class='ocrx_word' id='word_1_379' title='bbox 360 2394 462 2425; x_wconf 90' lang='lat' dir='ltr'>maius</span> <span class='ocrx_word' id='word_1_380' title='bbox 486 2394 610 2434; x_wconf 86' lang='lat' dir='ltr'>pondus</span> <span class='ocrx_word' id='word_1_381' title='bbox 633 2394 716 2434; x_wconf 89' lang='lat' dir='ltr'>apud</span> <span class='ocrx_word' id='word_1_382' title='bbox 739 2395 811 2425; x_wconf 87' lang='lat' dir='ltr'>illos</span> <span class='ocrx_word' id='word_1_383' title='bbox 833 2396 971 2435; x_wconf 86' lang='lat' dir='ltr'>oportuit</span> <span class='ocrx_word' id='word_1_384' title='bbox 990 2395 1108 2427; x_wconf 87' lang='lat' dir='ltr'>habere</span> <span class='ocrx_word' id='word_1_385' title='bbox 1129 2397 1189 2427; x_wconf 90' lang='lat' dir='ltr'>Dei</span> 
     </span>
     <span class='ocr_line' id='line_1_55' title="bbox 237 2437 1189 2476; baseline 0.003 -9"><span class='ocrx_word' id='word_1_386' title='bbox 237 2437 380 2473; x_wconf 84' lang='lat' dir='ltr'>verbum,</span> <span class='ocrx_word' id='word_1_387' title='bbox 411 2447 446 2467; x_wconf 86' lang='lat' dir='ltr'>ac</span> <span class='ocrx_word' id='word_1_388' title='bbox 476 2437 535 2467; x_wconf 90' lang='lat' dir='ltr'>sibi</span> <span class='ocrx_word' id='word_1_389' title='bbox 566 2437 764 2476; x_wconf 85' lang='lat' dir='ltr'>persuadere,</span> <span class='ocrx_word' id='word_1_390' title='bbox 795 2437 866 2468; x_wconf 86' lang='lat' dir='ltr'>licet</span> <span class='ocrx_word' id='word_1_391' title='bbox 895 2438 1018 2469; x_wconf 88' lang='lat' dir='ltr'>coelum</span> <span class='ocrx_word' id='word_1_392' title='bbox 1048 2445 1080 2469; x_wconf 91' lang='lat' dir='ltr'>et</span> <span class='ocrx_word' id='word_1_393' title='bbox 1102 2444 1189 2470; x_wconf 87' lang='lat' dir='ltr'>terra</span> 
     </span>
     <span class='ocr_line' id='line_1_56' title="bbox 237 2479 1188 2522; baseline 0.003 -12"><span class='ocrx_word' id='word_1_394' title='bbox 237 2490 310 2510; x_wconf 91' lang='lat' dir='ltr'>cum</span> <span class='ocrx_word' id='word_1_395' title='bbox 334 2479 482 2510; x_wconf 89' lang='lat' dir='ltr'>omnibus</span> <span class='ocrx_word' id='word_1_396' title='bbox 501 2479 666 2510; x_wconf 88' lang='lat' dir='ltr'>elementis</span> <span class='ocrx_word' id='word_1_397' title='bbox 685 2479 837 2511; x_wconf 89' lang='lat' dir='ltr'>adversus</span> <span class='ocrx_word' id='word_1_398' title='bbox 856 2481 940 2520; x_wconf 87' lang='lat' dir='ltr'>ipsos</span> <span class='ocrx_word' id='word_1_399' title='bbox 957 2482 1188 2522; x_wconf 84' lang='lat' dir='ltr'>conspirarent,</span> 
     </span>
    </p>
   </div>
   <div class='ocr_carea' id='block_1_16' title="bbox 237 2521 1215 2564">
    <p class='ocr_par' dir='ltr' id='par_1_16' title="bbox 237 2521 1215 2564">
     <span class='ocr_line' id='line_1_57' title="bbox 237 2521 1215 2564; baseline 0.003 -12"><span class='ocrx_word' id='word_1_400' title='bbox 237 2522 446 2553; x_wconf 87' lang='lat' dir='ltr'>nihilominus</span> <span class='ocrx_word' id='word_1_401' title='bbox 469 2528 575 2553; x_wconf 89' lang='lat' dir='ltr'>tamen</span> <span class='ocrx_word' id='word_1_402' title='bbox 601 2521 707 2552; x_wconf 88' lang='lat' dir='ltr'>Deum</span> <span class='ocrx_word' id='word_1_403' title='bbox 731 2532 805 2554; x_wconf 86' lang='lat' dir='ltr'>suas</span> <span class='ocrx_word' id='word_1_404' title='bbox 828 2523 1054 2562; x_wconf 88' lang='lat' dir='ltr'>promissiones</span> <span class='ocrx_word' id='word_1_405' title='bbox 1076 2525 1189 2564; x_wconf 85' lang='lat' dir='ltr'>imple·</span> <span class='ocrx_word' id='word_1_406' title='bbox 1214 2546 1215 2555; x_wconf 46' lang='lat' dir='ltr'>i</span> 
     </span>
    </p>
   </div>
   <div class='ocr_carea' id='block_1_17' title="bbox 236 2565 1190 2647">
    <p class='ocr_par' dir='ltr' id='par_1_17' title="bbox 236 2565 1190 2647">
     <span class='ocr_line' id='line_1_58' title="bbox 236 2565 1188 2604; baseline 0.003 -8"><span class='ocrx_word' id='word_1_407' title='bbox 236 2570 354 2596; x_wconf 86' lang='lat' dir='ltr'>turum.</span> <span class='ocrx_word' id='word_1_408' title='bbox 400 2565 491 2603; x_wconf 80' lang='lat' dir='ltr'>Quae</span> <span class='ocrx_word' id='word_1_409' title='bbox 514 2575 612 2604; x_wconf 90' lang='lat' dir='ltr'>quum</span> <span class='ocrx_word' id='word_1_410' title='bbox 635 2565 679 2595; x_wconf 89' lang='lat' dir='ltr'>ita</span> <span class='ocrx_word' id='word_1_411' title='bbox 701 2565 775 2604; x_wconf 81' lang='lat' dir='ltr'>sint,</span> <span class='ocrx_word' id='word_1_412' title='bbox 806 2565 899 2596; x_wconf 93' lang='lat' dir='ltr'>hodie</span> <span class='ocrx_word' id='word_1_413' title='bbox 921 2565 1012 2597; x_wconf 90' lang='lat' dir='ltr'>nobis</span> <span class='ocrx_word' id='word_1_414' title='bbox 1034 2577 1071 2598; x_wconf 88' lang='lat' dir='ltr'>ea</span> <span class='ocrx_word' id='word_1_415' title='bbox 1094 2567 1188 2599; x_wconf 90' lang='lat' dir='ltr'>docu—</span> 
     </span>
     <span class='ocr_line' id='line_1_59' title="bbox 236 2607 1190 2647; baseline 0.003 -9"><span class='ocrx_word' id='word_1_416' title='bbox 236 2613 344 2639; x_wconf 91' lang='lat' dir='ltr'>mento</span> <span class='ocrx_word' id='word_1_417' title='bbox 375 2618 444 2638; x_wconf 86' lang='lat' dir='ltr'>esse</span> <span class='ocrx_word' id='word_1_418' title='bbox 473 2612 607 2647; x_wconf 86' lang='lat' dir='ltr'>oportet,</span> <span class='ocrx_word' id='word_1_419' title='bbox 638 2612 667 2637; x_wconf 91' lang='lat' dir='ltr'>et</span> <span class='ocrx_word' id='word_1_420' title='bbox 696 2618 735 2638; x_wconf 80' lang='lat' dir='ltr'>ex</span> <span class='ocrx_word' id='word_1_421' title='bbox 764 2607 828 2639; x_wconf 90' lang='lat' dir='ltr'>illis</span> <span class='ocrx_word' id='word_1_422' title='bbox 850 2609 882 2639; x_wconf 90' lang='lat' dir='ltr'>in</span> <span class='ocrx_word' id='word_1_423' title='bbox 905 2608 969 2640; x_wconf 91' lang='lat' dir='ltr'>Dei</span> <span class='ocrx_word' id='word_1_424' title='bbox 991 2609 1099 2640; x_wconf 85' lang='lat' dir='ltr'>schola</span> <span class='ocrx_word' id='word_1_425' title='bbox 1120 2615 1190 2641; x_wconf 86' lang='lat' dir='ltr'>tan-</span> 
     </span>
    </p>
   </div>
   <div class='ocr_carea' id='block_1_18' title="bbox 310 2658 739 2691">
    <p class='ocr_par' dir='ltr' id='par_1_18' title="bbox 310 2658 739 2691">
     <span class='ocr_line' id='line_1_60' title="bbox 310 2658 739 2691; baseline -0.002 -6"><span class='ocrx_word' id='word_1_426' title='bbox 310 2658 419 2685; x_wconf 72' lang='lat' dir='ltr'>C&#39;alvini</span> <span class='ocrx_word' id='word_1_427' title='bbox 438 2666 529 2691; x_wconf 78' lang='lat' dir='ltr'>opera.</span> <span class='ocrx_word' id='word_1_428' title='bbox 574 2658 626 2684; x_wconf 82' lang='lat' dir='ltr'>Vol.</span> <span class='ocrx_word' id='word_1_429' title='bbox 644 2658 739 2684; x_wconf 86' lang='lat' dir='ltr'>XXX.</span> 
     </span>
    </p>
   </div>
   <div class='ocr_carea' id='block_1_19' title="bbox 2177 176 2216 208">
    <p class='ocr_par' dir='ltr' id='par_1_19' title="bbox 2177 176 2216 208">
     <span class='ocr_line' id='line_1_61' title="bbox 2177 176 2216 208; baseline 0.026 -1"><span class='ocrx_word' id='word_1_430' title='bbox 2177 176 2216 208; x_wconf 89' lang='lat'>18</span> 
     </span>
    </p>
   </div>
   <div class='ocr_carea' id='block_1_20' title="bbox 1251 269 2213 1074">
    <p class='ocr_par' dir='ltr' id='par_1_20' title="bbox 1251 269 2213 1074">
     <span class='ocr_line' id='line_1_62' title="bbox 1260 269 2213 308; baseline 0.004 -11"><span class='ocrx_word' id='word_1_431' title='bbox 1260 274 1325 297; x_wconf 88' lang='lat' dir='ltr'>tum</span> <span class='ocrx_word' id='word_1_432' title='bbox 1362 278 1561 308; x_wconf 88' lang='lat' dir='ltr'>promovere,</span> <span class='ocrx_word' id='word_1_433' title='bbox 1597 276 1630 299; x_wconf 95' lang='lat' dir='ltr'>ut</span> <span class='ocrx_word' id='word_1_434' title='bbox 1664 270 1780 301; x_wconf 87' lang='lat' dir='ltr'>nostris</span> <span class='ocrx_word' id='word_1_435' title='bbox 1814 270 1981 301; x_wconf 86' lang='lat' dir='ltr'>affectibus</span> <span class='ocrx_word' id='word_1_436' title='bbox 2013 269 2117 301; x_wconf 88' lang='lat' dir='ltr'>locum</span> <span class='ocrx_word' id='word_1_437' title='bbox 2148 281 2213 301; x_wconf 87' lang='lat' dir='ltr'>non</span> 
     </span>
     <span class='ocr_line' id='line_1_63' title="bbox 1259 309 2213 352; baseline 0.004 -12"><span class='ocrx_word' id='word_1_438' title='bbox 1259 309 1377 347; x_wconf 84' lang='lat' dir='ltr'>demus,</span> <span class='ocrx_word' id='word_1_439' title='bbox 1409 321 1511 350; x_wconf 87' lang='lat' dir='ltr'>neque</span> <span class='ocrx_word' id='word_1_440' title='bbox 1543 311 1743 349; x_wconf 82' lang='lat' dir='ltr'>impatientia</span> <span class='ocrx_word' id='word_1_441' title='bbox 1766 317 1797 342; x_wconf 91' lang='lat' dir='ltr'>ct</span> <span class='ocrx_word' id='word_1_442' title='bbox 1820 313 2068 352; x_wconf 88' lang='lat' dir='ltr'>intemperantia</span> <span class='ocrx_word' id='word_1_443' title='bbox 2090 318 2213 344; x_wconf 80' lang='lat' dir='ltr'>aestue-</span> 
     </span>
     <span class='ocr_line' id='line_1_64' title="bbox 1258 353 2212 396; baseline 0.004 -14"><span class='ocrx_word' id='word_1_444' title='bbox 1258 362 1344 383; x_wconf 88' lang='lat' dir='ltr'>mus:</span> <span class='ocrx_word' id='word_1_445' title='bbox 1375 353 1430 383; x_wconf 90' lang='lat' dir='ltr'>sed</span> <span class='ocrx_word' id='word_1_446' title='bbox 1462 353 1544 392; x_wconf 86' lang='lat' dir='ltr'>quod</span> <span class='ocrx_word' id='word_1_447' title='bbox 1575 353 1664 385; x_wconf 86' lang='lat' dir='ltr'>Deus</span> <span class='ocrx_word' id='word_1_448' title='bbox 1692 355 1840 394; x_wconf 87' lang='lat' dir='ltr'>proponit</span> <span class='ocrx_word' id='word_1_449' title='bbox 1863 365 2043 395; x_wconf 85' lang='lat' dir='ltr'>sequamur,</span> <span class='ocrx_word' id='word_1_450' title='bbox 2074 361 2106 386; x_wconf 88' lang='lat' dir='ltr'>et</span> <span class='ocrx_word' id='word_1_451' title='bbox 2128 354 2212 396; x_wconf 90' lang='lat' dir='ltr'>quod</span> 
     </span>
     <span class='ocr_line' id='line_1_65' title="bbox 1258 398 2211 437; baseline 0.005 -13"><span class='ocrx_word' id='word_1_452' title='bbox 1258 401 1321 425; x_wconf 86' lang='lat' dir='ltr'>tam</span> <span class='ocrx_word' id='word_1_453' title='bbox 1353 405 1446 435; x_wconf 86' lang='lat' dir='ltr'>saepe</span> <span class='ocrx_word' id='word_1_454' title='bbox 1476 401 1632 435; x_wconf 83' lang='lat' dir='ltr'>scriptura</span> <span class='ocrx_word' id='word_1_455' title='bbox 1661 404 1770 427; x_wconf 89' lang='lat' dir='ltr'>monet</span> <span class='ocrx_word' id='word_1_456' title='bbox 1800 402 1832 428; x_wconf 91' lang='lat' dir='ltr'>et</span> <span class='ocrx_word' id='word_1_457' title='bbox 1862 398 1977 437; x_wconf 88' lang='lat' dir='ltr'>repetit</span> <span class='ocrx_word' id='word_1_458' title='bbox 2008 408 2211 437; x_wconf 79' lang='lat' dir='ltr'>usurpemus,</span> 
     </span>
     <span class='ocr_line' id='line_1_66' title="bbox 1257 438 2211 480; baseline 0.005 -13"><span class='ocrx_word' id='word_1_459' title='bbox 1257 438 1425 468; x_wconf 89' lang='lat' dir='ltr'>nimirum:</span> <span class='ocrx_word' id='word_1_460' title='bbox 1460 438 1662 477; x_wconf 79' lang='lat' dir='ltr'>Exspectate,</span> <span class='ocrx_word' id='word_1_461' title='bbox 1691 440 1856 478; x_wconf 86' lang='lat' dir='ltr'>sustinete,</span> <span class='ocrx_word' id='word_1_462' title='bbox 1885 441 2044 480; x_wconf 88' lang='lat' dir='ltr'>patienter</span> <span class='ocrx_word' id='word_1_463' title='bbox 2067 441 2211 474; x_wconf 78' lang='lat' dir='ltr'>tolerate.</span> 
     </span>
     <span class='ocr_line' id='line_1_67' title="bbox 1256 480 2209 522; baseline 0.004 -12"><span class='ocrx_word' id='word_1_464' title='bbox 1256 480 1303 510; x_wconf 90' lang='lat' dir='ltr'>Ac</span> <span class='ocrx_word' id='word_1_465' title='bbox 1326 490 1404 511; x_wconf 88' lang='lat' dir='ltr'>sanc</span> <span class='ocrx_word' id='word_1_466' title='bbox 1427 480 1452 511; x_wconf 89' lang='lat' dir='ltr'>si</span> <span class='ocrx_word' id='word_1_467' title='bbox 1476 481 1578 511; x_wconf 86' lang='lat' dir='ltr'>innati</span> <span class='ocrx_word' id='word_1_468' title='bbox 1603 481 1696 512; x_wconf 88' lang='lat' dir='ltr'>huius</span> <span class='ocrx_word' id='word_1_469' title='bbox 1719 482 1788 512; x_wconf 92' lang='lat' dir='ltr'>vitii</span> <span class='ocrx_word' id='word_1_470' title='bbox 1811 482 1844 512; x_wconf 90' lang='lat' dir='ltr'>in</span> <span class='ocrx_word' id='word_1_471' title='bbox 1864 483 1962 519; x_wconf 80' lang='lat' dir='ltr'>nobis,</span> <span class='ocrx_word' id='word_1_472' title='bbox 1986 483 2209 522; x_wconf 87' lang='lat' dir='ltr'>festinationis,</span> 
     </span>
     <span class='ocr_line' id='line_1_68' title="bbox 1256 523 2210 562; baseline 0.005 -10"><span class='ocrx_word' id='word_1_473' title='bbox 1256 523 1394 561; x_wconf 86' lang='lat' dir='ltr'>inquam,</span> <span class='ocrx_word' id='word_1_474' title='bbox 1426 527 1456 553; x_wconf 93' lang='lat' dir='ltr'>et</span> <span class='ocrx_word' id='word_1_475' title='bbox 1487 524 1746 562; x_wconf 86' lang='lat' dir='ltr'>praecipitantiae</span> <span class='ocrx_word' id='word_1_476' title='bbox 1768 525 1833 555; x_wconf 90' lang='lat' dir='ltr'>vim</span> <span class='ocrx_word' id='word_1_477' title='bbox 1858 531 1888 556; x_wconf 92' lang='lat' dir='ltr'>et</span> <span class='ocrx_word' id='word_1_478' title='bbox 1911 525 2085 556; x_wconf 89' lang='lat' dir='ltr'>efficaciam</span> <span class='ocrx_word' id='word_1_479' title='bbox 2109 531 2210 557; x_wconf 86' lang='lat' dir='ltr'>atten-</span> 
     </span>
     <span class='ocr_line' id='line_1_69' title="bbox 1256 564 2208 608; baseline 0.005 -14"><span class='ocrx_word' id='word_1_480' title='bbox 1256 565 1378 601; x_wconf 76' lang='lat' dir='ltr'>damus,</span> <span class='ocrx_word' id='word_1_481' title='bbox 1413 564 1496 596; x_wconf 90' lang='lat' dir='ltr'>hanc</span> <span class='ocrx_word' id='word_1_482' title='bbox 1526 565 1701 597; x_wconf 87' lang='lat' dir='ltr'>doctrinam</span> <span class='ocrx_word' id='word_1_483' title='bbox 1724 576 1787 597; x_wconf 90' lang='lat' dir='ltr'>non</span> <span class='ocrx_word' id='word_1_484' title='bbox 1811 566 1904 598; x_wconf 91' lang='lat' dir='ltr'>modo</span> <span class='ocrx_word' id='word_1_485' title='bbox 1927 578 1989 598; x_wconf 91' lang='lat' dir='ltr'>non</span> <span class='ocrx_word' id='word_1_486' title='bbox 2014 568 2208 608; x_wconf 85' lang='lat' dir='ltr'>superfluam</span> 
     </span>
     <span class='ocr_line' id='line_1_70' title="bbox 1255 608 2207 650; baseline 0.004 -13"><span class='ocrx_word' id='word_1_487' title='bbox 1255 617 1331 642; x_wconf 83' lang='lat' dir='ltr'>esse,</span> <span class='ocrx_word' id='word_1_488' title='bbox 1365 608 1419 638; x_wconf 89' lang='lat' dir='ltr'>sed</span> <span class='ocrx_word' id='word_1_489' title='bbox 1453 608 1593 638; x_wconf 77' lang='lat' dir='ltr'>maxime</span> <span class='ocrx_word' id='word_1_490' title='bbox 1627 610 1836 640; x_wconf 85' lang='lat' dir='ltr'>necessariam</span> <span class='ocrx_word' id='word_1_491' title='bbox 1871 611 2117 650; x_wconf 88' lang='lat' dir='ltr'>comperiemus:</span> <span class='ocrx_word' id='word_1_492' title='bbox 2150 610 2207 642; x_wconf 94' lang='lat' dir='ltr'>ho-</span> 
     </span>
     <span class='ocr_line' id='line_1_71' title="bbox 1256 649 2207 692; baseline 0.005 -13"><span class='ocrx_word' id='word_1_493' title='bbox 1256 649 1366 680; x_wconf 89' lang='lat' dir='ltr'>dierno</span> <span class='ocrx_word' id='word_1_494' title='bbox 1389 650 1577 690; x_wconf 86' lang='lat' dir='ltr'>praesertim</span> <span class='ocrx_word' id='word_1_495' title='bbox 1602 656 1752 691; x_wconf 90' lang='lat' dir='ltr'>tempore,</span> <span class='ocrx_word' id='word_1_496' title='bbox 1776 662 1837 692; x_wconf 86' lang='lat' dir='ltr'>quo</span> <span class='ocrx_word' id='word_1_497' title='bbox 1859 662 1984 683; x_wconf 90' lang='lat' dir='ltr'>summa</span> <span class='ocrx_word' id='word_1_498' title='bbox 2007 663 2114 683; x_wconf 90' lang='lat' dir='ltr'>rerum</span> <span class='ocrx_word' id='word_1_499' title='bbox 2133 663 2207 684; x_wconf 89' lang='lat' dir='ltr'>con-</span> 
     </span>
     <span class='ocr_line' id='line_1_72' title="bbox 1255 692 2208 734; baseline 0.004 -12"><span class='ocrx_word' id='word_1_500' title='bbox 1255 692 1335 722; x_wconf 90' lang='lat' dir='ltr'>fusio</span> <span class='ocrx_word' id='word_1_501' title='bbox 1365 693 1483 732; x_wconf 90' lang='lat' dir='ltr'>passim</span> <span class='ocrx_word' id='word_1_502' title='bbox 1514 692 1623 724; x_wconf 88' lang='lat' dir='ltr'>fideles</span> <span class='ocrx_word' id='word_1_503' title='bbox 1647 694 1760 731; x_wconf 89' lang='lat' dir='ltr'>obruit,</span> <span class='ocrx_word' id='word_1_504' title='bbox 1794 704 1874 734; x_wconf 86' lang='lat' dir='ltr'>quos</span> <span class='ocrx_word' id='word_1_505' title='bbox 1897 701 2002 726; x_wconf 87' lang='lat' dir='ltr'>tamen</span> <span class='ocrx_word' id='word_1_506' title='bbox 2027 695 2110 726; x_wconf 89' lang='lat' dir='ltr'>hanc</span> <span class='ocrx_word' id='word_1_507' title='bbox 2133 696 2208 726; x_wconf 87' lang='lat' dir='ltr'>reti-</span> 
     </span>
     <span class='ocr_line' id='line_1_73' title="bbox 1254 735 2206 778; baseline 0.005 -14"><span class='ocrx_word' id='word_1_508' title='bbox 1254 745 1331 765; x_wconf 90' lang='lat' dir='ltr'>nere</span> <span class='ocrx_word' id='word_1_509' title='bbox 1353 735 1539 765; x_wconf 87' lang='lat' dir='ltr'>modestiam</span> <span class='ocrx_word' id='word_1_510' title='bbox 1564 741 1595 766; x_wconf 91' lang='lat' dir='ltr'>et</span> <span class='ocrx_word' id='word_1_511' title='bbox 1618 736 1817 775; x_wconf 87' lang='lat' dir='ltr'>prudentiam</span> <span class='ocrx_word' id='word_1_512' title='bbox 1841 742 1974 778; x_wconf 86' lang='lat' dir='ltr'>oportet,</span> <span class='ocrx_word' id='word_1_513' title='bbox 2004 744 2040 768; x_wconf 93' lang='lat' dir='ltr'>ut</span> <span class='ocrx_word' id='word_1_514' title='bbox 2062 748 2101 768; x_wconf 88' lang='lat' dir='ltr'>ne</span> <span class='ocrx_word' id='word_1_515' title='bbox 2125 738 2206 778; x_wconf 87' lang='lat' dir='ltr'>digi-</span> 
     </span>
     <span class='ocr_line' id='line_1_74' title="bbox 1254 777 2204 817; baseline 0.005 -10"><span class='ocrx_word' id='word_1_516' title='bbox 1254 785 1324 807; x_wconf 86' lang='lat' dir='ltr'>tum</span> <span class='ocrx_word' id='word_1_517' title='bbox 1355 777 1482 817; x_wconf 89' lang='lat' dir='ltr'>quidem</span> <span class='ocrx_word' id='word_1_518' title='bbox 1513 778 1581 808; x_wconf 85' lang='lat' dir='ltr'>sine</span> <span class='ocrx_word' id='word_1_519' title='bbox 1612 779 1672 809; x_wconf 90' lang='lat' dir='ltr'>Dei</span> <span class='ocrx_word' id='word_1_520' title='bbox 1696 785 1775 809; x_wconf 92' lang='lat' dir='ltr'>nutu</span> <span class='ocrx_word' id='word_1_521' title='bbox 1799 786 1830 810; x_wconf 89' lang='lat' dir='ltr'>et</span> <span class='ocrx_word' id='word_1_522' title='bbox 1855 780 2021 811; x_wconf 88' lang='lat' dir='ltr'>voluntate</span> <span class='ocrx_word' id='word_1_523' title='bbox 2044 785 2204 813; x_wconf 84' lang='lat' dir='ltr'>moveant.</span> 
     </span>
     <span class='ocr_line' id='line_1_75' title="bbox 1253 819 2206 863; baseline 0.004 -13"><span class='ocrx_word' id='word_1_524' title='bbox 1253 819 1337 850; x_wconf 88' lang='lat' dir='ltr'>Nam</span> <span class='ocrx_word' id='word_1_525' title='bbox 1356 820 1502 859; x_wconf 74' lang='lat' dir='ltr'>exemplo</span> <span class='ocrx_word' id='word_1_526' title='bbox 1519 819 1626 852; x_wconf 84' lang='lat' dir='ltr'>Saulis</span> <span class='ocrx_word' id='word_1_527' title='bbox 1645 821 1804 861; x_wconf 88' lang='lat' dir='ltr'>discimus,</span> <span class='ocrx_word' id='word_1_528' title='bbox 1828 822 1903 861; x_wconf 90' lang='lat' dir='ltr'>quid</span> <span class='ocrx_word' id='word_1_529' title='bbox 1923 823 1964 853; x_wconf 90' lang='lat' dir='ltr'>sit</span> <span class='ocrx_word' id='word_1_530' title='bbox 1983 823 2067 853; x_wconf 84' lang='lat' dir='ltr'>ultra</span> <span class='ocrx_word' id='word_1_531' title='bbox 2086 824 2206 863; x_wconf 86' lang='lat' dir='ltr'>positos</span> 
     </span>
     <span class='ocr_line' id='line_1_76' title="bbox 1254 863 2206 905; baseline 0.004 -13"><span class='ocrx_word' id='word_1_532' title='bbox 1254 863 1406 894; x_wconf 85' lang='lat' dir='ltr'>terminos</span> <span class='ocrx_word' id='word_1_533' title='bbox 1446 863 1563 903; x_wconf 83' lang='lat' dir='ltr'>egredi.</span> <span class='ocrx_word' id='word_1_534' title='bbox 1609 863 1703 894; x_wconf 88' lang='lat' dir='ltr'>Multi</span> <span class='ocrx_word' id='word_1_535' title='bbox 1743 866 1881 903; x_wconf 86' lang='lat' dir='ltr'>profecto</span> <span class='ocrx_word' id='word_1_536' title='bbox 1915 865 1942 896; x_wconf 92' lang='lat' dir='ltr'>si</span> <span class='ocrx_word' id='word_1_537' title='bbox 1975 864 2052 905; x_wconf 88' lang='lat' dir='ltr'>quid</span> <span class='ocrx_word' id='word_1_538' title='bbox 2086 866 2139 896; x_wconf 91' lang='lat' dir='ltr'>otii</span> <span class='ocrx_word' id='word_1_539' title='bbox 2173 870 2206 897; x_wconf 88' lang='lat' dir='ltr'>et</span> 
     </span>
     <span class='ocr_line' id='line_1_77' title="bbox 1254 905 2206 947; baseline 0.004 -12"><span class='ocrx_word' id='word_1_540' title='bbox 1254 905 1497 945; x_wconf 82' lang='lat' dir='ltr'>tranquillitatis</span> <span class='ocrx_word' id='word_1_541' title='bbox 1538 916 1556 936; x_wconf 88' lang='lat' dir='ltr'>a</span> <span class='ocrx_word' id='word_1_542' title='bbox 1598 906 1666 936; x_wconf 88' lang='lat' dir='ltr'>Deo</span> <span class='ocrx_word' id='word_1_543' title='bbox 1706 907 1861 947; x_wconf 82' lang='lat' dir='ltr'>obtinent,</span> <span class='ocrx_word' id='word_1_544' title='bbox 1906 908 2106 947; x_wconf 86' lang='lat' dir='ltr'>triumphare</span> <span class='ocrx_word' id='word_1_545' title='bbox 2145 909 2206 940; x_wconf 89' lang='lat' dir='ltr'>sihi</span> 
     </span>
     <span class='ocr_line' id='line_1_78' title="bbox 1253 947 2207 988; baseline 0.005 -11"><span class='ocrx_word' id='word_1_546' title='bbox 1253 947 1412 984; x_wconf 85' lang='lat' dir='ltr'>videntur,</span> <span class='ocrx_word' id='word_1_547' title='bbox 1453 953 1486 978; x_wconf 84' lang='lat' dir='ltr'>et</span> <span class='ocrx_word' id='word_1_548' title='bbox 1526 958 1734 988; x_wconf 86' lang='lat' dir='ltr'>quaecunque</span> <span class='ocrx_word' id='word_1_549' title='bbox 1768 950 1848 980; x_wconf 85' lang='lat' dir='ltr'>ratio</span> <span class='ocrx_word' id='word_1_550' title='bbox 1883 949 2053 981; x_wconf 87' lang='lat' dir='ltr'>dictaverit</span> <span class='ocrx_word' id='word_1_551' title='bbox 2085 956 2207 982; x_wconf 85' lang='lat' dir='ltr'>temere</span> 
     </span>
     <span class='ocr_line' id='line_1_79' title="bbox 1252 990 2205 1033; baseline 0.004 -13"><span class='ocrx_word' id='word_1_552' title='bbox 1252 991 1442 1030; x_wconf 88' lang='lat' dir='ltr'>suscipiunt,</span> <span class='ocrx_word' id='word_1_553' title='bbox 1472 995 1508 1021; x_wconf 90' lang='lat' dir='ltr'>ut</span> <span class='ocrx_word' id='word_1_554' title='bbox 1530 1001 1598 1021; x_wconf 88' lang='lat' dir='ltr'>sese</span> <span class='ocrx_word' id='word_1_555' title='bbox 1621 990 1735 1031; x_wconf 89' lang='lat' dir='ltr'>ubique</span> <span class='ocrx_word' id='word_1_556' title='bbox 1757 992 1895 1023; x_wconf 85' lang='lat' dir='ltr'>stultitia</span> <span class='ocrx_word' id='word_1_557' title='bbox 1917 993 2058 1032; x_wconf 91' lang='lat' dir='ltr'>ipsorum</span> <span class='ocrx_word' id='word_1_558' title='bbox 2082 993 2205 1033; x_wconf 86' lang='lat' dir='ltr'>prodat,</span> 
     </span>
     <span class='ocr_line' id='line_1_80' title="bbox 1251 1032 2205 1074; baseline 0.004 -11"><span class='ocrx_word' id='word_1_559' title='bbox 1251 1043 1322 1064; x_wconf 88' lang='lat' dir='ltr'>cum</span> <span class='ocrx_word' id='word_1_560' title='bbox 1343 1032 1515 1063; x_wconf 86' lang='lat' dir='ltr'>ambitione</span> <span class='ocrx_word' id='word_1_561' title='bbox 1534 1033 1709 1064; x_wconf 86' lang='lat' dir='ltr'>coniuncta.</span> <span class='ocrx_word' id='word_1_562' title='bbox 1754 1034 1854 1074; x_wconf 90' lang='lat' dir='ltr'>Atqui</span> <span class='ocrx_word' id='word_1_563' title='bbox 1873 1034 1962 1066; x_wconf 90' lang='lat' dir='ltr'>Deus</span> <span class='ocrx_word' id='word_1_564' title='bbox 1981 1036 2045 1066; x_wconf 88' lang='lat' dir='ltr'>illis</span> <span class='ocrx_word' id='word_1_565' title='bbox 2065 1036 2205 1068; x_wconf 82' lang='lat' dir='ltr'>maxime</span> 
     </span>
    </p>
   </div>
   <div class='ocr_carea' id='block_1_21' title="bbox 1224 1075 2204 1160">
    <p class='ocr_par' dir='ltr' id='par_1_21' title="bbox 1224 1075 2204 1160">
     <span class='ocr_line' id='line_1_81' title="bbox 1225 1075 2204 1117; baseline 0.005 -12"><span class='ocrx_word' id='word_1_566' title='bbox 1225 1082 1227 1088; x_wconf 75' lang='grc'>’</span> <span class='ocrx_word' id='word_1_567' title='bbox 1252 1075 1527 1115; x_wconf 87' lang='lat' dir='ltr'>triumphantibus</span> <span class='ocrx_word' id='word_1_568' title='bbox 1545 1075 1683 1106; x_wconf 89' lang='lat' dir='ltr'>ostendit</span> <span class='ocrx_word' id='word_1_569' title='bbox 1701 1077 1806 1107; x_wconf 76' lang='lat' dir='ltr'>irritos</span> <span class='ocrx_word' id='word_1_570' title='bbox 1824 1078 1965 1117; x_wconf 89' lang='lat' dir='ltr'>ipsorum</span> <span class='ocrx_word' id='word_1_571' title='bbox 1982 1088 2050 1109; x_wconf 87' lang='lat' dir='ltr'>esse</span> <span class='ocrx_word' id='word_1_572' title='bbox 2062 1084 2204 1117; x_wconf 85' lang='lat' dir='ltr'>conatus,</span> 
     </span>
     <span class='ocr_line' id='line_1_82' title="bbox 1224 1118 2203 1160; baseline 0.005 -13"><span class='ocrx_word' id='word_1_573' title='bbox 1224 1118 1225 1133; x_wconf 42' lang='lat' dir='ltr'>l</span> <span class='ocrx_word' id='word_1_574' title='bbox 1251 1126 1283 1148; x_wconf 88' lang='lat' dir='ltr'>et</span> <span class='ocrx_word' id='word_1_575' title='bbox 1313 1119 1416 1158; x_wconf 89' lang='lat' dir='ltr'>potius</span> <span class='ocrx_word' id='word_1_576' title='bbox 1445 1124 1531 1148; x_wconf 92' lang='lat' dir='ltr'>retro</span> <span class='ocrx_word' id='word_1_577' title='bbox 1561 1119 1635 1149; x_wconf 90' lang='lat' dir='ltr'>ferri</span> <span class='ocrx_word' id='word_1_578' title='bbox 1660 1128 1846 1150; x_wconf 88' lang='lat' dir='ltr'>cancrorum</span> <span class='ocrx_word' id='word_1_579' title='bbox 1870 1120 1981 1156; x_wconf 85' lang='lat' dir='ltr'>instar,</span> <span class='ocrx_word' id='word_1_580' title='bbox 2013 1131 2106 1160; x_wconf 87' lang='lat' dir='ltr'>quam</span> <span class='ocrx_word' id='word_1_581' title='bbox 2131 1131 2203 1160; x_wconf 87' lang='lat' dir='ltr'>pro·</span> 
     </span>
    </p>
   </div>
   <div class='ocr_carea' id='block_1_22' title="bbox 1224 1161 2106 1202">
    <p class='ocr_par' dir='ltr' id='par_1_22' title="bbox 1224 1161 2106 1202">
     <span class='ocr_line' id='line_1_83' title="bbox 1224 1161 2106 1202; baseline 0.005 -12"><span class='ocrx_word' id='word_1_582' title='bbox 1224 1166 1225 1174; x_wconf 67' lang='lat'>¹</span> <span class='ocrx_word' id='word_1_583' title='bbox 1251 1161 1388 1198; x_wconf 90' lang='lat' dir='ltr'>moveri,</span> <span class='ocrx_word' id='word_1_584' title='bbox 1420 1166 1452 1191; x_wconf 88' lang='lat' dir='ltr'>et</span> <span class='ocrx_word' id='word_1_585' title='bbox 1480 1161 1512 1191; x_wconf 91' lang='lat' dir='ltr'>in</span> <span class='ocrx_word' id='word_1_586' title='bbox 1543 1162 1734 1192; x_wconf 87' lang='lat' dir='ltr'>contrarium</span> <span class='ocrx_word' id='word_1_587' title='bbox 1759 1162 1866 1192; x_wconf 86' lang='lat' dir='ltr'>omnia</span> <span class='ocrx_word' id='word_1_588' title='bbox 1888 1162 1965 1202; x_wconf 80' lang='lat' dir='ltr'>ipsis</span> <span class='ocrx_word' id='word_1_589' title='bbox 1988 1163 2106 1194; x_wconf 89' lang='lat' dir='ltr'>cedere.</span> 
     </span>
    </p>
   </div>
   <div class='ocr_carea' id='block_1_23' title="bbox 1251 1164 2202 1243">
    <p class='ocr_par' dir='ltr' id='par_1_23' title="bbox 1251 1164 2202 1243">
     <span class='ocr_line' id='line_1_84' title="bbox 2153 1164 2202 1195; baseline 0.02 -1"><span class='ocrx_word' id='word_1_590' title='bbox 2153 1164 2202 1195; x_wconf 85' lang='lat' dir='ltr'>Eo</span> 
     </span>
     <span class='ocr_line' id='line_1_85' title="bbox 1251 1202 2202 1243; baseline 0.005 -10"><span class='ocrx_word' id='word_1_591' title='bbox 1251 1204 1356 1242; x_wconf 87' lang='lat' dir='ltr'>itaque</span> <span class='ocrx_word' id='word_1_592' title='bbox 1385 1202 1570 1243; x_wconf 82' lang='lat' dir='ltr'>diligentius</span> <span class='ocrx_word' id='word_1_593' title='bbox 1597 1204 1673 1234; x_wconf 81' lang='lat' dir='ltr'>haec</span> <span class='ocrx_word' id='word_1_594' title='bbox 1705 1203 1847 1235; x_wconf 88' lang='lat' dir='ltr'>doctrina</span> <span class='ocrx_word' id='word_1_595' title='bbox 1877 1211 1924 1235; x_wconf 88' lang='lat' dir='ltr'>est</span> <span class='ocrx_word' id='word_1_596' title='bbox 1947 1206 2062 1236; x_wconf 88' lang='lat' dir='ltr'>animis</span> <span class='ocrx_word' id='word_1_597' title='bbox 2085 1207 2202 1238; x_wconf 79' lang='lat' dir='ltr'>nostris</span> 
     </span>
    </p>
   </div>
   <div class='ocr_carea' id='block_1_24' title="bbox 1223 1245 2202 1286">
    <p class='ocr_par' dir='ltr' id='par_1_24' title="bbox 1223 1245 2202 1286">
     <span class='ocr_line' id='line_1_86' title="bbox 1223 1245 2202 1286; baseline 0.004 -10"><span class='ocrx_word' id='word_1_598' title='bbox 1223 1245 1469 1285; x_wconf 45' lang='lat' dir='ltr'>:insculpenda</span> <span class='ocrx_word' id='word_1_599' title='bbox 1502 1251 1537 1276; x_wconf 89' lang='lat' dir='ltr'>ut</span> <span class='ocrx_word' id='word_1_600' title='bbox 1571 1246 1649 1276; x_wconf 89' lang='lat' dir='ltr'>nihil</span> <span class='ocrx_word' id='word_1_601' title='bbox 1683 1246 1743 1277; x_wconf 88' lang='lat' dir='ltr'>nisi</span> <span class='ocrx_word' id='word_1_602' title='bbox 1778 1246 1862 1286; x_wconf 91' lang='lat' dir='ltr'>quod</span> <span class='ocrx_word' id='word_1_603' title='bbox 1895 1247 1985 1279; x_wconf 87' lang='lat' dir='ltr'>Deus</span> <span class='ocrx_word' id='word_1_604' title='bbox 2019 1249 2116 1279; x_wconf 91' lang='lat' dir='ltr'>verbo</span> <span class='ocrx_word' id='word_1_605' title='bbox 2144 1259 2202 1280; x_wconf 90' lang='lat' dir='ltr'>suo</span> 
     </span>
    </p>
   </div>
   <div class='ocr_carea' id='block_1_25' title="bbox 1213 899 1228 2643">
    <p class='ocr_par' dir='ltr' id='par_1_25' title="bbox 1213 899 1228 2643">
     <span class='ocr_line' id='line_1_87' title="bbox 1213 899 1228 2643; baseline 0 0"><span class='ocrx_word' id='word_1_606' title='bbox 1213 899 1228 2643; x_wconf 95' lang='lat' dir='ltr'> </span> 
     </span>
    </p>
   </div>
   <div class='ocr_carea' id='block_1_26' title="bbox 1240 1288 2202 2605">
    <p class='ocr_par' dir='ltr' id='par_1_26' title="bbox 1249 1288 2202 1447">
     <span class='ocr_line' id='line_1_88' title="bbox 1249 1288 2202 1330; baseline 0.004 -12"><span class='ocrx_word' id='word_1_607' title='bbox 1249 1289 1491 1328; x_wconf 87' lang='lat' dir='ltr'>praescripserit</span> <span class='ocrx_word' id='word_1_608' title='bbox 1513 1288 1744 1328; x_wconf 67' lang='lat' dir='ltr'>aggrediamur,</span> <span class='ocrx_word' id='word_1_609' title='bbox 1770 1289 1875 1320; x_wconf 90' lang='lat' dir='ltr'>futuro</span> <span class='ocrx_word' id='word_1_610' title='bbox 1898 1290 2038 1330; x_wconf 88' lang='lat' dir='ltr'>alioquin</span> <span class='ocrx_word' id='word_1_611' title='bbox 2062 1291 2152 1322; x_wconf 89' lang='lat' dir='ltr'>irrito</span> <span class='ocrx_word' id='word_1_612' title='bbox 2170 1296 2202 1322; x_wconf 89' lang='lat' dir='ltr'>et</span> 
     </span>
     <span class='ocr_line' id='line_1_89' title="bbox 1250 1331 2199 1368; baseline 0.004 -7"><span class='ocrx_word' id='word_1_613' title='bbox 1250 1331 1338 1361; x_wconf 90' lang='lat' dir='ltr'>inani</span> <span class='ocrx_word' id='word_1_614' title='bbox 1369 1337 1498 1368; x_wconf 88' lang='lat' dir='ltr'>conatu,</span> <span class='ocrx_word' id='word_1_615' title='bbox 1531 1337 1561 1361; x_wconf 92' lang='lat' dir='ltr'>et</span> <span class='ocrx_word' id='word_1_616' title='bbox 1590 1342 1712 1362; x_wconf 85' lang='lat' dir='ltr'>summa</span> <span class='ocrx_word' id='word_1_617' title='bbox 1737 1332 1921 1363; x_wconf 87' lang='lat' dir='ltr'>confusione</span> <span class='ocrx_word' id='word_1_618' title='bbox 1944 1333 2066 1364; x_wconf 78' lang='lat' dir='ltr'>exitum</span> <span class='ocrx_word' id='word_1_619' title='bbox 2089 1344 2199 1365; x_wconf 88' lang='lat' dir='ltr'>eorum</span> 
     </span>
     <span class='ocr_line' id='line_1_90' title="bbox 1249 1375 2200 1414; baseline 0.004 -10"><span class='ocrx_word' id='word_1_620' title='bbox 1249 1383 1329 1413; x_wconf 88' lang='lat' dir='ltr'>quae</span> <span class='ocrx_word' id='word_1_621' title='bbox 1365 1379 1483 1405; x_wconf 89' lang='lat' dir='ltr'>temere</span> <span class='ocrx_word' id='word_1_622' title='bbox 1513 1384 1553 1404; x_wconf 83' lang='lat' dir='ltr'>ex</span> <span class='ocrx_word' id='word_1_623' title='bbox 1584 1379 1690 1405; x_wconf 90' lang='lat' dir='ltr'>nostro</span> <span class='ocrx_word' id='word_1_624' title='bbox 1718 1384 1812 1405; x_wconf 85' lang='lat' dir='ltr'>sensu</span> <span class='ocrx_word' id='word_1_625' title='bbox 1842 1375 2075 1414; x_wconf 83' lang='lat' dir='ltr'>susceperimus</span> <span class='ocrx_word' id='word_1_626' title='bbox 2105 1377 2200 1408; x_wconf 91' lang='lat' dir='ltr'>comi-</span> 
     </span>
     <span class='ocr_line' id='line_1_91' title="bbox 1249 1422 1364 1447; baseline -0.009 0"><span class='ocrx_word' id='word_1_627' title='bbox 1249 1422 1364 1447; x_wconf 86' lang='lat' dir='ltr'>tatura.</span> 
     </span>
    </p>

    <p class='ocr_par' dir='ltr' id='par_1_27' title="bbox 1240 1458 2200 2605">
     <span class='ocr_line' id='line_1_92' title="bbox 1333 1458 2200 1499; baseline 0.002 -9"><span class='ocrx_word' id='word_1_628' title='bbox 1333 1459 1548 1490; x_wconf 78' lang='lat' dir='ltr'>Transeamus</span> <span class='ocrx_word' id='word_1_629' title='bbox 1581 1458 1620 1490; x_wconf 88' lang='lat' dir='ltr'>ad</span> <span class='ocrx_word' id='word_1_630' title='bbox 1654 1459 1829 1498; x_wconf 90' lang='lat' dir='ltr'>sequentia,</span> <span class='ocrx_word' id='word_1_631' title='bbox 1866 1459 1897 1490; x_wconf 89' lang='lat' dir='ltr'>in</span> <span class='ocrx_word' id='word_1_632' title='bbox 1933 1460 2049 1499; x_wconf 92' lang='lat' dir='ltr'>quibus</span> <span class='ocrx_word' id='word_1_633' title='bbox 2084 1460 2200 1492; x_wconf 89' lang='lat' dir='ltr'>dicitur</span> 
     </span>
     <span class='ocr_line' id='line_1_93' title="bbox 1251 1501 2199 1540; baseline 0.003 -8"><span class='ocrx_word' id='word_1_634' title='bbox 1251 1501 1330 1533; x_wconf 80' lang='lat' dir='ltr'>Saul</span> <span class='ocrx_word' id='word_1_635' title='bbox 1358 1501 1555 1540; x_wconf 77' lang='lat' dir='ltr'>sacrificasse,</span> <span class='ocrx_word' id='word_1_636' title='bbox 1588 1504 1616 1532; x_wconf 71' lang='lat' dir='ltr'>et</span> <span class='ocrx_word' id='word_1_637' title='bbox 1646 1504 1806 1540; x_wconf 69' lang='lat' dir='ltr'>antequam</span> <span class='ocrx_word' id='word_1_638' title='bbox 1834 1501 1997 1533; x_wconf 77' lang='lat' dir='ltr'>absolveret</span> <span class='ocrx_word' id='word_1_639' title='bbox 2027 1502 2199 1535; x_wconf 80' lang='lat' dir='ltr'>Samuelem</span> 
     </span>
     <span class='ocr_line' id='line_1_94' title="bbox 1247 1543 2198 1583; baseline 0.003 -8"><span class='ocrx_word' id='word_1_640' title='bbox 1247 1544 1417 1583; x_wconf 73' lang='lat' dir='ltr'>advenisse,</span> <span class='ocrx_word' id='word_1_641' title='bbox 1447 1544 1533 1582; x_wconf 72' lang='lat' dir='ltr'>eique</span> <span class='ocrx_word' id='word_1_642' title='bbox 1553 1543 1676 1574; x_wconf 79' lang='lat' dir='ltr'>Saulem</span> <span class='ocrx_word' id='word_1_643' title='bbox 1695 1544 1867 1581; x_wconf 77' lang='lat' dir='ltr'>occurrisse,</span> <span class='ocrx_word' id='word_1_644' title='bbox 1899 1545 1940 1575; x_wconf 79' lang='lat' dir='ltr'>ad</span> <span class='ocrx_word' id='word_1_645' title='bbox 1962 1545 1990 1576; x_wconf 84' lang='lat' dir='ltr'>ei</span> <span class='ocrx_word' id='word_1_646' title='bbox 2011 1545 2080 1576; x_wconf 81' lang='lat' dir='ltr'>bene</span> <span class='ocrx_word' id='word_1_647' title='bbox 2098 1546 2198 1578; x_wconf 80' lang='lat' dir='ltr'>dicen-</span> 
     </span>
     <span class='ocr_line' id='line_1_95' title="bbox 1247 1586 2198 1628; baseline 0.003 -11"><span class='ocrx_word' id='word_1_648' title='bbox 1247 1587 1328 1618; x_wconf 79' lang='lat' dir='ltr'>dum.</span> <span class='ocrx_word' id='word_1_649' title='bbox 1375 1587 1428 1617; x_wconf 75' lang='lat' dir='ltr'>Ex</span> <span class='ocrx_word' id='word_1_650' title='bbox 1458 1586 1572 1626; x_wconf 87' lang='lat' dir='ltr'>quibus</span> <span class='ocrx_word' id='word_1_651' title='bbox 1597 1593 1726 1626; x_wconf 83' lang='lat' dir='ltr'>apparet</span> <span class='ocrx_word' id='word_1_652' title='bbox 1755 1592 1872 1626; x_wconf 85' lang='lat' dir='ltr'>quanto</span> <span class='ocrx_word' id='word_1_653' title='bbox 1896 1587 2018 1619; x_wconf 89' lang='lat' dir='ltr'>honore</span> <span class='ocrx_word' id='word_1_654' title='bbox 2040 1588 2101 1619; x_wconf 91' lang='lat' dir='ltr'>Dei</span> <span class='ocrx_word' id='word_1_655' title='bbox 2125 1599 2198 1628; x_wconf 89' lang='lat' dir='ltr'>pro·</span> 
     </span>
     <span class='ocr_line' id='line_1_96' title="bbox 1247 1628 2198 1669; baseline 0.002 -9"><span class='ocrx_word' id='word_1_656' title='bbox 1247 1630 1378 1668; x_wconf 88' lang='lat' dir='ltr'>phetam</span> <span class='ocrx_word' id='word_1_657' title='bbox 1418 1628 1495 1660; x_wconf 82' lang='lat' dir='ltr'>Saul</span> <span class='ocrx_word' id='word_1_658' title='bbox 1533 1635 1788 1669; x_wconf 86' lang='lat' dir='ltr'>prosequeretur:</span> <span class='ocrx_word' id='word_1_659' title='bbox 1825 1630 1882 1660; x_wconf 89' lang='lat' dir='ltr'>etsi</span> <span class='ocrx_word' id='word_1_660' title='bbox 1914 1631 1997 1660; x_wconf 89' lang='lat' dir='ltr'>enim</span> <span class='ocrx_word' id='word_1_661' title='bbox 2028 1641 2085 1662; x_wconf 84' lang='lat' dir='ltr'>rex</span> <span class='ocrx_word' id='word_1_662' title='bbox 2115 1636 2198 1662; x_wconf 87' lang='lat' dir='ltr'>esset</span> 
     </span>
     <span class='ocr_line' id='line_1_97' title="bbox 1246 1672 2198 1712; baseline 0.003 -10"><span class='ocrx_word' id='word_1_663' title='bbox 1246 1673 1310 1702; x_wconf 89' lang='lat' dir='ltr'>iam</span> <span class='ocrx_word' id='word_1_664' title='bbox 1332 1672 1539 1703; x_wconf 87' lang='lat' dir='ltr'>confirmatus</span> <span class='ocrx_word' id='word_1_665' title='bbox 1562 1673 1592 1702; x_wconf 92' lang='lat' dir='ltr'>in</span> <span class='ocrx_word' id='word_1_666' title='bbox 1618 1672 1804 1702; x_wconf 85' lang='lat' dir='ltr'>universum</span> <span class='ocrx_word' id='word_1_667' title='bbox 1827 1672 1989 1712; x_wconf 82' lang='lat' dir='ltr'>populum,</span> <span class='ocrx_word' id='word_1_668' title='bbox 2013 1678 2120 1704; x_wconf 87' lang='lat' dir='ltr'>tamen</span> <span class='ocrx_word' id='word_1_669' title='bbox 2144 1673 2198 1705; x_wconf 90' lang='lat' dir='ltr'>ho-</span> 
     </span>
     <span class='ocr_line' id='line_1_98' title="bbox 1247 1714 2198 1755; baseline 0.002 -10"><span class='ocrx_word' id='word_1_670' title='bbox 1247 1725 1324 1745; x_wconf 92' lang='lat' dir='ltr'>nore</span> <span class='ocrx_word' id='word_1_671' title='bbox 1353 1715 1502 1755; x_wconf 87' lang='lat' dir='ltr'>prosequi</span> <span class='ocrx_word' id='word_1_672' title='bbox 1534 1714 1641 1745; x_wconf 89' lang='lat' dir='ltr'>studet</span> <span class='ocrx_word' id='word_1_673' title='bbox 1669 1725 1738 1745; x_wconf 89' lang='lat' dir='ltr'>eum</span> <span class='ocrx_word' id='word_1_674' title='bbox 1769 1724 1860 1753; x_wconf 86' lang='lat' dir='ltr'>quem</span> <span class='ocrx_word' id='word_1_675' title='bbox 1891 1715 1979 1745; x_wconf 90' lang='lat' dir='ltr'>Deus</span> <span class='ocrx_word' id='word_1_676' title='bbox 2002 1716 2198 1755; x_wconf 81' lang='lat' dir='ltr'>praefecerat</span> 
     </span>
     <span class='ocr_line' id='line_1_99' title="bbox 1247 1757 2196 1797; baseline 0.003 -10"><span class='ocrx_word' id='word_1_677' title='bbox 1247 1758 1317 1797; x_wconf 87' lang='lat' dir='ltr'>ipsi,</span> <span class='ocrx_word' id='word_1_678' title='bbox 1359 1763 1390 1788; x_wconf 90' lang='lat' dir='ltr'>et</span> <span class='ocrx_word' id='word_1_679' title='bbox 1428 1757 1539 1788; x_wconf 87' lang='lat' dir='ltr'>ducem</span> <span class='ocrx_word' id='word_1_680' title='bbox 1581 1767 1616 1788; x_wconf 91' lang='lat' dir='ltr'>ac</span> <span class='ocrx_word' id='word_1_681' title='bbox 1650 1757 1812 1787; x_wconf 89' lang='lat' dir='ltr'>ductorem</span> <span class='ocrx_word' id='word_1_682' title='bbox 1847 1757 1947 1787; x_wconf 90' lang='lat' dir='ltr'>eidem</span> <span class='ocrx_word' id='word_1_683' title='bbox 1982 1759 2196 1790; x_wconf 84' lang='lat' dir='ltr'>commiserat.</span> 
     </span>
     <span class='ocr_line' id='line_1_100' title="bbox 1247 1799 2196 1839; baseline 0.002 -9"><span class='ocrx_word' id='word_1_684' title='bbox 1247 1801 1346 1831; x_wconf 90' lang='lat' dir='ltr'>Porro</span> <span class='ocrx_word' id='word_1_685' title='bbox 1371 1810 1432 1830; x_wconf 81' lang='lat' dir='ltr'>vox</span> <span class='ocrx_word' id='word_1_686' title='bbox 1457 1800 1512 1830; x_wconf 87' lang='lat' dir='ltr'>illa</span> <span class='ocrx_word' id='word_1_687' title='bbox 1534 1799 1739 1830; x_wconf 74' lang='lat' dir='ltr'>Benedicench&#39;</span> <span class='ocrx_word' id='word_1_688' title='bbox 1762 1799 1843 1829; x_wconf 89' lang='lat' dir='ltr'>idem</span> <span class='ocrx_word' id='word_1_689' title='bbox 1868 1800 2028 1839; x_wconf 82' lang='lat' dir='ltr'>significat</span> <span class='ocrx_word' id='word_1_690' title='bbox 2052 1811 2087 1831; x_wconf 90' lang='lat' dir='ltr'>ac</span> <span class='ocrx_word' id='word_1_691' title='bbox 2110 1801 2196 1832; x_wconf 87' lang='lat' dir='ltr'>salu-</span> 
     </span>
     <span class='ocr_line' id='line_1_101' title="bbox 1247 1842 2195 1883; baseline 0.003 -11"><span class='ocrx_word' id='word_1_692' title='bbox 1247 1850 1314 1874; x_wconf 83' lang='lat' dir='ltr'>tare</span> <span class='ocrx_word' id='word_1_693' title='bbox 1337 1851 1368 1873; x_wconf 90' lang='lat' dir='ltr'>et</span> <span class='ocrx_word' id='word_1_694' title='bbox 1391 1842 1470 1873; x_wconf 89' lang='lat' dir='ltr'>bene</span> <span class='ocrx_word' id='word_1_695' title='bbox 1493 1843 1624 1882; x_wconf 85' lang='lat' dir='ltr'>precari,</span> <span class='ocrx_word' id='word_1_696' title='bbox 1648 1848 1683 1872; x_wconf 90' lang='lat' dir='ltr'>ut</span> <span class='ocrx_word' id='word_1_697' title='bbox 1705 1842 1841 1872; x_wconf 87' lang='lat' dir='ltr'>solemus</span> <span class='ocrx_word' id='word_1_698' title='bbox 1861 1842 1942 1872; x_wconf 90' lang='lat' dir='ltr'>diem</span> <span class='ocrx_word' id='word_1_699' title='bbox 1962 1842 2103 1874; x_wconf 86' lang='lat' dir='ltr'>faustum</span> <span class='ocrx_word' id='word_1_700' title='bbox 2124 1854 2195 1883; x_wconf 85' lang='lat' dir='ltr'>pre-</span> 
     </span>
     <span class='ocr_line' id='line_1_102' title="bbox 1245 1884 2195 1924; baseline 0.001 -8"><span class='ocrx_word' id='word_1_701' title='bbox 1245 1887 1320 1921; x_wconf 81' lang='lat' dir='ltr'>cari,</span> <span class='ocrx_word' id='word_1_702' title='bbox 1360 1892 1413 1916; x_wconf 88' lang='lat' dir='ltr'>aut</span> <span class='ocrx_word' id='word_1_703' title='bbox 1455 1885 1566 1915; x_wconf 87' lang='lat' dir='ltr'>bonam</span> <span class='ocrx_word' id='word_1_704' title='bbox 1606 1884 1830 1917; x_wconf 81' lang='lat' dir='ltr'>valetudinem.</span> <span class='ocrx_word' id='word_1_705' title='bbox 1872 1885 2024 1924; x_wconf 91' lang='lat' dir='ltr'>quoniam</span> <span class='ocrx_word' id='word_1_706' title='bbox 2066 1886 2195 1917; x_wconf 83' lang='lat' dir='ltr'>obviam</span> 
     </span>
     <span class='ocr_line' id='line_1_103' title="bbox 1246 1926 2195 1967; baseline 0.002 -9"><span class='ocrx_word' id='word_1_707' title='bbox 1246 1929 1320 1959; x_wconf 79' lang='lat' dir='ltr'>facti</span> <span class='ocrx_word' id='word_1_708' title='bbox 1351 1928 1404 1958; x_wconf 88' lang='lat' dir='ltr'>alii</span> <span class='ocrx_word' id='word_1_709' title='bbox 1435 1928 1504 1958; x_wconf 86' lang='lat' dir='ltr'>aliis</span> <span class='ocrx_word' id='word_1_710' title='bbox 1535 1928 1684 1958; x_wconf 85' lang='lat' dir='ltr'>debemus</span> <span class='ocrx_word' id='word_1_711' title='bbox 1711 1926 1816 1957; x_wconf 88' lang='lat' dir='ltr'>Deum</span> <span class='ocrx_word' id='word_1_712' title='bbox 1847 1937 1902 1966; x_wconf 90' lang='lat' dir='ltr'>pro</span> <span class='ocrx_word' id='word_1_713' title='bbox 1930 1928 2032 1958; x_wconf 89' lang='lat' dir='ltr'>salute</span> <span class='ocrx_word' id='word_1_714' title='bbox 2054 1929 2195 1967; x_wconf 90' lang='lat' dir='ltr'>ipsorum</span> 
     </span>
     <span class='ocr_line' id='line_1_104' title="bbox 1245 1969 2195 2010; baseline 0.002 -9"><span class='ocrx_word' id='word_1_715' title='bbox 1245 1972 1378 2010; x_wconf 86' lang='lat' dir='ltr'>precari.</span> <span class='ocrx_word' id='word_1_716' title='bbox 1402 1970 1521 2001; x_wconf 87' lang='lat' dir='ltr'>Variae</span> <span class='ocrx_word' id='word_1_717' title='bbox 1540 1969 1664 2009; x_wconf 89' lang='lat' dir='ltr'>quidem</span> <span class='ocrx_word' id='word_1_718' title='bbox 1686 1975 1760 1999; x_wconf 85' lang='lat' dir='ltr'>sunt</span> <span class='ocrx_word' id='word_1_719' title='bbox 1779 1969 1959 2000; x_wconf 87' lang='lat' dir='ltr'>istiusmodi</span> <span class='ocrx_word' id='word_1_720' title='bbox 1977 1970 2195 2009; x_wconf 82' lang='lat' dir='ltr'>salutationes,</span> 
     </span>
     <span class='ocr_line' id='line_1_105' title="bbox 1244 2012 2194 2053; baseline 0.001 -9"><span class='ocrx_word' id='word_1_721' title='bbox 1244 2024 1377 2053; x_wconf 87' lang='lat' dir='ltr'>quarum</span> <span class='ocrx_word' id='word_1_722' title='bbox 1408 2020 1514 2043; x_wconf 88' lang='lat' dir='ltr'>tamen</span> <span class='ocrx_word' id='word_1_723' title='bbox 1538 2013 1679 2043; x_wconf 89' lang='lat' dir='ltr'>omnium</span> <span class='ocrx_word' id='word_1_724' title='bbox 1704 2012 1755 2042; x_wconf 92' lang='lat' dir='ltr'>hic</span> <span class='ocrx_word' id='word_1_725' title='bbox 1777 2022 1890 2051; x_wconf 88' lang='lat' dir='ltr'>scopus</span> <span class='ocrx_word' id='word_1_726' title='bbox 1914 2018 1970 2049; x_wconf 87' lang='lat' dir='ltr'>est,</span> <span class='ocrx_word' id='word_1_727' title='bbox 1995 2019 2030 2043; x_wconf 88' lang='lat' dir='ltr'>ut</span> <span class='ocrx_word' id='word_1_728' title='bbox 2053 2013 2114 2044; x_wconf 92' lang='lat' dir='ltr'>Dei</span> <span class='ocrx_word' id='word_1_729' title='bbox 2138 2025 2194 2045; x_wconf 89' lang='lat' dir='ltr'>no·</span> 
     </span>
     <span class='ocr_line' id='line_1_106' title="bbox 1244 2053 2195 2095; baseline 0.001 -9"><span class='ocrx_word' id='word_1_730' title='bbox 1244 2066 1316 2086; x_wconf 93' lang='lat' dir='ltr'>men</span> <span class='ocrx_word' id='word_1_731' title='bbox 1336 2066 1431 2095; x_wconf 88' lang='lat' dir='ltr'>super</span> <span class='ocrx_word' id='word_1_732' title='bbox 1450 2066 1502 2086; x_wconf 90' lang='lat' dir='ltr'>eos</span> <span class='ocrx_word' id='word_1_733' title='bbox 1522 2055 1707 2086; x_wconf 89' lang='lat' dir='ltr'>invocemus</span> <span class='ocrx_word' id='word_1_734' title='bbox 1727 2054 1838 2093; x_wconf 91' lang='lat' dir='ltr'>quibus</span> <span class='ocrx_word' id='word_1_735' title='bbox 1858 2053 1937 2085; x_wconf 88' lang='lat' dir='ltr'>bene</span> <span class='ocrx_word' id='word_1_736' title='bbox 1955 2065 2024 2085; x_wconf 88' lang='lat' dir='ltr'>esse</span> <span class='ocrx_word' id='word_1_737' title='bbox 2040 2056 2195 2095; x_wconf 88' lang='lat' dir='ltr'>volumus,</span> 
     </span>
     <span class='ocr_line' id='line_1_107' title="bbox 1243 2096 2194 2138; baseline 0.001 -9"><span class='ocrx_word' id='word_1_738' title='bbox 1243 2099 1419 2129; x_wconf 90' lang='lat' dir='ltr'>cuiusmodi</span> <span class='ocrx_word' id='word_1_739' title='bbox 1451 2109 1561 2138; x_wconf 87' lang='lat' dir='ltr'>preces</span> <span class='ocrx_word' id='word_1_740' title='bbox 1588 2098 1722 2128; x_wconf 87' lang='lat' dir='ltr'>usitatae</span> <span class='ocrx_word' id='word_1_741' title='bbox 1751 2096 1833 2135; x_wconf 87' lang='lat' dir='ltr'>apud</span> <span class='ocrx_word' id='word_1_742' title='bbox 1862 2107 1918 2128; x_wconf 92' lang='lat' dir='ltr'>nos</span> <span class='ocrx_word' id='word_1_743' title='bbox 1967 2098 2105 2129; x_wconf 88' lang='lat' dir='ltr'>faustum</span> <span class='ocrx_word' id='word_1_744' title='bbox 2136 2099 2194 2130; x_wconf 89' lang='lat' dir='ltr'>tibi</span> 
     </span>
     <span class='ocr_line' id='line_1_108' title="bbox 1244 2121 2194 2180; baseline 0.001 -9"><span class='ocrx_word' id='word_1_745' title='bbox 1244 2141 1325 2171; x_wconf 86' lang='lat' dir='ltr'>diem</span> <span class='ocrx_word' id='word_1_746' title='bbox 1357 2151 1478 2180; x_wconf 84' lang='lat' dir='ltr'>precor,</span> <span class='ocrx_word' id='word_1_747' title='bbox 1509 2141 1597 2171; x_wconf 90' lang='lat' dir='ltr'>Deus</span> <span class='ocrx_word' id='word_1_748' title='bbox 1627 2140 1682 2170; x_wconf 92' lang='lat' dir='ltr'>tibi</span> <span class='ocrx_word' id='word_1_749' title='bbox 1715 2139 1885 2176; x_wconf 87' lang='lat' dir='ltr'>benedicat,</span> <span class='ocrx_word' id='word_1_750' title='bbox 1914 2121 2005 2170; x_wconf 54' lang='lat' dir='ltr'>bens</span> <span class='ocrx_word' id='word_1_751' title='bbox 2028 2140 2084 2171; x_wconf 90' lang='lat' dir='ltr'>tibi</span> <span class='ocrx_word' id='word_1_752' title='bbox 2109 2141 2194 2172; x_wconf 85' lang='lat' dir='ltr'>vale-</span> 
     </span>
     <span class='ocr_line' id='line_1_109' title="bbox 1243 2182 2194 2220; baseline 0.001 -6"><span class='ocrx_word' id='word_1_753' title='bbox 1243 2185 1387 2214; x_wconf 90' lang='lat' dir='ltr'>tudinem</span> <span class='ocrx_word' id='word_1_754' title='bbox 1411 2183 1571 2220; x_wconf 84' lang='lat' dir='ltr'>concedat,</span> <span class='ocrx_word' id='word_1_755' title='bbox 1607 2188 1636 2212; x_wconf 89' lang='lat' dir='ltr'>et</span> <span class='ocrx_word' id='word_1_756' title='bbox 1661 2182 1788 2219; x_wconf 84' lang='lat' dir='ltr'>similes,</span> <span class='ocrx_word' id='word_1_757' title='bbox 1821 2182 1934 2220; x_wconf 90' lang='lat' dir='ltr'>quibus</span> <span class='ocrx_word' id='word_1_758' title='bbox 1956 2192 2015 2213; x_wconf 86' lang='lat' dir='ltr'>nos</span> <span class='ocrx_word' id='word_1_759' title='bbox 2039 2183 2078 2214; x_wconf 86' lang='lat' dir='ltr'>ab</span> <span class='ocrx_word' id='word_1_760' title='bbox 2100 2184 2194 2215; x_wconf 87' lang='lat' dir='ltr'>unico</span> 
     </span>
     <span class='ocr_line' id='line_1_110' title="bbox 1243 2224 2193 2265; baseline 0 -8"><span class='ocrx_word' id='word_1_761' title='bbox 1243 2226 1313 2257; x_wconf 89' lang='lat' dir='ltr'>Deo</span> <span class='ocrx_word' id='word_1_762' title='bbox 1345 2226 1526 2257; x_wconf 88' lang='lat' dir='ltr'>felicitatem</span> <span class='ocrx_word' id='word_1_763' title='bbox 1551 2230 1736 2265; x_wconf 83' lang='lat' dir='ltr'>exspectare</span> <span class='ocrx_word' id='word_1_764' title='bbox 1759 2224 2024 2256; x_wconf 87' lang='lat' dir='ltr'>demonstramus.</span> <span class='ocrx_word' id='word_1_765' title='bbox 2069 2225 2193 2257; x_wconf 86' lang='lat' dir='ltr'>Verum</span> 
     </span>
     <span class='ocr_line' id='line_1_111' title="bbox 1242 2267 2193 2309; baseline -0.001 -9"><span class='ocrx_word' id='word_1_766' title='bbox 1242 2269 1294 2300; x_wconf 92' lang='lat' dir='ltr'>hic</span> <span class='ocrx_word' id='word_1_767' title='bbox 1317 2269 1502 2309; x_wconf 86' lang='lat' dir='ltr'>saepissime</span> <span class='ocrx_word' id='word_1_768' title='bbox 1525 2279 1542 2298; x_wconf 88' lang='lat' dir='ltr'>a</span> <span class='ocrx_word' id='word_1_769' title='bbox 1564 2267 1673 2298; x_wconf 91' lang='lat' dir='ltr'>multis</span> <span class='ocrx_word' id='word_1_770' title='bbox 1695 2273 1851 2306; x_wconf 78' lang='lat' dir='ltr'>peccatur,</span> <span class='ocrx_word' id='word_1_771' title='bbox 1883 2267 1936 2306; x_wconf 92' lang='lat' dir='ltr'>qui</span> <span class='ocrx_word' id='word_1_772' title='bbox 1960 2267 2140 2298; x_wconf 82' lang='lat' dir='ltr'>urbanitate</span> <span class='ocrx_word' id='word_1_773' title='bbox 2161 2273 2193 2300; x_wconf 90' lang='lat' dir='ltr'>et</span> 
     </span>
     <span class='ocr_line' id='line_1_112' title="bbox 1242 2308 2194 2351; baseline 0 -9"><span class='ocrx_word' id='word_1_774' title='bbox 1242 2312 1395 2343; x_wconf 88' lang='lat' dir='ltr'>civilitate</span> <span class='ocrx_word' id='word_1_775' title='bbox 1432 2311 1567 2351; x_wconf 88' lang='lat' dir='ltr'>quadam</span> <span class='ocrx_word' id='word_1_776' title='bbox 1606 2320 1641 2341; x_wconf 88' lang='lat' dir='ltr'>ac</span> <span class='ocrx_word' id='word_1_777' title='bbox 1671 2319 1758 2340; x_wconf 90' lang='lat' dir='ltr'>more</span> <span class='ocrx_word' id='word_1_778' title='bbox 1785 2308 1889 2348; x_wconf 85' lang='lat' dir='ltr'>potius</span> <span class='ocrx_word' id='word_1_779' title='bbox 1918 2319 2011 2348; x_wconf 88' lang='lat' dir='ltr'>quam</span> <span class='ocrx_word' id='word_1_780' title='bbox 2042 2311 2194 2350; x_wconf 86' lang='lat' dir='ltr'>precandi</span> 
     </span>
     <span class='ocr_line' id='line_1_113' title="bbox 1241 2353 2193 2394; baseline -0.002 -9"><span class='ocrx_word' id='word_1_781' title='bbox 1241 2354 1347 2386; x_wconf 86' lang='lat' dir='ltr'>studio</span> <span class='ocrx_word' id='word_1_782' title='bbox 1378 2359 1498 2384; x_wconf 87' lang='lat' dir='ltr'>temere</span> <span class='ocrx_word' id='word_1_783' title='bbox 1528 2353 1589 2383; x_wconf 89' lang='lat' dir='ltr'>Dei</span> <span class='ocrx_word' id='word_1_784' title='bbox 1618 2362 1734 2382; x_wconf 91' lang='lat' dir='ltr'>nomen</span> <span class='ocrx_word' id='word_1_785' title='bbox 1764 2357 1942 2390; x_wconf 84' lang='lat' dir='ltr'>assumunt,</span> <span class='ocrx_word' id='word_1_786' title='bbox 1972 2363 2085 2392; x_wconf 88' lang='lat' dir='ltr'>parum</span> <span class='ocrx_word' id='word_1_787' title='bbox 2109 2354 2193 2394; x_wconf 84' lang='lat' dir='ltr'>cogi·</span> 
     </span>
     <span class='ocr_line' id='line_1_114' title="bbox 1241 2393 2191 2436; baseline -0.001 -8"><span class='ocrx_word' id='word_1_788' title='bbox 1241 2402 1347 2428; x_wconf 84' lang='lat' dir='ltr'>tantes</span> <span class='ocrx_word' id='word_1_789' title='bbox 1381 2396 1455 2436; x_wconf 91' lang='lat' dir='ltr'>quid</span> <span class='ocrx_word' id='word_1_790' title='bbox 1488 2395 1633 2434; x_wconf 84' lang='lat' dir='ltr'>precibus</span> <span class='ocrx_word' id='word_1_791' title='bbox 1663 2394 1725 2424; x_wconf 92' lang='lat' dir='ltr'>illis</span> <span class='ocrx_word' id='word_1_792' title='bbox 1754 2403 1772 2424; x_wconf 85' lang='lat' dir='ltr'>a</span> <span class='ocrx_word' id='word_1_793' title='bbox 1794 2393 1864 2424; x_wconf 95' lang='lat' dir='ltr'>Deo</span> <span class='ocrx_word' id='word_1_794' title='bbox 1886 2395 2057 2433; x_wconf 89' lang='lat' dir='ltr'>postulent.</span> <span class='ocrx_word' id='word_1_795' title='bbox 2103 2395 2191 2434; x_wconf 82' lang='lat' dir='ltr'>Quin</span> 
     </span>
     <span class='ocr_line' id='line_1_115' title="bbox 1240 2436 2191 2477; baseline -0.001 -7"><span class='ocrx_word' id='word_1_796' title='bbox 1240 2440 1337 2470; x_wconf 90' lang='lat' dir='ltr'>etiam</span> <span class='ocrx_word' id='word_1_797' title='bbox 1367 2448 1460 2477; x_wconf 86' lang='lat' dir='ltr'>saepe</span> <span class='ocrx_word' id='word_1_798' title='bbox 1483 2438 1516 2468; x_wconf 92' lang='lat' dir='ltr'>in</span> <span class='ocrx_word' id='word_1_799' title='bbox 1539 2447 1686 2468; x_wconf 90' lang='lat' dir='ltr'>sermone</span> <span class='ocrx_word' id='word_1_800' title='bbox 1709 2446 1727 2466; x_wconf 90' lang='lat' dir='ltr'>a</span> <span class='ocrx_word' id='word_1_801' title='bbox 1748 2436 1860 2467; x_wconf 89' lang='lat' dir='ltr'>multis</span> <span class='ocrx_word' id='word_1_802' title='bbox 1883 2443 2038 2476; x_wconf 86' lang='lat' dir='ltr'>peccatur,</span> <span class='ocrx_word' id='word_1_803' title='bbox 2067 2438 2122 2477; x_wconf 92' lang='lat' dir='ltr'>qui</span> <span class='ocrx_word' id='word_1_804' title='bbox 2145 2438 2191 2469; x_wconf 89' lang='lat' dir='ltr'>al-</span> 
     </span>
     <span class='ocr_line' id='line_1_116' title="bbox 1241 2479 2193 2519; baseline 0 -7"><span class='ocrx_word' id='word_1_805' title='bbox 1241 2482 1301 2512; x_wconf 90' lang='lat' dir='ltr'>teri</span> <span class='ocrx_word' id='word_1_806' title='bbox 1324 2482 1434 2512; x_wconf 88' lang='lat' dir='ltr'>iubent</span> <span class='ocrx_word' id='word_1_807' title='bbox 1457 2480 1525 2511; x_wconf 88' lang='lat' dir='ltr'>dari</span> <span class='ocrx_word' id='word_1_808' title='bbox 1545 2491 1601 2511; x_wconf 83' lang='lat' dir='ltr'>suo</span> <span class='ocrx_word' id='word_1_809' title='bbox 1621 2479 1749 2509; x_wconf 91' lang='lat' dir='ltr'>nomine</span> <span class='ocrx_word' id='word_1_810' title='bbox 1768 2479 1907 2509; x_wconf 83' lang='lat' dir='ltr'>faustum</span> <span class='ocrx_word' id='word_1_811' title='bbox 1927 2480 2019 2515; x_wconf 88' lang='lat' dir='ltr'>diem,</span> <span class='ocrx_word' id='word_1_812' title='bbox 2043 2480 2133 2519; x_wconf 89' lang='lat' dir='ltr'>quasi</span> <span class='ocrx_word' id='word_1_813' title='bbox 2150 2481 2193 2512; x_wconf 87' lang='lat' dir='ltr'>sit</span> 
     </span>
     <span class='ocr_line' id='line_1_117' title="bbox 1241 2522 2191 2562; baseline 0 -7"><span class='ocrx_word' id='word_1_814' title='bbox 1241 2526 1275 2555; x_wconf 89' lang='lat' dir='ltr'>in</span> <span class='ocrx_word' id='word_1_815' title='bbox 1306 2524 1470 2554; x_wconf 90' lang='lat' dir='ltr'>hominum</span> <span class='ocrx_word' id='word_1_816' title='bbox 1499 2527 1664 2562; x_wconf 88' lang='lat' dir='ltr'>potestate,</span> <span class='ocrx_word' id='word_1_817' title='bbox 1695 2522 1835 2552; x_wconf 83' lang='lat' dir='ltr'>faustum</span> <span class='ocrx_word' id='word_1_818' title='bbox 1867 2522 1960 2552; x_wconf 89' lang='lat' dir='ltr'>alicui</span> <span class='ocrx_word' id='word_1_819' title='bbox 1991 2522 2075 2553; x_wconf 90' lang='lat' dir='ltr'>diem</span> <span class='ocrx_word' id='word_1_820' title='bbox 2104 2522 2191 2556; x_wconf 81' lang='lat' dir='ltr'>dare.</span> 
     </span>
     <span class='ocr_line' id='line_1_118' title="bbox 1242 2564 2194 2605; baseline -0.001 -7"><span class='ocrx_word' id='word_1_821' title='bbox 1242 2567 1333 2598; x_wconf 84' lang='lat' dir='ltr'>Mera</span> <span class='ocrx_word' id='word_1_822' title='bbox 1355 2575 1432 2597; x_wconf 89' lang='lat' dir='ltr'>sane</span> <span class='ocrx_word' id='word_1_823' title='bbox 1454 2565 1509 2595; x_wconf 86' lang='lat' dir='ltr'>illa</span> <span class='ocrx_word' id='word_1_824' title='bbox 1531 2570 1578 2595; x_wconf 86' lang='lat' dir='ltr'>est</span> <span class='ocrx_word' id='word_1_825' title='bbox 1601 2564 1729 2603; x_wconf 73' lang='lat' dir='ltr'>ineptia,</span> <span class='ocrx_word' id='word_1_826' title='bbox 1752 2564 1849 2594; x_wconf 90' lang='lat' dir='ltr'>immo</span> <span class='ocrx_word' id='word_1_827' title='bbox 1868 2565 2002 2595; x_wconf 91' lang='lat' dir='ltr'>nimium</span> <span class='ocrx_word' id='word_1_828' title='bbox 2022 2565 2194 2605; x_wconf 85' lang='lat' dir='ltr'>impudens</span> 
     </span>
    </p>
   </div>
   <div class='ocr_carea' id='block_1_27' title="bbox 1241 2606 2189 2676">
    <p class='ocr_par' dir='ltr' id='par_1_28' title="bbox 1241 2606 2189 2676">
     <span class='ocr_line' id='line_1_119' title="bbox 1241 2606 2189 2649; baseline 0.002 -10"><span class='ocrx_word' id='word_1_829' title='bbox 1241 2608 1432 2649; x_wconf 85' lang='lat' dir='ltr'>arrogantia.</span> <span class='ocrx_word' id='word_1_830' title='bbox 1478 2607 1599 2638; x_wconf 84' lang='lat' dir='ltr'>Verum</span> <span class='ocrx_word' id='word_1_831' title='bbox 1633 2606 1717 2637; x_wconf 87' lang='lat' dir='ltr'>istud</span> <span class='ocrx_word' id='word_1_832' title='bbox 1747 2612 1794 2637; x_wconf 85' lang='lat' dir='ltr'>est</span> <span class='ocrx_word' id='word_1_833' title='bbox 1823 2607 1939 2638; x_wconf 87' lang='lat' dir='ltr'>animis</span> <span class='ocrx_word' id='word_1_834' title='bbox 1968 2608 2087 2639; x_wconf 89' lang='lat' dir='ltr'>nostris</span> <span class='ocrx_word' id='word_1_835' title='bbox 2116 2609 2189 2641; x_wconf 89' lang='lat' dir='ltr'>infi-</span> 
     </span>
     <span class='ocr_line' id='line_1_120' title="bbox 2013 2658 2028 2676; baseline 0 -6"><span class='ocrx_word' id='word_1_836' title='bbox 2013 2658 2028 2676; x_wconf 72' lang='grc' dir='ltr'>ι)</span> 
     </span>
    </p>
   </div>
   <div class='ocr_carea' id='block_1_28' title="bbox 2013 2676 2027 2683">
    <p class='ocr_par' dir='ltr' id='par_1_29' title="bbox 2013 2676 2027 2683">
     <span class='ocr_line' id='line_1_121' title="bbox 2013 2676 2027 2683; baseline 0 0"><span class='ocrx_word' id='word_1_837' title='bbox 2013 2676 2027 2683; x_wconf 69' lang='lat' dir='ltr'>..a</span> 
     </span>
    </p>
   </div>
  </div>
 </body>
</html>
