2551 3044
350 196 388 226 15
1161 186 1356 218 HOMILIA
1385 186 1508 218 XLVI.
2283 186 2321 216 16

350 295 419 320 esto
444 287 554 318 Achab
579 286 641 323 ille,
672 286 725 324 qui
750 284 859 315 audito
890 284 1006 315 nuncio
1029 283 1067 314 de
1090 282 1227 313 hostium
1252 280 1306 311 ad-

352 338 449 362 ventu
482 332 594 360 timore
624 326 930 367 totus-percellitur,
965 334 995 357 et
1026 327 1128 356 instar
1160 324 1308 354 foliorum

351 376 383 404 in
409 372 521 403 arbore
545 371 755 402 trementium
779 370 978 406 concutitur:
1011 379 1114 408 neque
1139 375 1245 397 tamen
1269 366 1307 396 ad

352 416 458 446 Deum
483 414 706 445 auxiliatorem
729 412 883 452 confugit.
929 412 1028 452 Atqui
1053 411 1161 442 fideles
1184 410 1223 439 de
1248 409 1307 439 Dei

353 458 519 499 promissis
543 457 587 487 ita
611 464 779 495 persuasos
803 463 924 495 oportet
949 465 1026 491 esse,
1051 462 1085 484 ut
1111 461 1212 483 metus
1236 462 1308 482 cum

352 511 408 542 spe
440 509 548 530 tamen
579 506 609 529 et
644 498 761 529 fiducia
790 497 1014 538 coniungatur.
1061 494 1307 527 Observandum

353 544 436 575 enim
462 542 544 582 quod
570 542 615 572 ait
638 541 746 576 Isaiae,
779 541 809 570 in
834 540 972 577 silentio,
1005 539 1036 570 id
1060 547 1107 569 est
1131 536 1255 578 placide
1278 544 1309 567 et

353 585 527 625 tranquille
563 582 797 624 expectandum
833 582 980 613 divinum
1016 582 1183 617 auxilium,
1225 579 1308 619 quod

353 630 392 660 iis
415 627 591 659 rationibus
614 636 694 666 quas
717 626 991 657 commodissimas
1021 635 1089 655 esse
1113 622 1309 658 iudicaverit,

355 671 449 703 faciet
480 669 607 701 tandem
638 675 673 699 ut
703 669 888 699 sentiamus.
935 668 1043 707 Quare
1074 667 1151 697 satis
1175 671 1308 704 apparet

354 726 394 746 ex
426 715 495 745 istis
518 712 627 744 Saulis
656 719 831 751 peccatum,
863 710 946 751 quod
971 718 1077 741 tamen
1104 710 1135 739 in
1160 717 1309 748 praesen-

353 758 399 788 tia
430 756 572 797 pluribus
608 755 752 794 persequi
789 764 852 784 non
889 760 992 786 vacat:

355 801 415 831 hoc
445 808 543 829 unum
574 798 715 828 animum
749 803 893 827 nostrum
924 796 1131 836 applicemus,
1162 801 1194 824 ut
1227 793 1308 823 veri-

356 843 413 873 tati
438 841 499 872 Dei
530 840 633 871 locum
665 839 786 875 demus,
819 844 854 869 ut
877 839 930 870 ille
960 849 1051 869 suum
1077 848 1156 877 opus
1180 837 1217 866 iis
1240 845 1311 875 gra-

356 885 450 916 dibus
479 890 509 914 et
533 883 712 913 'rationibus
737 888 934 921 promoveat,
964 892 1042 920 quas
1066 881 1124 920 ipsi
1150 878 1310 909 videbitur

357 926 508 959 adhibere
538 926 656 957 bonum
680 932 711 955 et
740 925 973 955 necessarium:
1006 934 1107 963 neque
1131 930 1239 953 nostra
1262 921 1309 951 in-

355 969 570 1010 temperantia
603 975 634 998 et
667 966 900 1004 incredulitate,
941 967 1030 997 nobis
1072 967 1182 996 innato
1222 964 1309 1000 vitio,

353 1023 435 1053 opus
469 1012 569 1051 ipsius
602 1011 858 1050 praecipitemus,
915 1009 978 1041 Sed
1014 1009 1172 1039 discamus
1206 1006 1311 1046 potius

357 1100 426 1139 ipso
457 1097 653 1132 recedamus,
689 1101 720 1126 et
752 1095 824 1126 hinc
856 1095 929 1126 inde
961 1095 1152 1126 fluctuantes
1183 1091 1310 1123 vacille-

356 1151 437 1175 mus.
472 1139 525 1171 sed
561 1139 608 1170 illi
643 1137 702 1169 soli
737 1139 989 1178 acquiescamus:

354 1184 474 1215 morari
507 1181 680 1218 videbitur,
717 1191 778 1211 non
810 1182 928 1211 frustra
960 1180 989 1210 id
1021 1180 1089 1210 fieri
1125 1187 1310 1218 persuasum

357 1227 543 1260 habeamus,
575 1231 669 1264 atque
692 1224 725 1254 in
750 1223 850 1263 ipsius
873 1223 1107 1263 providentiam
1133 1227 1311 1260 temporum
1336 1221 1338 1227 '

357 1276 390 1301 et
412 1269 688 1309 opportunitatum
712 1266 1022 1296 administrationem
1048 1264 1241 1295 reiieiamus:
1265 1270 1311 1293 at-

359 1323 420 1352 que
451 1311 580 1341 interim
608 1310 747 1340 sciamus
779 1309 869 1339 illum
892 1309 937 1339 sie
961 1308 1000 1338 de
1023 1308 1114 1338 nobis
1137 1307 1203 1338 fore
1226 1305 1311 1337 solli-

358 1356 468 1391 citum,
503 1359 540 1384 ut
574 1362 735 1391 nunquam
768 1351 866 1391 ipsius
900 1351 1056 1381 auxilium
1091 1360 1158 1387 nos,
1200 1359 1240 1379 ne
1273 1347 1313 1378 ad

362 1403 558 1428 momentum
582 1394 720 1434 quidem,
751 1404 853 1434 neque
877 1394 941 1424 ulla
964 1395 996 1423 in
1029 1404 1062 1424 re
1086 1392 1222 1429 deficiat,
1253 1391 1312 1422 etsi

361 1444 490 1480 praeter
518 1448 646 1469 omnem
681 1442 822 1467 nostram
857 1446 946 1476 spem
981 1442 1012 1467 et
1045 1436 1314 1475 exspectationem

360 1482 393 1513 id
423 1482 487 1512 fiat.
532 1480 616 1512 Nam
646 1480 749 1510 facere
780 1489 901 1510 moram
932 1479 1021 1510 nobis
1051 1478 1186 1514 videtur,
1217 1486 1315 1517 quum

362 1524 510 1566 precibus
544 1523 661 1554 nostris
694 1521 920 1562 interpellatus
953 1532 1017 1552 non
1052 1521 1154 1561 primo
1189 1530 1314 1560 quoque

362 1574 505 1607 tempore
532 1565 717 1605 respondet:
749 1570 780 1595 et
810 1564 942 1604 proinde
972 1564 1088 1595 iustam
1120 1563 1237 1594 habere
1260 1572 1316 1592 nos

361 1608 579 1649 conquerendi
602 1608 799 1639 occasionem
824 1607 913 1638 nobis·
934 1607 1170 1647 persuademus.
1194 1605 1316 1636 Verum

363 1653 407 1684 ita
442 1652 514 1682 fidei
549 1657 676 1681 nostrae
711 1650 830 1680 virtute
863 1649 1049 1680 certandum
1083 1655 1140 1688 est,
1175 1655 1209 1679 ut
1244 1648 1317 1678 licet

364 1695 419 1726 diu
444 1694 643 1733 multumque
667 1692 774 1723 Deum
797 1693 1101 1732 exspectaverimus,
1130 1699 1236 1722 tamen
1262 1690 1315 1721 ad·
1342 1715 1343 1731 2

363 1737 509 1769 futurum
533 1742 713 1776 opportuno
736 1741 878 1775 tempore
902 1736 1050 1772 sciamus,
1074 1742 1105 1765 et
1129 1736 1316 1765 effecturum

365 1786 401 1811 ut
428 1778 694 1820 promissionibus
724 1778 824 1818 ipsius
855 1778 1007 1808 fruamur.

365 1823 462 1854 latam
486 1821 641 1852 adversus
666 1820 795 1852 Saulem
819 1820 1012 1851 sententiam
1036 1821 1174 1850 audituri
1198 1829 1318 1856 sumus,

363 1875 445 1905 quae
479 1864 571 1895 nobis
611 1863 835 1894 instructionis
869 1864 936 1894 loco
976 1872 1045 1893 esse
1079 1863 1180 1893 debet.
1235 1861 1318 1892 Nam

365 1917 590 1949 quamcunque
619 1905 749 1936 tandem
780 1906 1020 1937 excusationem
1042 1905 1125 1936 facto
1147 1915 1204 1935 suo
1228 1914 1318 1944 prae-

366 1950 515 1986 texuerit,
539 1959 639 1990 regno
665 1955 771 1979 tamen
795 1948 935 1979 deiectus
965 1954 1030 1979 est:
1062 1948 1143 1987 quod
1169 1949 1318 1977 nimirum

367 1993 435 2024 Deo
465 2003 534 2023 sese
566 2003 628 2022 non
659 1991 870 2028 submisisset,
903 2001 1005 2031 neque
1037 1991 1190 2021 honorem
1215 1991 1243 2020 ei
1267 1990 1319 2020 de-

367 2035 468 2066 bitum
503 2033 706 2066 reddidisset:

365 2085 511 2110 caustum
540 2078 654 2108 offerre
686 2087 725 2107 ex
756 2076 958 2116 impatientia
986 2081 1061 2107 ante
1084 2076 1244 2107 Samuelis
1267 2075 1320 2105 ad-

368 2126 510 2157 ventum,
533 2121 593 2151 etsi
617 2121 699 2151 bona
722 2119 900 2150 intentione
923 2119 1088 2158 coepisset,
1111 2125 1204 2158 atque
1224 2118 1323 2148 homi-

369 2163 462 2194 nibus
494 2169 621 2203 gratum
652 2162 730 2192 illud
760 2169 988 2202 acceptumque
1013 2162 1133 2201 fuisset⁷
1166 2162 1251 2191 Deus
1278 2170 1321 2191 ta-

369 2217 451 2243 men,
477 2211 512 2235 ut
534 2205 618 2236 infra
642 2205 740 2236 visuri
765 2215 884 2242 suiuus,
908 2215 980 2235 eum
1006 2204 1122 2239 docuit,
1148 2204 1207 2234 sibi
1233 2205 1323 2244 longe

369 2259 437 2279 esse
460 2249 669 2288 acceptiorem
695 2247 906 2278 obedientiam
931 2257 1025 2287 quam
1049 2246 1250 2278 sacrificium.

454 2290 524 2321 Iam
549 2296 696 2330 superest
719 2293 769 2320 etc.

642 2461 878 2501 HOMILIA
908 2461 1054 2500 XLVI.

459 2547 486 2578 8.
513 2546 555 2577 Et
586 2546 770 2585 ezspectavit
792 2549 903 2584 septem
926 2546 1041 2583 (liebus,
1071 2546 1159 2577 iuxta
1176 2546 1327 2584 placitum

376 2590 539 2627 Samuelis,
570 2592 595 2620 et
618 2599 678 2620 ¹nou
700 2589 780 2619 venit
805 2588 929 2620 Samuel
953 2589 984 2619 in
1009 2588 1153 2628 Galqala,
1175 2589 1328 2628 dilapsus·
1353 2588 1355 2619 s

372 2643 429 2671 que
461 2635 502 2664 est
530 2631 666 2671 populus
700 2631 737 2662 ab
769 2642 810 2662 eo.
855 2631 884 2662 9.
914 2631 971 2662 Ait
1003 2641 1071 2671 erqo
1106 2630 1191 2668 Saul,
1225 2631 1328 2670 afferte

1036 751 1242 792 quamobrem
1278 751 1309 780 in
1335 774 1336 777 ,

1335 915 1337 922 Α
1362 887 1556 916 nequaquam
1585 887 1710 917 refluum
1733 881 1818 909 tuum
1841 878 1923 908 ultro
1947 879 2116 916 eonsuryet.

1335 924 1337 960 ⁴]
1362 920 1516 951 Dominus
1545 919 1606 950 sibi
1630 921 1731 951 virum
1754 922 1841 951 iuxta
1865 931 1914 951 eor
1934 929 2042 951 suum:
2073 922 2099 950 et
2115 918 2273 957 praecepit
2295 917 2323 948 ei

1335 975 1337 999 ς
1363 962 1528 1000 Dominus,
1554 965 1585 993 ut
1608 965 1683 993 esset
1705 963 1770 994 dux
1792 974 1886 1002 super
1899 963 2050 1002 populum
2067 972 2170 998 suum,
2193 971 2225 992 eo
2243 959 2323 1000 quod

1335 1042 1337 1047 ¹
1362 1015 1419 1036 non
1442 1006 1614 1035 servaveris
1635 1016 1713 1044 quae
1731 1007 1886 1045 praecepit
1909 1005 2075 1037 Dominus.

356 1055 450 1087 fidem
474 1055 507 1085 in
530 1054 599 1093 ipso
622 1059 765 1084 nostram
789 1053 832 1083 ita
854 1052 1019 1088 collocare,
1044 1062 1083 1082 ne
1107 1060 1246 1090 unquam
1271 1048 1311 1079 ab
1334 1058 1337 1090 j

1038 1139 1141 1176 Atque
1174 1134 1251 1165 adeo
1285 1135 1337 1164 si*

1361 281 1439 310 mihi
1472 280 1676 311 holocaustum
1705 284 1731 312 e!
1749 282 1899 321 pactsiru:
1929 283 1956 310 e!
1978 279 2084 310 obtulit
2106 279 2321 310 holocaustum.

1364 323 1411 354 lO.
1446 325 1604 362 Quumque
1633 324 1803 363 complesse*
1831 324 1959 362 offerens
1995 322 2218 355 holocaustum,
2258 332 2322 354 ecce

1364 366 1490 396 &nauel
1509 366 1664 403 vernabat,
1693 370 1720 397 et
1748 376 1888 406 eyressus
1911 368 1953 396 est
1977 364 2054 395 Saul
2077 364 2196 394 obvium
2218 365 2256 401 ei,
2290 367 2321 394 ut

1359 408 1508 438 salutaret
1531 419 1606 439 eum.
1654 410 1700 440 11.
1723 409 1940 448 Loquutusth
1962 412 2004 437 est
2027 408 2067 437 ud
2089 417 2156 437 eum
2182 406 2323 437 Sanauel:

1364 451 1446 489 Quid
1473 450 1593 489 fecisti?
1636 452 1804 491 Respondit
1830 450 1923 481 Saul:
1959 450 2037 489 Quia
2070 450 2135 479 vidi
2164 449 2244 488 quod
2269 459 2324 488 po-

1355 493 1454 532 pulus
1475 493 1661 524 dilaberetur
1683 505 1701 525 α
1721 505 1775 531 me,
1799 498 1825 525 et
1849 497 1879 523 tu
1904 503 1964 523 non
1991 502 2116 523 veneras
2138 492 2227 522 iuxta
2251 501 2322 522 con-

1360 537 1481 566 stitutos
1508 536 1583 575 dies,
1609 547 1705 576 porro
1736 536 1908 568 Ptolis-uim
1936 535 2106 574 eonyreyati
2133 535 2259 573 fuerunt
2288 535 2322 565 in

1363 578 1535 621 Machmas,
1578 579 1626 610 12.
1650 579 1748 611 Dixi.-
1773 579 1865 610 Xunc
1887 578 2063 609 descendent
2086 576 2255 608 Philistum
2280 577 2322 608 ad

1362 632 1407 652 me
1431 622 1461 651 in
1487 621 1632 662 Gulyala,
1664 625 1690 652 et
1710 622 1823 661 faciem
1846 621 1976 652 Domini
2000 630 2059 651 uon
2076 620 2212 660 placavi.
2259 619 2320 650 Ne-

1361 665 1497 694 cessitate
1527 664 1701 704 compulsus
1731 665 1822 695 obtuli
1847 664 2052 695 holocaustum
2079 662 2220 693 Domino.
2269 661 2318 693 13.

1362 707 1512 745 Dioeilque
1536 706 1661 737 Samuel
1683 708 1725 738 acl
1750 707 1827 738 Saul
1835 720 1842 738 ;
1869 707 1963 737 stulte
1985 706 2081 746 egisti,
2100 715 2153 736 nec
2163 704 2321 736 custodisti

1362 750 1508 780 mandata
1534 748 1663 780 Domini
1685 749 1746 781 Dei
1768 751 1823 788 tui,
1845 760 1923 789 quae
1941 749 2100 788 praecepit
2119 748 2188 778 tihi.
2237 747 2322 786 Quod

1362 793 1391 822 si
1412 802 1471 822 non
1492 793 1626 831 fecisses,
1650 793 1713 822 iam
1738 803 1819 824 nune
1833 794 2052 832 praeparasset
2076 790 2231 821 Dominus
2252 799 2320 829 rey-

1363 845 1435 865 num
1475 837 1560 865 tuum
1589 844 1683 874 super
1713 834 1814 866 Israel
1845 836 1877 866 ιή
1907 835 2133 873 sempiternum.
2181 833 2228 863 14.
2263 832 2323 864 sed

2165 875 2323 914 Quaesivit

1448 1090 1611 1121 Hesterna
1655 1091 1807 1123 concione
1849 1091 2028 1128 didicimus,
2073 1100 2186 1120 verum
2229 1099 2322 1120 usum

1365 1141 1493 1164 nostrae
1517 1134 1590 1164 fidei
1615 1133 1755 1173 positum
1781 1135 1812 1164 in
1839 1144 1874 1164 eo
1899 1144 1977 1168 esse,
2001 1141 2035 1164 ut
2060 1132 2144 1172 quod
2164 1132 2323 1163 auxilium

1364 1176 1454 1207 nobis
1486 1176 1576 1206 Deus
1600 1177 1755 1216 promisit,
1785 1177 1942 1216 patienter
1965 1183 2196 1215 exspectemus.
2243 1176 2323 1205 Cer-

1364 1225 1433 1250 tum
1465 1220 1550 1248 euim
1581 1225 1629 1249 est
1658 1218 1764 1249 Deum
1787 1229 1844 1259 pro
1868 1229 1925 1250 sua
1949 1226 2038 1259 parte
2064 1225 2241 1258 temporum
2267 1227 2322 1256 op-

1366 1261 1598 1302 portunitatem
1629 1262 1661 1291 in
1694 1272 1790 1292 manu
1823 1261 2003 1301 habentem,
2033 1271 2195 1300 nunquam
2221 1259 2322 1297 nobis,

1366 1315 1406 1335 ne
1438 1311 1600 1334 momento
1627 1304 1770 1343 quidem=
1802 1304 1997 1336 defuturum.
2043 1303 2107 1335 Sed
2140 1304 2240 1334 nostri
2274 1312 2323 1333 re-

1367 1354 1478 1387 spectu
1502 1352 1592 1377 tauta
1615 1355 1663 1378 est
1686 1347 1900 1387 impatientia,
1931 1355 1966 1378 ut
1991 1347 2050 1377 nisi
2075 1357 2138 1386 quo
2161 1351 2324 1376 momento

1368 1391 1517 1421 volumus
1540 1395 1694 1426 accurrat,
1720 1401 1769 1421 res
1791 1396 1917 1421 nostrae
1941 1390 2123 1430 deploratae
2142 1388 2323 1419 videantur.

1369 1432 1586 1472 Quamobrem
1611 1432 1743 1463 affectus
1766 1440 1891 1464 nostros
1911 1433 2050 1468 retineri,
2074 1432 2164 1463 velut
2184 1430 2326 1468 habenis,

1369 1481 1505 1516 oportet,
1531 1481 1565 1505 ut
1588 1475 1648 1515 ipsi
1673 1486 1728 1515 pro
1752 1476 1918 1506 voluntate
1942 1475 2096 1515 operandi
2119 1475 2257 1514 spatium
2281 1483 2325 1504 re-

1370 1519 1562 1558 linquamus
1597 1518 1863 1557 quemadmodum
1895 1519 1985 1549 nobis
2016 1518 2092 1548 utile
2124 1527 2193 1548 esse
2216 1522 2248 1546 et
2271 1526 2328 1546 ex-

1370 1561 1480 1602 pedire
1511 1561 1672 1600 cognovit,
1703 1571 1742 1591 nc
1773 1566 1882 1591 nostro
1914 1561 2038 1592 fervore
2068 1567 2098 1590 et
2129 1558 2329 1598 impatientia

1370 1605 1473 1644 ipsum
1513 1610 1764 1642 praevertamus.
1809 1604 1857 1634 Ac
1891 1604 2025 1643 proinde
2057 1609 2091 1633 ut
2122 1602 2191 1632 heri
2221 1601 2327 1632 docui-

1370 1658 1451 1684 mus,
1483 1646 1561 1678 Saul
1593 1647 1718 1687 insigne
1749 1646 1840 1677 nobis
1864 1646 1956 1677 istius
1981 1647 2024 1676 rei
2048 1645 2231 1684 exemplum
2255 1653 2328 1684 pro-

1371 1691 1514 1730 ponitur:
1539 1699 1615 1720 nam
1639 1691 1740 1729 prima
1764 1689 1891 1729 quidem
1916 1690 2021 1720 fronte
2047 1688 2210 1718 videretur
2234 1696 2330 1718 excu-

1342 1747 1344 1774 ζ
1369 1732 1500 1770 sandus,
1523 1732 1607 1772 quod
1631 1732 1671 1763 ad
1690 1733 1861 1772 septimum
1882 1742 1982 1771 usque
2001 1731 2084 1762 diem
2105 1735 2329 1770 exspectasset,

1055 1777 1212 1816 Deinceps
1244 1785 1317 1807 vero
1343 1799 1344 1804 ,

1369 1782 1400 1807 et
1441 1775 1672 1815 praescriptum
1708 1785 1726 1805 a
1760 1775 1915 1815 propheta
1948 1781 2074 1814 tempus
2106 1774 2170 1804 iam
2205 1778 2329 1813 praete-

1371 1819 1490 1849 riisset:
1522 1827 1558 1848 ac
1588 1817 1720 1857 proinde
1752 1818 1942 1849 sacrificium
1968 1817 2124 1848 offerendi
2147 1815 2328 1846 libertatem

1372 1861 1512 1892 haberet.
1559 1860 1684 1891 Deinde
1718 1867 1748 1891 et
1785 1861 1974 1891 necessitate
2008 1859 2145 1900 quadam
2174 1857 2330 1889 adductus

1373 1904 1509 1940 videtur,
1534 1914 1595 1934 non
1618 1911 1704 1934 motu
1729 1905 1866 1943 proprio,
1892 1914 1993 1942 neque
2017 1902 2200 1937 ambitione,
2224 1909 2330 1939 neque

1372 1948 1403 1977 in
1434 1947 1540 1978 cultus
1563 1946 1625 1977 Dei
1652 1946 1823 1977 ludibrium
1849 1953 1880 1976 et
1903 1953 2134 1985 contemptum:
2166 1943 2220 1974 sed
2244 1941 2329 1982 quod

1345 1996 1347 2014 ἵ
1373 1989 1509 2029 populus
1531 1999 1549 2019 a
1571 2000 1604 2020 se
1629 1988 1823 2019 dilaberetur
1847 1996 1878 2019 et
1897 1989 2116 2028 dissiparetur,
2140 1997 2176 2017 ac
2195 1984 2330 2026 proinde

748 2033 802 2065 sed
836 2034 932 2064 stulte
966 2040 997 2064 et
1031 2034 1201 2064 temerarie
1236 2033 1347 2063 holo-=

1373 2033 1458 2063 solus
1488 2042 1506 2062 a
1529 2033 1596 2062 suis
1619 2032 1871 2071 relinqueretur:
1894 2031 2100 2071 quamobrem
2124 2039 2224 2069 quum
2248 2027 2328 2058 nihil

1346 2100 1348 2109 ,
1373 2076 1432 2106 sibi
1457 2075 1616 2115 reliquum
1636 2074 1674 2105 ad
1695 2074 1829 2105 salutem
1851 2075 2070 2107 arbitraretur.
2089 2071 2128 2103 ad
2147 2078 2328 2102 extremum

1374 2117 1458 2149 istud
1483 2117 1608 2157 asylum
1628 2118 1781 2157 confugit.
1829 2118 1924 2157 Atqui
1944 2115 2075 2148 Samuel
2095 2125 2167 2145 eum
2187 2113 2330 2154 graviter

1348 2177 1349 2180 =
1374 2161 1412 2191 ob
1436 2162 1554 2192 factum
1573 2159 1659 2191 istud
1679 2161 1832 2199 increpat,
1857 2166 1889 2190 et
1907 2160 1960 2197 ait,
1983 2158 2079 2190 stulte
2097 2157 2188 2188 illum
2208 2156 2330 2193 fecisse,

2086 2200 2133 2231 Ea
2165 2206 2214 2230 est.
2243 2198 2330 2229 enim

1734 2244 1864 2277 Samuel
1899 2244 2026 2284 quidem
2061 2253 2136 2273 sane
2170 2241 2330 2272 maturius

1375 2204 1473 2234 immo
1501 2203 1650 2234 insanum
1681 2208 1711 2233 et
1742 2208 1902 2233 amentem
1934 2202 2040 2232 fuisse.

1377 2247 1463 2277 vocis
1504 2245 1591 2276 illius
1633 2246 1687 2277 vis.

1350 2320 1352 2323 ,
1378 2289 1486 2319 venire
1510 2295 1653 2329 poterat:
1677 2288 1731 2319 sed
1756 2298 1846 2318 mora
1869 2288 1923 2318 illa
1945 2286 2034 2317 Deus
2054 2285 2164 2316 Saulis
2183 2284 2331 2315 obedien-

1351 2353 1353 2359 .
1378 2333 1454 2362 tiam
1485 2331 1653 2371 explorare
1685 2330 1818 2367 volebat,
1846 2329 2051 2368 eiusdemque
2082 2327 2120 2358 ad
2149 2334 2331 2358 extremum

1378 2374 1658 2414 perseverantiam.
1704 2373 1785 2404 Nam
1805 2373 1875 2404 sine
1893 2371 2130 2411 perseverantia
2158 2369 2333 2410 praeterita

1378 2418 1484 2448 omnia
1523 2427 1604 2446 vana
1637 2424 1669 2447 et
1702 2415 1838 2446 inutilia.
1883 2414 1974 2445 Deus
2007 2414 2114 2453 itaque
2148 2412 2332 2444 Samuelem

1378 2460 1516 2499 aliquam
1552 2469 1673 2489 moram
1709 2458 1836 2489 trahere
1871 2457 1980 2491 voluit.
2019 2462 2054 2486 ut
2087 2455 2270 2495 exploraret
2291 2465 2333 2486 an

1379 2502 1456 2532 Saul
1476 2508 1662 2533 constanter
1685 2511 1718 2532 se
1737 2501 1768 2532 in
1789 2500 1937 2531 maximis
1956 2499 2106 2539 periculis
2125 2504 2157 2528 et.
2176 2497 2334 2538 angustiis

1379 2552 1410 2575 et
1435 2544 1663 2575 tentationibus
1687 2549 1820 2584 gereret.
1866 2542 1948 2573 Nam
1973 2552 2048 2572 sane
2068 2540 2159 2572 facile
2179 2547 2227 2571 est
2245 2547 2334 2571 uten-

1379 2587 1463 2618 tibus
1493 2587 1652 2627 prosperis
1682 2592 1713 2617 et
1743 2585 1889 2617 secundis
1920 2584 2014 2615 rebus
2043 2583 2113 2614 Deo
2136 2583 2272 2620 obedire,
2303 2586 2335 2613 et

1380 2630 1467 2660 nulla
1491 2641 1523 2660 re
1544 2630 1583 2661 ad
1607 2629 1803 2661 eontrarium
1828 2627 2017 2667 sollicitatis,
2040 2637 2138 2666 quare
2162 2636 2224 2657 non
2243 2635 2335 2665 mag-
