2551 3044
325 234 387 264 671
1178 228 1381 261 HOMILIA
1406 228 1479 260 CII.
2266 233 2329 265 672

324 327 516 358 comitatum
549 325 581 354 in
614 323 698 354 idem
735 334 843 354 secum
867 323 1022 354 excitium
1059 323 1151 354 illum
1176 324 1298 363 praeci·
1323 335 1326 362 y
1354 324 1382 355 8.
1413 322 1565 360 Dia-itque
1596 321 1706 353 David
1735 322 1778 353 ad
1808 322 1923 353 Achis:
1962 324 2045 362 Quid
2078 325 2162 355 enim
2189 325 2266 366 feci,
2300 330 2329 358 et

325 370 425 408 pitem
451 367 552 398 dare?
577 366 645 397 Nos
669 373 782 397 contra
807 366 967 397 discamus
984 367 1051 396 Deo
1071 367 1218 397 minante
1243 377 1298 397 no-

325 411 373 441 bis
398 420 526 449 poenas,
552 419 618 439 non
643 415 771 439 tautum
792 409 932 449 ingenue
957 416 1085 448 peccata
1106 409 1216 440 fateri:
1241 408 1297 439 sed

323 454 421 483 etiam
447 452 527 482 ulios
551 452 734 488 admonere,
768 458 804 482 ut
835 462 944 482 veram
975 458 1110 490 agentes
1134 451 1299 491 poeniten—

323 496 412 532 tiam,
442 502 473 525 et
497 496 624 525 sincero
647 494 763 525 affectu
794 494 832 524 ad
859 493 965 524 Deum
988 494 1138 525 conversi
1162 495 1298 534 sapiant,

322 547 352 569 ct
378 538 444 568 irae
470 537 531 568 Dei
563 536 692 567 obviam
723 537 859 567 veniant
889 547 962 567 cum
996 537 1144 576 precibus
1174 543 1206 567 et
1228 547 1299 567 ora·
1324 560 1325 566 1

323 580 473 615 tionibus.
499 590 535 610 ac
560 590 639 610 vera
663 580 873 619 poenitentia.
903 578 992 611 Sane
1015 580 1041 609 si
1066 579 1147 611 Saul
1172 580 1300 618 pietatis

322 623 497 654 scintillam
524 621 699 657 habuisset,
725 623 755 652 in
776 629 882 653 eastra
901 632 960 652 sua
975 632 1124 653 reversus
1143 622 1299 652 advocata

322 665 433 706 populi
466 665 622 696 concione
653 665 878 695 imminentem
912 664 973 695 Dei
1006 665 1184 695 vindictam
1220 665 1325 704 ipsis

1324 716 1325 721 ¹
1352 709 1433 736 nocte
1473 705 1681 742 surrexeritis,
1721 708 1747 736 et
1786 707 1917 745 coeperit
1955 707 2158 747 dilucescere,
2193 709 2326 749 peryite.

325 708 553 748 praedicasset,
583 714 615 737 et
639 707 677 737 ad
708 707 940 746 poenitentiam
965 706 1152 739 cohortatus
1177 708 1296 742 fuisset,

326 751 490 791 proposita
515 750 627 780 divina
650 749 878 785 misericordia.
903 760 984 790 quae
1005 751 1206 789 poenitentes
1226 760 1244 780 a
1265 761 1297 780 se

326 804 494 832 nunquam
520 793 655 832 repellit.
701 792 766 824 Sed
791 793 899 823 omnia
930 792 985 823 illa
1009 792 1233 827 dissimulavit,
1266 798 1298 822 et
1322 799 1323 830 ᾗ

1322 841 1323 852 ¹
1351 833 1544 865 Plaeilistiim:
1567 832 1743 864 Plu'listiim
1766 837 1870 864 autem
1889 834 2115 866 adscenderunt
2139 836 2172 866 in
2190 835 2325 868 Iezraez.

327 842 480 875 tauquam
505 835 701 866 furibundus
726 835 882 875 praelium
907 835 1093 866 commissit.
1131 835 1197 865 Nos
1224 845 1297 865 vero

329 886 443 910 contra
478 878 641 909 discamus
672 877 710 908 ad
739 877 846 909 Deum
880 878 1011 918 propius
1044 878 1204 916 accedere,
1236 887 1297 916 quo

325 921 492 961 graviores
517 930 637 960 poenas
651 921 810 951 minatur:
835 921 955 952 etlieet
967 920 1057 951 nulla
1073 930 1145 960 spes
1159 920 1297 959 amplius

325 963 442 994 salutis
472 969 635 1003 appareat,
665 962 720 994 sed
752 963 866 994 ultima
895 962 1119 993 condemnatio
1150 963 1298 993 videatur

324 1007 506 1042 imminere,
527 1016 568 1036 ne
588 1012 758 1045 propterea
777 1005 1035 1045 despondeamus
1055 1007 1216 1036 animuin:
1242 1004 1297 1036 sed
1322 1020 1323 1027 κ

325 1048 465 1079 salutem
490 1049 640 1079 omnibus
665 1049 898 1088 poenitentiam
913 1048 1084 1088 agentibus
1098 1049 1296 1087 propositam

325 1101 510 1131 speremus:
534 1098 566 1122 et
590 1091 669 1122 alios
693 1092 788 1122 etiam
810 1091 849 1122 ad
871 1091 930 1121 hoe
954 1092 1059 1130 ipsum
1080 1097 1296 1124 cohortemur.

326 1140 361 1164 ut
392 1140 576 1173 opportuno
610 1139 754 1173 tempore
785 1133 846 1164 Dei
886 1134 1045 1164 auxilium
1081 1133 1296 1172 experiamur,

325 1183 357 1207 et
381 1176 514 1207 tandem
547 1177 669 1216 gratias
701 1177 747 1207 illi
779 1176 818 1207 de
848 1176 998 1206 omnibus
1023 1176 1199 1206 benefactis
1224 1186 1297 1215 aga-

325 1229 406 1256 mus,
431 1226 464 1249 et
478 1229 595 1250 nomen
621 1219 722 1259 ipsius
746 1219 909 1259 perpetuis
928 1218 1076 1250 laudibus
1093 1218 1296 1249 extollamus.
1321 1238 1323 1252 ,=

411 1261 483 1292 Iam
511 1272 587 1293 vero
611 1262 706 1302 agite,
731 1264 782 1293 ete.

649 1431 891 1470 HOMlLIA
921 1431 994 1469 CII

686 1498 784 1530 CAP.
810 1497 941 1530 XXIX.

325 1645 455 1685 aymina
488 1644 520 1674 in
552 1643 675 1683 Apleec:
705 1644 758 1675 sed
787 1646 813 1674 et
843 1643 946 1675 Israel
975 1646 1212 1676 castrametatus
1256 1647 1298 1675 est

324 1698 421 1725 super
447 1687 562 1726 sontem
591 1687 645 1725 qui
676 1689 742 1717 erat
772 1687 805 1717 in
838 1686 966 1717 Iam-ael.
1011 1687 1040 1717 2.
1073 1686 1116 1717 Et
1145 1686 1299 1725 Sutrapae
1324 1699 1325 1721 ι

324 1729 448 1768 quidem
475 1728 717 1759 Philistaeorum
742 1728 921 1760 incedebant
951 1729 984 1760 in
1008 1730 1156 1760 centuriis
1179 1732 1205 1759 et
1227 1729 1298 1760 mil-
1324 1748 1325 1758 ³

324 1772 423 1803 libus:
455 1771 567 1802 David
595 1774 696 1802 autem
726 1774 753 1802 et
775 1772 837 1802 viri
866 1772 934 1802 eius
965 1775 1053 1803 erant
1076 1773 1110 1802 iu
1134 1772 1299 1803 notissimo
1324 1796 1325 1804 1

323 1815 447 1853 aymine
470 1824 538 1845 cum
561 1813 668 1845 Aeliis.
714 1814 744 1845 3.
774 1814 994 1853 Dixeruntque
1010 1815 1173 1853 principes
1196 1814 1299 1846 Phili·
1324 1832 1325 1845 ι

321 1857 422 1888 stiim:
458 1857 541 1895 Quid
564 1856 626 1887 sibi
653 1857 760 1888 volunt
791 1856 927 1887 Hebraei
957 1857 1038 1888 isti?
1071 1857 1113 1888 Et
1135 1858 1180 1887 ait
1203 1857 1300 1889 Aeliis

325 1900 367 1930 ad
392 1900 556 1938 principes
586 1899 777 1930 Philistum.-
813 1899 977 1939 Numquid
1010 1900 1162 1939 iynoratis
1191 1900 1299 1932 David

324 1943 379 1981 qui
405 1942 468 1981 fuit
498 1952 608 1972 servus
639 1941 718 1972 Saul
748 1943 831 1982 reqis
862 1942 982 1980 Israel,
1012 1944 1038 1973 et
1066 1946 1110 1973 est
1138 1943 1224 1981 apud
1254 1953 1300 1973 me
1324 1939 1325 1946 ¹

323 1985 433 2016 multis
455 1984 566 2016 diebus
590 1985 636 2016 vel
653 1985 757 2021 annis,
781 1987 809 2015 et
821 1995 881 2016 non
901 1985 1005 2015 inveni
1024 1985 1101 2016 ineo
1116 1985 1297 2024 quidquam,

323 2037 361 2058 ex
391 2028 442 2058 die
471 2037 533 2066 qua
556 2028 726 2067 transfuqit
748 2028 790 2058 ad
813 2037 869 2063 me,
899 2037 996 2066 usque
1019 2028 1060 2058 ad
1088 2028 1171 2058 diem
1194 2028 1298 2058 lianc?
1324 2023 1325 2030 ¹

323 2070 353 2100 4.
379 2070 464 2100 Irati
482 2072 553 2100 sunt
572 2073 674 2101 autem
686 2071 836 2101 adversus
852 2080 922 2101 eum
941 2070 1100 2110 principes
1115 2070 1298 2107 Philistum,
1324 2102 1325 2107 ¹

324 2115 350 2143 et
372 2113 518 2143 ‹lii-erunt
539 2112 581 2142 ei:
615 2112 798 2143 Revertatur
821 2113 880 2151 vir,
910 2115 937 2143 et
959 2113 1063 2144 sedeat
1091 2113 1124 2143 in
1147 2113 1210 2144 loco
1233 2123 1299 2151 suo,

324 2155 359 2185 in
381 2165 438 2193 quo
469 2155 656 2186 constituisti
687 2165 772 2185 eum:
803 2158 830 2186 et
861 2165 919 2187 non
950 2155 1111 2186 descendat
1142 2156 1324 2195 nobiscum¹

1323 2197 1501 2228 “miranda
1537 2198 1598 2229 Dei
1631 2207 1709 2237 erga
1744 2197 1906 2228 Davidem
1941 2197 2086 2235 bonitas,
2122 2204 2151 2228 et
2188 2203 2326 2238 paterna

324 2198 357 2228 iu
377 2197 546 2237 praelium,
570 2208 606 2228 ne
622 2197 778 2236 fiatnobis
793 2198 1008 2238 adversarius,
1031 2208 1127 2237 quum
1141 2198 1299 2237 praeliari

323 2240 521 2278 coeperimus.
569 2241 723 2278 Quomodo
746 2241 826 2271 (mim
851 2241 942 2271 aliter
960 2241 1076 2279 poterit
1094 2241 1223 2279 placare
1245 2241 1296 2271 do-

324 2283 445 2312 minum
467 2293 571 2320 sumn,
595 2283 659 2313 nisi
682 2283 715 2313 in
733 2283 886 2321 capitibus
903 2283 1043 2314 nostris?
1065 2283 1094 2314 5.
1121 2283 1230 2314 Nonne
1243 2283 1298 2314 iste

325 2327 370 2355 est
402 2325 510 2356 Dauid
540 2325 591 2355 eui
621 2325 787 2356 cantabant
817 2327 851 2356 in
881 2326 1008 2365 choreis,
1040 2326 1189 2357 dicentes:
1219 2325 1296 2356 Per-

324 2368 420 2398 cussit
444 2367 525 2398 Saul
548 2368 579 2398 in
605 2367 742 2398 millibus
764 2369 842 2406 suis,
866 2372 891 2399 el
917 2368 1025 2399 David
1048 2369 1080 2399 in
1104 2369 1206 2399 decem
1228 2368 1298 2399 mil-

323 2409 406 2440 libus
428 2411 506 2440 suis.
553 2410 582 2441 6.
616 2410 741 2441 Vocat-it
763 2421 837 2450 erqo
862 2411 962 2442 Aeliis
984 2410 1107 2449 David,
1136 2413 1162 2441 et
1185 2411 1230 2441 ait
1251 2411 1296 2441 ei:
1321 2433 1323 2444 Α

333 2452 417 2482 Vivit
439 2452 608 2489 Dominus,
639 2453 715 2491 quia
745 2456 844 2484 rectus
873 2464 905 2484 es
928 2456 970 2491 tu,
1000 2456 1026 2484 et
1049 2453 1145 2484 bonus
1168 2453 1202 2484 in
1224 2463 1295 2484 con-

323 2497 425 2533 spectu
453 2505 534 2525 meo:
565 2498 591 2526 et
613 2496 717 2526 exitus
739 2498 822 2534 tuus,
853 2499 880 2527 et
908 2497 1056 2527 introitus
1085 2499 1159 2528 tuus
1180 2506 1297 2528 mecum
1321 2525 1323 2536 ἶ

1320 2538 1488 2577 'amplius
1519 2537 1711 2577 infulgebat,
1746 2536 1883 2569 Davidis
1915 2543 2130 2577 protectorem
2162 2538 2322 2579 patefecit.

325 2540 369 2567 est
394 2538 426 2568 in
448 2538 569 2573 castris,
594 2541 620 2568 et
642 2548 702 2569 non
726 2539 829 2569 inveni
852 2539 885 2569 in
908 2541 936 2569 te
954 2539 1126 2578 quidquam
1148 2539 1235 2577 mali,
1259 2548 1297 2569 ex

323 2579 375 2609 die
398 2590 461 2618 qua
480 2581 590 2611 venisti
611 2581 654 2611 ad
676 2591 731 2615 me.
763 2591 859 2620 usque
888 2582 922 2612 in
944 2582 1026 2612 diem
1047 2581 1141 2612 lianc:
1170 2581 1225 2613 sed
1246 2591 1296 2612 sa-

323 2623 426 2660 trapis
449 2632 508 2652 non
526 2622 642 2660 places.
668 2623 696 2654 7.
716 2623 879 2655 Revertere
902 2634 982 2663 er90‚
1006 2626 1033 2654 et
1056 2624 1132 2656 vade
1156 2625 1190 2655 in
1209 2633 1295 2663 paee,

322 2666 348 2693 et
398 2674 459 2696 vnon
510 2665 642 2704 offendes
692 2665 794 2697 oculos
843 2669 1047 2705 satraparum
1109 2667 1294 2698 Philistum.

1351 365 1428 406 quid
1452 364 1600 395 invenisti
1621 365 1653 395 in
1678 374 1724 396 me
1746 374 1834 396 servo
1857 368 1906 396 tuo
1929 375 1949 396 a
1972 366 2022 396 die
2045 377 2107 406 qua
2129 367 2180 406 fui
2204 369 2236 398 in
2259 378 2328 400 con-

1352 410 1454 446 spectu
1486 410 1536 437 tuo
1564 416 1661 446 usque
1692 404 1725 438 in
1753 407 1835 439 diem
1865 407 1957 443 hanc,
1988 412 2023 439 ut
2049 419 2109 440 non
2141 411 2271 450 veniam,
2303 414 2330 442 et

1349 460 1483 490 [nequem
1511 453 1617 481 contra
1646 450 1792 480 inimicos
1819 450 1940 481 domiui
1969 452 2031 482 mei
2057 453 2166 492 reqis?
2209 453 2238 484 9.
2266 453 2326 484 Re-

1351 493 1505 532 spondeus
1535 495 1639 522 autem
1670 492 1768 524 Aeliis
1799 493 1946 532 loquutus
1968 497 2012 524 est
2035 494 2076 525 ad
2098 494 2209 526 David
2217 507 2227 527 .·
2258 495 2329 527 Scio

1352 536 1427 575 quia
1451 535 1548 566 bonus
1577 544 1608 565 es
1631 537 1664 565 tu
1693 535 1729 566 in
1751 536 1848 566 oculis
1870 537 1958 571 meis,
1988 537 2068 568 sicut
2093 537 2223 578 angelus
2246 538 2328 570 Dei.-

1351 579 1405 609 sed
1423 578 1586 617 principes
1608 576 1850 609 Plzilistinorum
1873 578 2036 610 dixerzmt:
2070 579 2142 611 Non
2165 581 2328 612 adscendet

1353 620 1509 651 nobiseum
1527 620 1561 650 in
1579 619 1749 659 praelium.
1797 620 1846 652 10.
1873 621 1980 660 Iqitur
2001 631 2147 662 cousurye
2169 633 2268 660 mane,
2293 626 2327 654 tu

1351 666 1377 694 et
1399 664 1482 693 servi
1505 663 1627 694 domini
1647 663 1704 701 tui,
1733 663 1786 702 qui
1809 667 1956 694 venerunt
1978 666 2093 696 tecum.-
2123 668 2151 696 et
2172 676 2268 705 quum
2290 666 2328 697 de

1352 749 1400 779 11.
1427 747 1573 778 Surrexit
1596 748 1698 786 itaque
1718 748 1755 779 de
1777 751 1859 780 nocte
1882 748 1992 780 David
2022 750 2089 789 ipse
2113 753 2140 781 et
2162 761 2225 782 viri
2247 752 2325 789 eius,

1350 794 1383 822 ut
1414 791 1683 829 proficiscerentur
1714 801 1822 829 mane,
1858 794 1884 821 et
1914 795 2103 823 reverterunt
2132 793 2175 824 ad
2210 795 2326 825 terram

1436 918 1507 949 Hae
1520 919 1707 949 narratione
1730 918 1916 949 continetur
1928 919 2129 951 admirabilis
2153 921 2236 952 ratio
2260 930 2324 961 qua

1350 962 1439 992 Deus
1464 960 1625 992 Davidem
1649 971 1689 991 ex
1713 960 1776 991 illis
1801 961 2048 993 difficultatibus
2072 963 2166 1001 eruit,
2192 964 2225 994 in
2245 973 2325 1003 quas

1350 1005 1501 1035 incautus
1524 1003 1698 1034 inciderat:
1728 1004 1781 1034 ubi
1806 1004 1976 1043 impletum
2002 1005 2151 1037 videmus
2182 1006 2266 1045 quod
2290 1006 2324 1037 in

1350 1047 1483 1087 psalmis
1499 1046 1602 1077 David
1627 1045 1802 1085 praedicat,
1827 1046 1934 1077 Deum
1960 1047 1994 1078 iu
2013 1048 2150 1079 summis
2163 1049 2325 1089 angustiis

1350 1096 1381 1121 et
1405 1089 1654 1120 difficultatibus
1678 1088 1834 1119 auxilium
1865 1089 1926 1128 ipsi
1958 1090 2082 1121 tulisse.
2129 1090 2222 1130 Quae
2251 1091 2325 1123 doo-

1351 1133 1436 1163 trina
1461 1132 1554 1162 valde
1579 1131 1668 1161 utilis
1691 1138 1740 1161 est
1763 1137 1796 1162 et
1819 1133 2010 1170 necessaria,
2036 1143 2153 1174 nempe
2173 1139 2242 1164 tum
2267 1144 2324 1165 ex—

1350 1175 1563 1215 spectandum
1585 1184 1603 1204 a
1617 1173 1687 1204 Deo
1711 1174 1878 1211 auxilium,
1901 1185 2001 1214 quum
2023 1176 2194 1216 desperata
2216 1177 2326 1207 omnia

1350 1219 1520 1254 videntur,
1556 1223 1589 1247 et
1623 1216 1748 1247 nullum
1779 1217 1920 1256 amplius
1950 1217 2107 1250 adversus
2138 1219 2326 1259 ingruentia

1350 1261 1436 1292 mala
1460 1270 1629 1299 superesse
1652 1258 1842 1290 remedium.
1878 1259 1962 1290 Tum
1985 1261 2088 1300 igitur
2103 1269 2325 1301 opportunum

1351 1311 1398 1334 est
1423 1309 1550 1342 tempus
1566 1302 1626 1332 Dei
1650 1301 1808 1332 auxilium
1833 1302 2030 1341 experiendi,
2056 1314 2157 1344 quum
2183 1304 2326 1335 humana

1351 1346 1485 1378 consilia
1510 1345 1672 1379 deficiunt,
1697 1350 1728 1375 et
1747 1344 1858 1375 nullus
1876 1351 2012 1385 apparet
2035 1357 2052 1378 e
2075 1346 2325 1379 difficultatibus

1351 1389 1468 1425 exitus,
1493 1387 1594 1418 donee
1617 1388 1685 1427 ipse
1710 1387 1799 1418 Deus
1823 1388 2005 1427 patefaciat.
2052 1389 2214 1420 Davidem
2245 1400 2325 1421 sane

1322 1443 1324 1451 ι
1351 1431 1469 1462 millies
1492 1430 1683 1462 occumbere
1706 1430 1809 1460 satius
1833 1430 1954 1471 fuisset,
1979 1441 2076 1470 quam
2100 1432 2133 1462 in
2157 1431 2325 1464 Israelitas

1352 1474 1451 1505 semel
1476 1473 1514 1504 ad
1540 1472 1698 1513 praelium
1726 1473 1852 1503 venire:
1876 1472 1932 1504 sed
1957 1479 2067 1504 tamen
2090 1474 2221 1514 quinam
2246 1475 2325 1506 effu-

1352 1527 1428 1555 gere
1453 1516 1620 1556 potuisset,
1650 1515 1677 1546 si
1709 1526 1766 1546 rex
1796 1525 1871 1546 eum
1898 1516 1938 1546 ad
1968 1527 2112 1557 pugnam
2143 1516 2325 1557 coegisset?

1322 1587 1323 1590 ,
1353 1559 1441 1591 Sane
1472 1559 1589 1595 fateor,
1621 1568 1685 1588 non
1713 1568 1784 1588 eam
1814 1558 1914 1589 fuisse
1945 1559 2047 1598 ipsius
2078 1565 2237 1590 mentem:
2268 1558 2326 1591 sed

414 1602 441 1631 1.
469 1600 664 1641 Conqreqata
685 1604 757 1631 sunt
780 1611 850 1641 erqo
872 1600 1121 1632 Pltilistaeorum
1153 1601 1297 1632 universa
1324 1635 1325 1640 ¹

1352 1603 1450 1632 homo
1474 1608 1583 1632 tamen
1608 1606 1678 1631 erat
1701 1600 1837 1641 ideoque
1868 1602 2009 1641 fragilis:
2044 1612 2081 1634 ae
2112 1602 2248 1642 proinde
2271 1612 2326 1633 ne-

1351 1655 1439 1676 eesse
1463 1645 1526 1675 fuit
1557 1643 1749 1674 admiranda
1772 1643 1911 1683 quadam
1936 1644 2161 1684 providentiae
2192 1645 2326 1676 divinae

1352 1688 1476 1718 ratione
1510 1687 1617 1726 ipsum
1651 1696 1693 1716 ex
1724 1686 1788 1717 illis
1823 1686 2071 1719 difficultatibus
2105 1687 2209 1719 educi,
2253 1687 2325 1718 Iam

1351 1741 1423 1762 ecce
1448 1730 1701 1760 Philistaeorum
1726 1729 1822 1760 duces
1846 1734 1878 1759 et
1891 1739 2043 1768 proceres
2066 1730 2120 1770 qui
2140 1730 2325 1761 laborantes

1351 1772 1475 1803 invidia
1501 1772 1662 1802 Davidem
1686 1781 1782 1810 aegre
1813 1772 1923 1802 ferunt
1951 1772 1985 1803 in
2017 1777 2108 1804 tanta
2137 1783 2208 1803 esse
2239 1772 2325 1813 apud

1352 1826 1461 1855 regem
1486 1814 1669 1846 autoritate.
1707 1814 1791 1844 Nam
1813 1814 1873 1844 etsi
1892 1815 1954 1854 ipsi
1979 1825 2043 1846 non
2068 1815 2146 1846 satis
2169 1814 2325 1854 fidebant,

1352 1864 1460 1889 tamen
1494 1857 1634 1888 maxime
1666 1856 1855 1887 invidebant
1884 1857 1946 1896 ipsi
1970 1858 2110 1898 gratiam
2131 1868 2195 1898 qua
2227 1858 2326 1898 pluri-

1353 1911 1441 1931 mum
1466 1900 1551 1940 apud
1575 1909 1684 1939 regem
1707 1900 1838 1936 valeret,
1863 1899 1943 1931 adeo
1964 1907 1998 1931 ut
2021 1905 2129 1932 custos
2149 1906 2234 1932 esset
2257 1910 2327 1932 cor—

1352 1944 1438 1983 poris
1473 1943 1583 1983 ipsius.
1639 1942 1831 1973 Extraneus
1867 1943 1955 1973 enim
1995 1949 2079 1982 erat,
2121 1948 2153 1974 et
2195 1943 2327 1982 quidem

1352 1986 1601 2016 philistinorum
1643 1984 1745 2015 hostis
1779 1984 2038 2017 infensissimus:
2081 1985 2217 2025 ideoque
2257 1986 2328 2017 fieri

1351 2028 1517 2060 custodem
1542 2027 1636 2067 regis,
1668 2033 1700 2058 et
1729 2027 1762 2058 in
1794 2028 1862 2058 eius
1894 2033 2052 2067 potestate
2083 2028 2183 2058 vitam
2214 2027 2325 2068 ipsius,

1351 2082 1420 2102 esse
1444 2071 1644 2110 principibus
1667 2074 1700 2101 et
1730 2070 1918 2109 proceribus
1942 2070 2116 2101 videbatur
2146 2070 2326 2101 intoleran—

1351 2113 1437 2144 dum.
1484 2114 1600 2144 Castra
1630 2112 1732 2151 igitur
1761 2112 2016 2143 Philistaeorum
2048 2113 2080 2144 in
2104 2112 2220 2152 Apheo
2250 2123 2325 2144 oon-

1352 2159 1486 2195 gregata
1511 2156 1608 2186 fuisse
1632 2154 1802 2185 dicuntur:
1834 2155 1868 2185 in
1893 2165 1957 2195 quo
1982 2156 2087 2196 magis
2111 2159 2249 2195 apparet
2272 2154 2327 2186 ad-

1351 2240 1542 2272 sollicitudo.
1597 2240 1681 2271 Nam
1717 2241 1743 2270 si
1778 2241 1888 2271 statim
1923 2239 2019 2270 initio
2051 2240 2159 2272 David
2195 2250 2214 2271 a
2247 2250 2325 2281 rege

1351 2283 1503 2313 dimissus
1527 2283 1650 2319 fuisset,
1675 2293 1740 2313 non
1761 2288 1846 2313 esset
1865 2288 1932 2312 tam
1952 2282 2102 2323 insignis¹
2128 2293 2234 2322 neque
2258 2288 2323 2314 tam

1350 2326 1525 2364 conspicua
1550 2326 1612 2356 Dei
1637 2334 1714 2365 erga
1737 2325 1842 2364 ipsum
1876 2324 2113 2356 benevolentia.
2161 2325 2225 2357 Sed
2249 2335 2324 2357 eum

1350 2379 1425 2407 rege
1450 2378 1646 2408 progressus,
1672 2374 1704 2398 et
1726 2377 1798 2398 eum
1823 2367 1857 2397 in
1883 2367 1997 2406 Aphec
2021 2378 2123 2408 usque
2151 2368 2325 2400 comitatus

1350 2411 1520 2441 videbatur
1550 2410 1675 2441 nullum
1712 2409 1980 2449 impedimentum
2020 2411 2207 2448 habiturus,
2245 2411 2324 2450 quin

1349 2459 1526 2492 perpetuus
1549 2459 1634 2484 esset
1657 2453 1743 2493 rogis
1773 2452 1912 2483 satelles.
1960 2452 2025 2484 Sed
2058 2463 2158 2493 quum
2190 2453 2325 2494 propius

1349 2495 1388 2525 ud
1412 2505 1480 2525 rem
1506 2501 1638 2526 ventum
1663 2502 1721 2532 est,
1746 2500 1814 2525 tum
1839 2505 1874 2525 se
1894 2495 1993 2533 Deus,
2016 2506 2117 2535 quum
2137 2496 2228 2527 nulla
2250 2505 2324 2536 spes

1349 2580 1477 2610 Interea
1503 2591 1578 2611 vero
1602 2580 1681 2611 fides
1705 2580 1807 2620 ipsius
1838 2581 2006 2620 explorata
2030 2586 2094 2612 est:
2126 2586 2160 2612 et
2189 2581 2324 2612 minime

1348 2622 1482 2653 dubium
1506 2628 1557 2654 est
1578 2622 1653 2663 quin
1688 2623 1719 2653 in
1750 2623 1903 2654 maximis
1933 2624 2095 2664 angustiis
2125 2625 2329 2655 constitutus

1347 2665 1456 2703 fuerit,
1479 2675 1578 2706 quum
1604 2665 1754 2696 imminet
1773 2666 1835 2705 ipsi
1859 2667 2041 2706 periculum
2061 2666 2183 2707 praelio
2207 2666 2322 2698 adver-
