2551 3044
137 187 197 218 473

136 282 196 313 fuit
231 282 348 312 factum
383 280 482 312 fuisse
516 279 684 311 certiorem
720 278 758 309 de
791 277 899 309 Saulis
931 277 1098 308 adventu?

138 324 248 356 Potuit
271 324 324 355 ille
343 323 471 363 quidem
491 333 568 353 sanc
587 321 625 352 ad
645 320 774 360 aliquod
795 327 920 359 tempus
940 319 1098 357 recedere,

137 371 168 398 et
192 370 317 398 tantum
341 365 396 397 otii
418 365 544 402 habere,
568 368 600 394 et
619 368 785 403 praeterea
810 373 843 393 re
867 363 935 401 ipsa
960 363 1097 402 experiri

138 410 244 440 Deum
268 419 332 440 non
357 407 451 448 plane
475 407 576 446 ipsius
600 405 744 442 oblitum,
776 405 851 445 quin
872 405 1011 444 aliquam
1037 405 1097 444 ipsi

136 453 222 483 viam
246 451 360 483 salutis
384 449 531 489 aperiret,
564 458 679 479 verum
703 447 920 479 crescentibus
950 447 1098 486 deinceps

135 494 285 536 perieulis
309 503 347 523 ex
379 491 495 531 quibus
520 491 628 521 nullus
652 490 827 530 apparebat
851 491 956 521 exitus
981 489 1098 530 (neque

136 537 223 569 enim
259 535 427 566 hominum
460 532 578 564 iudicio
621 533 689 564 fieri
726 543 866 572 unquam
902 538 1029 573 poterat
1063 538 1097 562 ut

136 579 243 611 David
276 587 390 608 manus
413 575 523 607 Saulis
548 575 716 617 effugeret)
740 581 878 615 quantas
902 575 1098 605 arbitramur

135 622 234 653 fuisse
248 619 383 650 Davidis
407 618 621 655 difficultates,
645 622 676 649 et
692 618 724 648 in
746 628 841 657 quam
863 618 969 648 varias
989 623 1097 657 partes
1123 624 1124 648 1

134 665 307 696 fluctuasse
330 662 430 701 ipsius
454 661 597 692 animum
619 660 792 692 verisimile
816 660 887 691 cst?
913 660 1000 691 Sane
1016 661 1097 700 ipse-

133 710 202 737 met,
218 705 349 736 Psalmo
370 704 430 734 116
449 704 527 734 satis
548 710 657 743 aperte
681 703 822 734 declarat
846 713 879 734 se
902 713 1097 743 magnopere
1121 731 1124 739 ,

134 747 369 790 perturbatum,
389 753 420 778 et
432 746 557 787 ingenti
570 746 741 776 formidine
754 746 938 785 perculsum
953 745 1095 776 adventu

136 791 244 824 Saulis
258 790 346 821 velut
359 790 532 829 inopinato.
558 788 641 819 Nam
656 789 709 820 ubi
730 789 827 819 dixit:
853 788 962 818 Dilexi
983 788 1095 818 Domi—

133 844 225 872 num,
259 832 410 873 quoniam
435 831 577 862 exaudiit
602 841 713 866 vocem
737 832 892 862 orationis
916 841 1017 869 meae,
1049 836 1095 861 ta-

134 887 209 909 men
222 875 368 917 agnoseit
379 885 412 906 se
424 874 536 905 mortis
555 873 715 905 doloribus
739 875 837 905 fuisse
851 873 1095 909 circumdatum,

134 924 167 951 et
189 920 228 950 ab
253 917 413 959 angustiis
442 915 560 947 inferni
584 917 765 953 inventum,
796 927 877 955 quae
902 916 999 948 verba
1023 926 1090 956 per-

133 963 239 994 tinent
261 961 301 992 ad
324 961 407 991 hane
430 959 610 996 historiam,
634 959 668 990 in
692 970 754 999 qua
778 959 938 990 Davidem
962 964 1096 998 apparet

133 1005 166 1036 in
209 1013 351 1036 summas
381 1003 546 1042 angustias
586 1001 769 1039 devenisse,
809 1012 885 1042 quas
921 1002 995 1033 licet
1030 1012 1096 1032 non

131 1050 344 1088 persequatur
374 1051 404 1076 et
434 1045 606 1084 amplificet
632 1045 801 1076 verborum
831 1049 956 1082 ornatu,
987 1050 1094 1075 tamen

130 1091 208 1122 satis
231 1093 373 1129 apparet,
405 1098 444 1118 ex
476 1087 586 1127 paucis
610 1087 715 1118 verbis
746 1098 819 1119 cum
849 1087 984 1118 summis
1008 1087 1094 1117 diffi-

131 1131 304 1166 cultatibus
339 1131 438 1162 fuisse
473 1130 639 1161 luctatum.
691 1131 775 1161 Nam
818 1141 917 1170 quum
952 1130 1029 1160 dicit
1061 1141 1094 1160 se

132 1175 241 1207 mortis
258 1173 414 1205 doloribus
431 1173 666 1211 circumdatum,
689 1172 822 1213 perinde
842 1180 889 1204 est
909 1184 945 1205 ac
963 1173 989 1203 si
1011 1172 1094 1203 dice—

133 1224 184 1250 ret
212 1228 246 1248 se
276 1216 314 1247 de
345 1215 447 1247 salute
478 1216 707 1256 desperavisse,
738 1216 895 1256 siquidem
926 1215 1094 1246 hominum

131 1260 251 1292 iudicio
275 1258 365 1290 nulla
388 1269 459 1298 spes
483 1258 597 1290 salutis
620 1259 680 1299 ipsi
704 1264 774 1290 erat
797 1259 928 1298 reliqua.
972 1258 1093 1289 Verum

131 1303 296 1335 enimvero
327 1301 402 1333 dicit
431 1301 466 1332 in
495 1301 565 1332 istis
595 1302 754 1342 angustiis
785 1307 817 1333 et
849 1300 1095 1332 difficultatibus

132 1357 167 1378 se
188 1344 362 1376 credidisse
386 1348 416 1375 et
441 1348 610 1384 propterea
635 1344 799 1383 loquutum
822 1355 906 1382 esse,
940 1354 1094 1383 suamque

131 1387 352 1420 infirmitatem
378 1387 506 1424 fatetur,
531 1398 594 1426 qua
618 1397 719 1426 paene
736 1387 870 1418 abi-utus
894 1392 925 1418 et
949 1387 1094 1418 devictus

132 1437 190 1463 est.
235 1429 300 1461 Sed
330 1429 541 1461 nihilominus
571 1440 605 1460 se
634 1430 804 1469 profitetur
839 1430 1028 1466 credidisse,
1064 1435 1095 1460 et

132 1477 303 1515 propterea
321 1473 418 1504 etiam
438 1472 605 1512 loquutum
626 1483 705 1509 esse,
725 1473 843 1512 quibus
863 1473 970 1504 verbis
991 1472 1094 1503 decla-

133 1522 182 1548 rat
200 1527 234 1547 se
254 1527 318 1546 non
338 1520 459 1546 temere
477 1515 516 1546 de
535 1515 631 1546 rebus
650 1516 858 1556 incompertis
874 1516 1093 1554 loquuturum,

132 1558 187 1591 sed
218 1558 256 1589 de
286 1557 383 1589 rebus
414 1568 493 1597 quas
522 1558 723 1597 experientia
753 1559 952 1598 cognoverit.
995 1557 1093 1588 Multi

132 1602 217 1633 enim
236 1601 384 1641 loquaces
407 1605 438 1631 et
458 1600 581 1641 garruli
611 1611 705 1641 saepe
726 1601 828 1632 multa
846 1606 982 1632 narrant
1002 1601 1093 1640 quasi

131 1646 237 1676 rerum
262 1643 439 1674 multarum
470 1643 573 1683 periti,
597 1644 650 1683 qui
683 1649 789 1675 tamen
821 1644 943 1674 nullam
974 1643 1094 1674 habent

131 1697 237 1718 rerum
257 1685 502 1726 experientiam,
527 1686 646 1726 etquid
671 1687 711 1717 sit
734 1686 884 1718 fiduciam
898 1687 930 1717 in
946 1687 1015 1717 Deo
1028 1686 1090 1718 col-

130 1730 246 1767 locare,
276 1735 309 1760 et
339 1728 378 1759 ad
406 1728 513 1768 ipsum
543 1729 726 1769 confugere,
756 1730 790 1759 in
822 1730 916 1760 rebus
948 1729 1092 1760 adversis

131 1772 344 1804 constantiam
369 1772 518 1809 retinere,
543 1776 575 1802 et
595 1772 627 1802 in
644 1772 874 1802 tentationibus
898 1772 1011 1803 luctari
1036 1782 1092 1812 pe-

131 1816 219 1846 nitus
241 1815 402 1855 ignorant.

214 1856 279 1888 Sed
287 1856 396 1888 David
410 1861 445 1888 ut
457 1867 497 1888 ex
510 1856 610 1897 ipsius
624 1857 768 1888 doctrina
781 1858 935 1888 maiorem
949 1857 1090 1888 fructum

128 1899 316 1936 referamus,
341 1900 386 1930 ait
408 1910 441 1930 se
463 1910 530 1930 non
553 1899 592 1930 de
611 1900 705 1931 rebus
728 1901 846 1940 ignotis
867 1900 963 1940 loqui,
987 1910 1091 1940 neque

128 1951 166 1973 ut
196 1943 249 1982 qui
280 1952 449 1982 personam
475 1942 613 1982 aliquam
637 1943 669 1973 in
700 1942 809 1974 fabula
832 1943 1005 1981 sustinent,
1035 1942 1090 1974 sed

129 1985 217 2025 loqui
239 1985 390 2025 quoniam
414 1984 558 2023 credidit,
589 1985 763 2017 credidisse
786 1991 892 2016 autem
923 1986 1013 2016 illum
1038 1996 1091 2026 ap-

128 2033 221 2068 paret
251 2038 289 2058 ea.
317 2038 399 2067 quae
427 2027 497 2067 ipsa
527 2028 728 2067 experientia
752 2028 914 2060 Dominus
938 2039 1012 2060 eum
1036 2029 1090 2060 do-

128 2075 247 2102 cuerat.
271 2070 382 2110 Neque
402 2080 479 2102 vero
500 2071 538 2101 de
557 2070 619 2102 fide
638 2071 778 2110 perfecta
797 2071 967 2112 gloriatur,
988 2082 1089 2111 quum

128 2122 162 2144 se
195 2113 240 2144 ait
275 2112 465 2152 credidisse,
498 2113 590 2153 quasi
619 2124 683 2144 non
718 2114 830 2144 fuisset
861 2114 1090 2146 afflictionibus

129 2160 322 2186 commotus:
355 2166 432 2186 nam
460 2160 573 2187 contra
602 2156 721 2187 fatetur
751 2166 786 2187 se
823 2157 856 2187 in
885 2157 1090 2188 festinatione

130 2207 197 2234 sua,
228 2197 279 2229 vel
302 2198 517 2238 trepidatione
540 2197 659 2230 dixisse
682 2209 810 2230 omnem
834 2199 999 2230 hominem
1021 2211 1090 2231 esse

130 2239 325 2272 mendacem.
355 2241 451 2272 Hanc
473 2241 712 2273 festinationem
735 2242 864 2282 quidam
890 2241 927 2273 ad
952 2242 1091 2274 Davidis

129 2282 238 2322 fugam
271 2283 430 2323 referunt,
475 2284 749 2324 quemadmodum
784 2286 816 2315 in
852 2285 913 2316 hac
955 2285 1091 2316 historia

130 2323 290 2356 Davidem
319 2325 456 2366 legimus
485 2327 584 2358 fuisse
614 2332 688 2358 ante
713 2326 821 2358 Saulis
849 2328 963 2359 faciem
987 2338 1005 2358 a
1028 2339 1091 2368 quo
1116 2342 1120 2373 ι,

130 2371 326 2406 praeventus
349 2369 454 2400 fuerat
475 2374 508 2401 et
530 2370 562 2400 in
585 2370 644 2400 hac
675 2370 750 2410 fuga
774 2370 872 2401 fuisse
897 2376 987 2401 tanta
1010 2371 1091 2402 diffi-

131 2408 240 2440 dentia
262 2410 476 2449 sollicitatum,
499 2417 535 2443 ut
553 2413 645 2452 parvi
668 2412 779 2443 fecerit
798 2413 896 2444 factas
912 2413 972 2444 sibi
992 2423 1010 2444 a
1030 2413 1090 2444 Sa·
1116 2434 1117 2440 η

132 2451 238 2483 muele
261 2454 486 2492 promissiones
515 2455 666 2486 adiuncto
700 2455 796 2486 etiam
820 2456 981 2487 unctionis
1004 2466 1090 2496 sym·
1116 2490 1117 2493 Ἰ

131 2493 214 2531 bolo,
243 2500 275 2525 et
303 2495 433 2527 inanem
464 2498 618 2536 omnium,
648 2503 679 2528 et
706 2498 835 2529 irritum
868 2499 966 2529 fuisse
989 2498 1049 2529 sibi
1072 2508 1090 2529 a

132 2536 203 2567 Deo
227 2536 358 2568 missum
383 2540 550 2579 cogitasse.
582 2539 646 2571 Sed
670 2540 726 2571 illa
749 2542 906 2581 expositio
929 2541 1018 2572 rudis
1042 2547 1090 2573 est

131 2583 164 2609 et
187 2583 303 2610 coacta.
349 2580 458 2619 Quare
481 2592 579 2622 quum
603 2582 710 2613 David
735 2583 773 2614 de
803 2583 1008 2615 festinatione
1032 2594 1089 2615 sua

761 185 808 215 IN
834 185 858 215 Ι.
884 185 970 215 LlB.
998 184 1196 215 SAMCEL.
1223 186 1318 216 CAP.
1344 186 1474 217 XXIII.

1115 2443 1117 2458 l

1115 2585 1224 2612 'teste
1261 2581 1358 2612 Petro
1393 2581 1479 2612 fideli
1514 2582 1745 2622 scripturarum
1780 2584 1966 2622 interprete.

131 2620 274 2661 loquitur
296 2632 352 2662 per
375 2623 536 2663 quandam
560 2625 803 2657 similitudinem
834 2626 956 2657 dictum
979 2627 1089 2658 existi·
1115 2625 1116 2647 ³

1122 879 1123 887 ¹
1150 874 1213 905 nisi
1243 885 1351 905 casum
1383 875 1532 906 lethalem
1564 879 1728 909 metuenti.

2050 190 2111 219 4T4

1155 278 1306 310 muudum
1331 285 1395 310 cst:
1428 281 1696 320 quemadmodum
1728 282 1811 312 enim
1844 282 1990 313 fiduciam
2016 284 2111 313 comi-

1154 326 1239 351 tatur
1264 323 1343 352 lidos
1367 330 1396 353 ct
1421 324 1644 363 tranquillitas,
1670 325 1714 355 sic
1734 326 1828 355 ctiam
1855 325 2112 356 incredulitatem

1153 364 1362 402 perturbatio,
1387 372 1415 395 ct
1442 367 1546 402 timor,
1571 378 1605 398 ac
1626 368 1779 398 confusio.
1801 368 1865 406 Qui
1885 368 1968 398 enim
1991 368 2023 398 in
2045 368 2113 399 Deo

1153 406 1283 436 contidit
1308 408 1433 446 quietus
1459 416 1505 439 cst
1528 415 1559 439 ct
1584 410 1786 449 tranquillus,
1812 410 1929 441 idcirco
1953 411 2113 450 scriptura

1152 458 1249 486 quum
1282 460 1338 480 nos
1370 450 1401 480 in
1434 450 1504 481 Deo
1534 460 1654 482 certam
1687 452 1803 483 babere
1834 452 1982 483 fiduciam
2017 453 2112 491 iubet,

1151 492 1334 533 trequcutcr
1354 492 1404 523 his
1426 494 1556 524 vocibus
1576 495 1694 525 utitur:
1721 495 1915 533 Quicscendi
1936 504 1962 526 ct
1985 496 2111 527 silendi.

1152 534 1274 564 Contra
1310 546 1383 565 vcro
1415 535 1452 565 de
1484 536 1649 568 hominum
1680 537 1858 569 diffidentia
1886 544 1917 569 ct
1943 538 2113 570 increduli-

1151 580 1215 606 tate
1239 576 1371 616 loqucns
1390 578 1460 608 illos
1483 590 1552 609 cum
1579 580 1662 610 foliis
1684 581 1833 611 arborum
1858 581 2004 612 tremulis
2028 592 2112 613 com-

1150 624 1252 657 parat.
1299 620 1387 650 Talis
1420 621 1519 655 igitur
1555 630 1628 653 tunc
1665 622 1722 653 fuit
1749 623 1885 654 Davidis
1920 624 2042 663 passio:
2077 634 2113 655 ac

1151 661 1284 700 proinde
1315 662 1358 692 ita
1389 664 1686 702 magnamimitatem
1713 674 1741 695 vt
1768 666 1988 696 fortitudinem
2014 667 2111 697 animi

1150 703 1198 733 sui
1230 705 1390 743 praedicat
1420 707 1507 744 quasi
1533 718 1596 737 uon
1621 708 1660 737 sit
1684 709 1898 748 periculorum
1924 715 2020 745 metu,
2044 710 2111 748 qui-

1151 747 1208 777 bus
1239 747 1415 786 urgebatur
1446 749 1659 787 perturbatus,
1692 753 1765 789 quia
1791 751 1896 790 potius
1927 762 1960 782 sc
1991 752 2111 782 fatetur

1150 789 1359 820 vehementer
1379 798 1582 830 commotum,
1606 800 1634 823 et
1655 794 1752 823 animi
1775 794 2013 833 perturbatione
2037 803 2112 824 con-

1149 831 1281 862 citatum
1314 838 1349 862 ut
1373 833 1486 864 similis
1510 835 1604 865 fuerit
1628 835 1793 866 festinanti
1818 836 1953 874 homini,
1975 842 2005 867 et
2029 836 2112 867 nihil

1775 878 1898 910 Idcirco
1922 879 1999 910 dicit
2021 889 2055 910 se
2077 879 2110 910 in

1148 917 1204 947 illa
1236 917 1438 948 festinatione
1462 919 1589 958 dixisse,
1619 930 1734 951 omnem
1756 921 1904 952 hominem
1928 922 2110 953 mendacem.

1149 959 1275 998 Quibus
1294 960 1400 991 verbis
1419 972 1482 991 non
1505 967 1630 992 tantun]
1656 964 1743 993 venit
1766 964 1811 994 illi
1834 964 1867 994 in
1891 970 2032 995 mentem
2055 964 2111 996 illa

1149 1002 1299 1042 cogitatio
1330 1013 1450 1034 vanum
1483 1011 1511 1034 et
1543 1005 1671 1035 irritum
1701 1006 1808 1037 videre
1839 1006 1876 1037 de
1903 1006 1999 1038 Saule
2030 1018 2112 1038 nun-

1149 1045 1244 1079 cium,
1275 1045 1329 1075 sed
1361 1046 1456 1076 etiam
1490 1046 1527 1077 de
1558 1048 1706 1079 omnibus
1730 1048 1913 1080 hominibus
1936 1050 1967 1080 in
1993 1060 2112 1090 genere

1149 1087 1301 1127 loquitur,
1327 1089 1358 1118 in
1373 1099 1507 1128 quorum
1522 1090 1618 1120 etiam
1633 1101 1766 1121 numero
1780 1103 1811 1122 sc
1825 1092 1931 1131 ipsum
1947 1092 2109 1131 agnoscit:

1149 1131 1239 1169 quasi
1270 1130 1370 1161 dicat:
1401 1142 1458 1171 ego
1482 1132 1513 1162 in
1538 1133 1702 1172 quibusvis
1727 1134 1910 1165 hominibus
1935 1135 2016 1165 nihil
2047 1135 2109 1166 nisi

1149 1173 1325 1204 vanitatem
1346 1178 1377 1204 et
1390 1174 1590 1205 mendacium
1605 1176 1718 1215 reperi.
1743 1177 1863 1217 Magna
1879 1188 1957 1208 sane
1980 1177 2037 1208 illa
2058 1187 2109 1208 sa-

1118 1209 1123 1226 ”
1148 1216 1269 1255 pientia
1294 1221 1352 1254 est,
1376 1217 1456 1247 scire
1479 1227 1589 1248 omnes
1613 1219 1758 1249 homines
1782 1230 1850 1250 csse
1874 1219 2054 1255 mendaces,
2079 1225 2111 1250 et

1148 1258 1285 1289 vanitati
1298 1259 1460 1296 obnoxios,
1481 1261 1749 1299 quemadmodum
1763 1268 1793 1292 et
1809 1262 1965 1302 propheta
1978 1262 2109 1293 Psalmo

1148 1301 1188 1332 62
1219 1311 1277 1332 nos
1305 1301 1404 1339 docet,
1435 1313 1534 1333 vanos
1558 1314 1626 1334 esse
1649 1304 1729 1334 filios
1753 1305 1933 1344 hominum,
1964 1311 1995 1336 et
2018 1315 2108 1336 men-

1122 1362 1123 1368 κ
1148 1343 1261 1375 daces:
1297 1344 1352 1384 qui
1376 1345 1402 1375 si
1436 1345 1468 1375 in
1503 1348 1630 1377 stateris
1654 1347 1878 1387 appendantur
1906 1348 1967 1387 ipsi
1997 1358 2108 1378 omnes

1148 1386 1243 1417 simul
1268 1388 1412 1418 vanitate
1435 1388 1500 1418 sint
1523 1388 1667 1420 leviores.

1232 1429 1299 1460 Nos
1313 1429 1450 1461 Davidis
1470 1442 1649 1462 sermonem
1673 1431 1913 1472 apprehendere
1937 1432 2106 1471 discamus,

1148 1478 1179 1503 et
1213 1472 1275 1502 Dei
1310 1473 1343 1502 in
1382 1473 1436 1503 illo
1479 1474 1655 1505 exercendo
1689 1475 1880 1513 sapientiam
1915 1475 2106 1515 expendere.

1147 1515 1228 1546 Nam
1256 1515 1363 1546 David
1392 1516 1425 1545 in
1454 1516 1637 1547 hominibus
1668 1517 1747 1547 nihil
1779 1518 1841 1548 nisi
1873 1518 2047 1549 vanitatem
2075 1525 2105 1548 et

1147 1558 1349 1588 mendacium
1371 1559 1641 1595 animadvertens,
1665 1566 1776 1591 contra
1800 1559 1910 1591 doctus
1934 1566 1981 1592 est
2005 1560 2106 1592 aDeo

1148 1600 1306 1641 quomodo
1336 1608 1504 1632 mutentur
1535 1602 1680 1633 homines
1713 1608 1743 1632 et
1766 1603 1956 1634 roborentur
1979 1614 2018 1634 ne
2042 1604 2108 1634 sint

1147 1643 1284 1683 amplius
1301 1643 1504 1675 mendacium
1529 1650 1559 1675 et
1578 1645 1721 1676 vanitas:
1746 1656 1860 1685 nempe
1876 1646 1972 1676 verbo
1993 1645 2106 1677 divino

1147 1686 1231 1726 quod
1262 1686 1294 1716 in
1326 1687 1474 1717 omnibus
1504 1688 1660 1727 angustiis
1690 1688 1834 1718 labantes
1863 1688 1961 1726 fulcit,
1993 1694 2023 1719 et
2047 1699 2105 1728 per

1146 1729 1208 1759 Dei
1237 1729 1386 1768 spiritum
1418 1729 1451 1759 in
1476 1730 1567 1761 nobis
1590 1737 1736 1770 agentem
1760 1731 1846 1761 omni
1871 1731 2050 1762 diffidentia
2073 1737 2105 1762 et

1146 1772 1292 1802 vanitate
1323 1772 1419 1803 exuit.
1466 1772 1613 1812 Denique
1643 1784 1699 1804 nos
1730 1773 1819 1804 docet
1850 1773 1881 1803 in
1915 1772 1984 1804 Deo
2012 1774 2106 1804 unico

1146 1820 1294 1845 nostrum
1307 1825 1376 1845 esse
1388 1815 1581 1854 perfugium,
1607 1816 1769 1855 vitamque
1784 1822 1924 1846 nostram
1942 1817 1972 1846 in
1994 1816 2105 1847 eodem

1145 1858 1329 1894 consistere,
1365 1868 1399 1888 ac
1428 1858 1561 1897 proinde
1585 1858 1736 1898 quamdiu
1760 1859 1907 1889 homines
1937 1859 1996 1890 sibi
2027 1859 2105 1899 ipsis

1118 1904 1119 1913 ¹
1146 1899 1255 1936 fident,
1286 1901 1450 1939 perpetuis
1482 1911 1608 1941 semper
1638 1901 1786 1931 fluctibus
1809 1901 1926 1941 agitari
1949 1908 1980 1932 et
2004 1902 2104 1932 animi

1145 1941 1441 1982 perturbationibus
1471 1943 1539 1974 sine
1571 1944 1635 1974 ulla
1665 1945 1788 1983 quiete,
1819 1949 1850 1974 et
1879 1944 2104 1983 tranquilitate

1144 1985 1282 2017 concuti.
1314 1984 1413 2016 Sacra
1432 1985 1549 2016 idcirco
1572 1987 1729 2025 scriptura
1753 1987 1936 2025 frequenter
1956 1987 2104 2018 homines

1144 2038 1216 2060 cum
1248 2028 1325 2058 flore
1356 2034 1410 2058 aut
1434 2030 1580 2068 gramine
1603 2034 1775 2068 comparat,
1806 2029 1889 2068 quod
1909 2029 1974 2060 levi
1997 2029 2104 2069 aliqua

1144 2081 1224 2102 aura
1247 2071 1392 2101 afflatum
1415 2072 1589 2109 marcessit,
1612 2077 1643 2102 et
1667 2082 1799 2111 gramen
1822 2072 1856 2102 in
1879 2072 2010 2102 foenum
2033 2082 2103 2103 mu—

1143 2117 1241 2144 tatur.
1286 2113 1411 2151 Quibus
1436 2114 1541 2145 verbis
1564 2114 1725 2144 hominem
1749 2113 1908 2153 scriptura
1932 2114 2048 2152 deiicit,
2072 2120 2104 2146 et

1144 2155 1333 2186 humiliatur
1363 2162 1397 2186 ut
1421 2162 1555 2187 naturae
1579 2167 1654 2187 suae
1678 2167 1742 2186 non
1767 2156 1984 2194 obliviscatur,
2008 2162 2040 2188 et
2063 2168 2103 2188 ne

1143 2199 1324 2229 insolescat.
1369 2199 1491 2229 Verum
1522 2199 1650 2230 obsecro
1680 2200 1704 2230 si
1728 2199 1760 2229 in
1782 2204 1916 2230 naturae
1939 2200 2031 2231 istius
2054 2201 2103 2230 in-

1144 2242 1297 2272 firmitate
1316 2241 1536 2279 subsistamus,
1560 2241 1636 2281 quid
1660 2242 1748 2272 nobis
1771 2242 1898 2272 miseris
1921 2241 1997 2272 fiet?
2022 2253 2104 2282 quae

1144 2283 1287 2315 confusio
1318 2288 1472 2323 perpetua
1503 2295 1560 2315 nos
1590 2283 1726 2315 obruet?
1772 2283 1847 2315 Sola
1871 2285 2104 2324 desperationis

1143 2326 1303 2366 supererit
1321 2326 1464 2363 materia,
1489 2331 1520 2357 et
1539 2327 1639 2357 brutis
1658 2326 1876 2358 animantibus
1898 2327 1993 2367 longe
2017 2328 2103 2358 dete-

1145 2369 1244 2399 riores
1263 2368 1393 2400 erimus.
1425 2368 1488 2400 Sed
1509 2370 1569 2400 etsi
1588 2369 1746 2409 scriptura
1769 2369 1820 2400 vel
1842 2370 1912 2400 flori
1936 2370 1987 2400 vel
2011 2371 2103 2401 foeno

1144 2412 1246 2442 vitam
1281 2411 1447 2442 hominum
1483 2418 1665 2452 comparat,
1698 2422 1734 2443 ac
1768 2411 1899 2451 proinde
1936 2411 2104 2443 hominum

1143 2453 1325 2494 superbiam
1349 2454 1528 2492 contundit,
1554 2454 1636 2494 quod
1662 2453 1779 2485 diserte
1802 2455 1878 2486 facit
1897 2455 2012 2486 Esaias
2035 2466 2103 2496 cap.

1143 2497 1193 2533 40,
1214 2502 1320 2526 tamen
1335 2496 1432 2527 etiam
1453 2497 1704 2528 consolationem
1724 2497 1854 2528 adhibet
1873 2503 1905 2528 et
1924 2497 2104 2529 remedium

1143 2539 1298 2570 adversus
1330 2539 1532 2570 instiusmodi
1562 2540 1798 2579 corruptionem
1823 2540 1926 2577 affert,
1958 2540 2010 2571 vel
2034 2541 2103 2580 ipso

2020 2583 2105 2614 Nam

1143 2634 1241 2664 quum
1269 2624 1384 2655 Esaias
1414 2624 1492 2656 dicit
1514 2625 1675 2655 hominem
1708 2635 1776 2656 esse
1806 2626 1910 2657 instar
1942 2626 2107 2666 graminis,
