2551 3044
144 203 203 236 521

145 303 256 331 nostro
288 308 398 338 pacem
431 297 619 329 faciendam.
661 296 768 334 Quam
793 296 972 326 doctrinam
999 296 1106 326 David

146 340 294 380 exemplo
317 350 374 371 suo
397 340 609 378 confirmavit,
632 339 724 370 cuius
743 338 932 368 modestiam
958 349 1015 368 nos
1033 349 1106 369 con-

147 384 288 415 siderare
317 383 363 414 sic
392 387 533 422 oportet,
563 388 599 412 ut
627 380 761 411 eandem
793 380 912 410 imitari
944 391 1106 417 conemur,

147 437 187 458 ne
210 436 267 465 per
289 435 346 456 nos
369 429 432 456 stet
455 424 624 464 quominus
647 434 720 454 cum
745 423 890 453 hostibus
914 423 945 453 in
970 424 1106 463 gratiam

147 468 315 500 redeamus
324 472 354 498 et
364 467 506 506 ipsorum
517 464 681 505 turpitudo
691 470 722 496 et
732 465 819 495 furor
832 465 986 505 sopiatur,
997 476 1108 505 quem—

147 510 317 542 admodum
330 515 452 540 certum
471 515 519 538 est
538 508 726 548 patientiam
748 512 889 538 nostram
915 509 1106 548 praesentis-

147 554 263 585 simum
294 562 363 582 esse
386 551 562 582 remedium
588 550 626 581 ad
658 550 940 581 infestissimorum
966 550 1107 581 hostium

147 597 271 627 furores
298 593 558 634 exstinguendos.
600 592 739 631 Quando
769 593 869 631 igitur
894 593 1002 623 hostes
1026 592 1107 623 nihil

147 638 209 669 nisi
233 636 427 677 sanguinem
451 641 596 667 nostrum
616 636 715 671 sitire,
740 640 771 666 et
791 645 849 666 nos
869 635 952 666 ferro
971 645 1007 666 ac
1020 636 1107 666 flam-

146 680 208 711 mis
227 679 376 719 persequi
395 689 521 710 summa
533 678 723 710 crudelitate
737 677 920 714 viderimus,
945 688 985 708 ne
1002 677 1106 708 oleum

147 722 272 754 camino
301 721 470 759 addemus,
508 721 562 752 sed
593 721 698 760 potius
729 720 901 760 patientiae
929 720 1106 751 remedium

147 764 366 802 adhibeamus,
390 764 598 804 ipsorumque
621 764 743 794 furores
766 763 1023 803 exstinguamus.

232 806 333 838 Cuius
353 807 397 837 rei
417 806 600 846 exemplum
621 807 652 836 in
668 806 776 836 verbis
788 805 996 845 sequentibus
1016 805 1108 836 nobis

144 849 345 890 proponitur,
376 859 475 888 quum
495 849 627 880 Saulem
659 848 787 879 domum
819 858 984 879 reversum
1017 848 1107 878 audi-

145 903 218 924 mus
240 891 336 922 rebus
360 893 490 932 pacatis,
514 891 674 922 Davidem
697 897 804 922 autem
825 901 896 922 eum
917 890 983 921 suis
1000 891 1108 921 militi-

147 936 206 967 bus
224 935 257 965 in
270 944 364 965 suum
378 934 654 975 propugnaculum
669 944 862 973 regressum.
887 932 996 964 Saulis
1009 933 1108 973 igitur

146 977 286 1009 conditio
309 976 403 1016 longe
427 978 541 1007 melior
567 977 665 1008 fuisse
690 976 829 1016 videtur,
859 980 892 1006 et
914 975 1108 1006 desiderabi-

145 1020 206 1051 lior
228 1029 324 1059 quam
347 1018 493 1051 Davidis.
534 1019 618 1050 Nam
641 1019 692 1050 hic
715 1019 749 1049 in
773 1018 1013 1059 propugnaculo
1034 1028 1107 1049 eum

147 1062 258 1103 paucis
289 1061 447 1093 militibus
478 1062 587 1102 egenis
618 1071 714 1101 aegre
745 1071 778 1092 se
802 1066 920 1097 tuetur,
952 1061 1006 1092 ille
1030 1071 1107 1092 vero

146 1106 242 1136 rebus
265 1104 386 1145 pacatis
408 1115 426 1135 a
449 1105 515 1135 suis
539 1104 696 1135 militibus
719 1104 843 1140 colitur,
871 1108 902 1135 et
925 1104 958 1134 in
982 1114 1108 1134 summo

147 1148 269 1179 honore
289 1151 324 1177 ut
336 1157 391 1177 rex
413 1146 565 1178 habetur:
590 1148 654 1178 otio
666 1151 698 1177 et
721 1146 957 1186 tranquillitate
981 1147 1107 1183 fruitur,

147 1190 306 1230 rebusque
328 1190 477 1221 secundis
501 1190 613 1221 utitur.
639 1189 874 1220 Verumtamen
898 1189 1025 1229 qualem
1049 1200 1107 1229 pu-

147 1239 254 1265 tamus
288 1231 357 1263 eius
392 1232 611 1264 conditionem
646 1242 741 1272 quem
777 1232 866 1263 Deus
900 1231 1018 1263 iudicio
1050 1241 1107 1262 suo

148 1274 399 1316 persequebatur
421 1279 454 1306 et
476 1286 570 1315 quem
597 1275 685 1306 velut
707 1274 824 1306 iniecta
847 1274 978 1306 naribus
1010 1274 1108 1305 fibula

145 1316 332 1350 retrahebat
350 1327 369 1348 a
391 1319 562 1358 proposito,
586 1322 619 1349 et
641 1317 740 1348 exitio
759 1317 946 1348 reservabat
964 1327 1028 1348 non
1048 1317 1107 1347 im—

145 1365 271 1392 mutata
293 1365 401 1391 mente
424 1361 524 1400 ipsius
547 1361 580 1391 in
594 1359 734 1391 melius?
760 1359 814 1392 Sic
837 1359 927 1391 Deus
945 1360 1025 1390 solet
1048 1360 1107 1390 im-

145 1403 319 1445 proborum
334 1402 502 1434 hominum
517 1408 652 1435 conatus
665 1404 822 1442 frangere,
847 1408 879 1433 et
892 1402 953 1434 nisi
967 1403 1108 1433 furorem

144 1447 288 1487 ipsorum
312 1445 449 1485 frangat,
473 1451 506 1477 et
528 1446 561 1476 in
585 1445 745 1476 mitiorem
770 1446 912 1476 animum
933 1449 1109 1477 commutet

145 1488 279 1520 naribus
303 1488 430 1519 iniectis
454 1489 562 1520 fibulis
575 1498 721 1520 coercere
742 1492 772 1518 et
785 1494 897 1519 contra
908 1488 1109 1520 voluntatem

145 1532 291 1571 ipsorum
314 1530 376 1561 alio
400 1531 540 1562 trahere.
574 1531 625 1562 Ita
649 1530 741 1562 Sauli
766 1530 897 1561 Domini
921 1541 1037 1561 manus
1061 1531 1109 1561 in-

145 1574 229 1606 iecta
251 1577 300 1604 est
320 1577 356 1604 ut
377 1573 411 1604 in
434 1573 595 1605 Davidem
618 1574 742 1604 saevire
766 1584 829 1604 non
853 1578 969 1613 posset,
999 1579 1030 1604 et
1054 1573 1110 1604 do-

146 1626 234 1648 mum
255 1615 363 1647 redire
385 1626 512 1648 summa
536 1627 594 1648 sua
617 1616 804 1648 confusione
827 1622 1008 1656 cogeretur.
1042 1616 1109 1646 Da-

146 1659 211 1691 vidi
236 1668 312 1690 vero
335 1664 457 1696 contra,
482 1660 573 1691 cuius
597 1658 735 1690 deterior
764 1659 902 1690 conditio
926 1659 1111 1697 videbatur,

148 1702 238 1733 Deus
259 1701 325 1732 otia
348 1701 440 1737 fecit,
465 1706 498 1733 et
520 1701 699 1742 respirandi
724 1702 862 1741 spatium
887 1701 1015 1741 aliquod
1039 1712 1111 1732 cou-

146 1744 249 1781 eessit,
283 1754 324 1774 ne
351 1745 518 1784 perpetuis
555 1744 786 1776 tentationibus
819 1749 851 1775 et
882 1744 1111 1776 afflictionibus

147 1786 350 1819 obrueretur.
374 1786 457 1818 Nam
477 1787 538 1818 etsi
552 1786 684 1819 Saulem
697 1786 736 1818 ad
751 1791 877 1827 tempus
890 1787 1039 1827 placavit,
1063 1792 1111 1818 ta—

146 1839 221 1861 men
248 1829 282 1860 in
311 1840 406 1860 suum
435 1829 713 1871 propugnaculum
743 1830 862 1860 reverti
893 1835 1021 1861 coactus
1052 1835 1111 1866 est,

145 1871 230 1912 quod
253 1882 330 1903 sane
353 1882 417 1902 uon
441 1877 510 1903 erat
539 1873 701 1904 munitum
732 1872 862 1912 aliquod
886 1872 1055 1904 castellum
1079 1877 1112 1903 et

146 1914 243 1946 rebus
273 1915 463 1946 necessariis
493 1914 709 1953 instructum,
741 1915 796 1946 sed
826 1920 861 1946 ut
884 1920 959 1946 ante
982 1915 1113 1946 videtur

146 1956 298 1998 spelunca
319 1957 354 1988 in
377 1956 512 1996 deserto,
541 1958 724 1998 perfugium
755 1957 922 1988 damarum
952 1962 984 1989 et
1006 1967 1110 1989 came-

147 2000 260 2038 lorum,
290 2000 323 2031 in
351 2010 447 2040 quam
478 2011 511 2032 se
535 2000 640 2032 David
671 2000 793 2040 recepit
822 2000 914 2040 quasi
937 2011 1010 2031 cum
1034 2000 1111 2031 feris

147 2043 181 2074 in
204 2042 333 2082 rupium
356 2044 504 2075 cavernis
525 2044 576 2075 vel
599 2043 705 2083 potius
728 2048 882 2082 tanquam
906 2043 939 2073 in
963 2043 1109 2083 sepulcro

147 2085 248 2117 vitam
271 2090 390 2126 ageret.
436 2085 530 2125 Quae
553 2086 641 2117 vitae
664 2085 803 2117 conditio
834 2086 976 2125 profecto
995 2086 1108 2117 miser-

146 2128 230 2159 rima
251 2128 320 2165 fuit,
343 2127 399 2159 sed
421 2128 454 2159 in
478 2138 542 2169 qua
564 2133 672 2159 tamen
692 2128 755 2159 Dei
774 2129 949 2159 bonitatem
969 2128 1108 2168 experiri

148 2180 215 2202 non
238 2170 340 2210 desiit,
371 2170 455 2210 quod
485 2171 533 2202 illi
557 2171 678 2211 aliquot
708 2171 832 2202 dierum
864 2171 1011 2202 inducias
1034 2181 1109 2202 con-

149 2213 252 2245 cessit.
283 2213 349 2244 Nos
370 2213 491 2253 itaque,
514 2214 589 2246 licet
611 2224 675 2245 non
698 2224 824 2253 semper
846 2214 942 2245 rebus
961 2213 1109 2244 secundis

148 2255 309 2294 fruamur,
341 2266 444 2296 neque
473 2256 566 2288 nobis
600 2257 708 2288 omnia
740 2267 780 2287 ex
814 2256 915 2287 animi
949 2256 1110 2287 sententia

149 2298 347 2338 contingant,
377 2298 433 2330 sed
464 2299 499 2330 in
531 2300 590 2330 hac
614 2299 681 2330 vita
711 2310 782 2331 cum
814 2298 926 2330 multis
948 2299 1110 2329 luctemur

151 2340 401 2379 difficultatibus,
424 2345 455 2372 et
477 2342 589 2373 multis
612 2342 740 2373 iniuriis
762 2346 795 2372 et
813 2341 984 2373 calumniis
1003 2341 1108 2381 oppri-

150 2392 285 2420 mamur,
315 2389 346 2414 et
368 2384 460 2422 fame,
489 2384 552 2422 siti,
581 2390 680 2422 aestu,
711 2384 831 2426 frigore
853 2394 1023 2420 vexemur,
1054 2383 1109 2415 sed

149 2425 359 2466 ignominiam
382 2435 419 2457 ac
441 2426 577 2459 dedecus
601 2426 641 2458 ab
672 2426 856 2458 hominibus
876 2427 1047 2467 patiamur,
1078 2431 1110 2457 et

151 2467 262 2499 mult-is
283 2468 355 2500 aliis
377 2468 555 2501 istiusmodi
579 2470 789 2501 incommodis
812 2470 880 2500 vita
903 2474 1015 2500 nostra
1038 2479 1111 2509 per-

149 2510 255 2541 mixta
272 2511 322 2548 sit,
347 2522 387 2543 ne
399 2521 543 2551 unquam
563 2517 671 2543 tamen
685 2512 829 2543 animum
843 2511 1109 2552 despondeamus,

150 2563 252 2594 neque
275 2552 389 2585 deinde
407 2553 645 2586 misericordiae
664 2565 793 2586 sensum
813 2559 845 2585 et
863 2559 996 2595 gustum
1015 2554 1110 2585 amit—

151 2600 268 2636 tamus,
298 2606 379 2637 quae
401 2597 435 2627 in
457 2597 604 2628 omnibus
627 2596 872 2629 difficultatibus
895 2601 927 2628 et
950 2596 1109 2636 angustiis

779 201 827 232 IN
850 201 875 232 I.
898 201 984 234 LIB.
1009 203 1206 236 SAMUEL.
1231 204 1326 236 CAP.
1351 205 1477 235 XXIV.

2054 201 2116 232 522

1161 296 1218 327 Sin
1244 307 1319 328 vero
1345 298 1432 328 Deus
1456 298 1546 329 nobis
1569 297 1634 328 otia
1659 296 1777 332 fecerit,
1801 300 1922 326 attente
1945 295 2046 335 ipsius
2065 293 2116 325 be-

1160 340 1272 369 neficia
1285 340 1531 377 consideremus,
1554 347 1584 370 et
1605 339 1696 370 nobis
1710 338 1914 378 applicemus,
1941 343 1973 368 ut
1985 347 2114 368 omnem

1160 382 1322 412 tristitiam
1347 388 1378 413 ct
1408 383 1613 413 afflictionem
1650 392 1711 421 qua
1742 391 1924 420 prememur
1953 379 2113 419 spirituali

1161 424 1281 454 laetitia
1311 425 1493 462 vincamus,
1529 435 1655 463 semper
1678 423 1786 454 animo
1810 429 1917 454 nostro
1941 423 2115 453 retinentes

1160 465 1404 497 fundamentum
1432 467 1512 498 istud
1538 468 1678 502 firmum,
1702 466 1806 496 Deum
1832 466 1885 505 qui
1906 476 1961 496 nos
1985 465 2016 495 in
2031 469 2114 495 tute-

1161 509 1222 538 lam
1238 520 1325 539 suani
1341 510 1469 548 recepit,
1494 520 1551 539 nos
1564 519 1727 548 nunqnam
1747 507 1958 545 deserturum,
1983 508 2115 546 eiusque

1161 550 1333 581 bonitatem
1358 562 1427 582 eam
1451 562 1518 582 csse
1542 562 1616 591 erga
1641 562 1697 581 nos
1721 556 1755 581 ut
1779 551 1810 580 in
1836 561 1871 581 ea
1891 550 2115 589 conquiescere

1161 603 1218 623 nos
1242 599 1394 633 oporteat,
1419 599 1449 624 et
1472 594 1628 624 mundum
1653 604 1689 623 ae
1707 603 1816 624 omnes
1836 592 2029 623 tentationes
2053 592 2116 623 for-

1161 636 1235 666 titer
1259 646 1418 675 superare.

1245 678 1398 718 Sequitur
1421 677 1569 717 deinceps
1583 678 1740 709 Davidem
1765 688 1827 708 non
1842 678 1943 708 solum
1968 676 2007 708 ad
2020 687 2113 708 suum

1160 721 1434 761 propugnaculum
1461 721 1590 751 rediisse
1614 721 1667 751 sed
1692 721 1786 751 etiam
1808 720 1997 751 descendisse
2008 730 2115 750 versus

1159 764 1310 795 desertum
1341 762 1502 794 Pharanis
1532 764 1614 803 quod
1646 763 1771 803 lougius
1802 763 1911 793 aberat
1942 773 1960 793 a
1982 761 2114 800 Iudaea,

1160 810 1192 836 et
1223 816 1241 836 a
1271 806 1453 836 sanctuario
1484 806 1515 836 in
1552 816 1613 845 qno
1651 806 1740 836 Deus
1772 805 1987 845 praesentiam
2021 814 2113 835 suam

1161 848 1347 880 testabatur.
1370 848 1448 878 Erat
1472 849 1554 878 enini
1580 849 1663 879 inter
1687 850 1870 888 Aegyptum
1895 853 1926 877 et
1950 847 2114 883 Arabiam,

1160 890 1242 930 quod
1268 889 1386 921 Davidi
1407 901 1504 930 grave
1528 891 1623 921 fuisse
1647 896 1694 921 est
1717 890 1941 926 certissimum,
1971 888 2055 929 quod
2078 899 2115 920 ea

1160 934 1283 964 ratione
1314 933 1477 963 videretur
1511 944 1529 963 a
1555 933 1676 964 iudaieo
1700 932 1814 972 populo
1839 933 1968 971 recisus,
1999 938 2030 962 et
2059 942 2115 962 ex-

1161 975 1270 1006 sulare
1282 981 1449 1015 cogeretur
1463 981 1546 1006 terra
1569 986 1662 1015 quam
1680 975 1767 1005 Deus
1779 975 1956 1005 Abrahami
1981 974 2116 1013 posteris

1161 1019 1383 1058 possidendam
1414 1025 1444 1048 et
1467 1017 1665 1049 incolendam
1696 1016 1835 1054 dederat,
1865 1023 1896 1047 et
1925 1018 2115 1056 assignarat.

1162 1062 1263 1092 Porro
1287 1061 1512 1100 promissiones
1543 1071 1652 1091 omncs
1676 1060 1832 1090 Israelitis
1862 1060 1964 1090 factae
1994 1070 2012 1089 a
2035 1059 2113 1095 Deo,

1161 1103 1377 1144 respiciebant
1401 1103 1440 1133 D.
1464 1103 1502 1134 N.
1526 1103 1632 1133 Iesum
1657 1103 1823 1133 Christum
1855 1102 1909 1141 qui
1933 1107 1982 1132 est
2005 1111 2115 1132 earum

1161 1146 1320 1186 perfectio,
1345 1146 1434 1176 cuius
1448 1145 1552 1176 David
1565 1152 1632 1176 erat
1653 1146 1770 1185 figura;
1795 1154 1893 1184 quare
1906 1154 2004 1183 quum
2024 1149 2116 1174 tanto

1162 1189 1314 1220 beneficio
1337 1188 1441 1219 infimi
1464 1189 1579 1228 quique
1602 1199 1641 1218 ex
1664 1188 1732 1227 ipsa
1756 1187 1845 1226 plebe
1869 1186 2062 1224 fruerentur,
2086 1191 2117 1216 et

1161 1232 1195 1262 in
1225 1237 1311 1262 terra
1341 1230 1525 1261 habitarent
1555 1240 1650 1270 quam
1686 1230 1760 1269 ipsis
1792 1229 1880 1259 Deus
1917 1228 2048 1259 dederat
2085 1233 2116 1259 et

1162 1285 1242 1315 quae
1255 1284 1390 1314 regnum
1410 1273 1575 1312 spirituale
1595 1272 1864 1312 repraesentabat,
1890 1271 1995 1302 David
2009 1277 2117 1302 autem

1162 1321 1258 1356 eaput
1281 1321 1312 1347 et
1336 1317 1439 1355 figura
1469 1315 1613 1356 promissi
1638 1315 1720 1355 regis
1744 1314 1854 1345 eadem
1885 1313 2058 1352 exsularet,
2087 1318 2118 1343 et

1163 1359 1292 1399 quidem
1324 1369 1387 1389 non
1422 1358 1461 1388 ad
1491 1357 1619 1397 aliquod
1649 1357 1801 1396 temporis
1824 1361 2032 1392 momentum,
2063 1355 2117 1386 sed

1163 1413 1219 1442 per
1239 1402 1369 1441 longum
1396 1400 1544 1440 temporis
1563 1400 1713 1440 spatium,
1737 1399 1814 1429 adeo
1833 1398 1960 1438 quidem
1980 1403 2015 1428 ut
2029 1398 2117 1428 vide-

1162 1451 1251 1476 retur
1273 1444 1377 1475 omnis
1401 1443 1447 1473 illi
1464 1443 1613 1483 adempta
1631 1453 1702 1482 spes
1722 1441 1854 1479 reditus,
1879 1440 2039 1471 horrenda
2059 1441 2119 1471 fuit

1163 1498 1240 1518 sane
1252 1486 1396 1524 tentatio,
1420 1497 1483 1525 qua
1495 1496 1559 1516 non
1574 1496 1687 1525 parum
1700 1485 1796 1515 fuisse
1816 1484 2037 1523 perturbatum
2050 1482 2118 1513 Da-

1164 1530 1269 1561 videm
1304 1528 1478 1560 verisimile
1512 1534 1568 1564 cst,
1603 1537 1699 1567 quum
1731 1538 1748 1557 a
1778 1526 1848 1557 Deo
1880 1531 1944 1556 tam
1975 1526 2118 1565 graviter

1163 1577 1374 1604 exerceretur.
1411 1568 1476 1602 Sed
1502 1581 1564 1601 non
1596 1575 1701 1601 tamen
1732 1569 1785 1600 isti
1817 1568 1986 1599 tentationi
2010 1567 2117 1598 David

1164 1614 1339 1652 succubuit,
1370 1613 1425 1645 sed
1456 1613 1518 1644 fide
1548 1612 1723 1653 superavit.
1781 1611 1887 1649 Quam
1917 1610 1957 1640 ob
1986 1620 2116 1641 causam

1163 1657 1250 1689 Psal.
1266 1657 1302 1687 11
1318 1657 1383 1687 suis
1402 1657 1478 1695 ipsis
1498 1655 1640 1686 hostibus
1664 1654 1823 1685 insultans
1847 1653 1906 1683 ait:
1931 1652 1971 1683 In
1984 1652 2118 1684 Domino

1162 1700 1286 1739 confido,
1315 1699 1458 1738 quomodo
1480 1699 1583 1730 dicitis
1605 1698 1727 1729 aninmo
1749 1706 1840 1733 meae,
1869 1696 2062 1734 transmigra
2083 1695 2118 1726 in

1161 1746 1290 1775 montem
1309 1743 1387 1772 sicut
1402 1751 1570 1780 passerem.
1601 1740 1687 1771 Sane
1712 1739 1818 1769 hostes
1831 1737 1894 1768 Dei
1913 1738 2024 1768 multis
2047 1737 2117 1777 qui-

1163 1786 1234 1817 dem
1255 1785 1380 1817 cavillis
1399 1785 1498 1824 ipsius
1511 1793 1621 1814 servos
1645 1783 1806 1813 lacessunt
1824 1785 1856 1811 et
1874 1780 1990 1811 infesto
2009 1780 2117 1811 animo

1163 1829 1202 1860 ad
1231 1833 1367 1858 mortem
1398 1832 1641 1867 persequuntur,
1671 1830 1701 1855 et
1730 1823 1851 1854 coelum
1882 1823 1988 1863 ipsum
2012 1828 2118 1854 terrae

1163 1872 1306 1908 miscere,
1337 1874 1368 1900 et
1390 1879 1408 1899 a
1432 1868 1649 1900 fundamentis
1680 1872 1798 1897 terram
1830 1865 2010 1897 convellere
2034 1865 2117 1896 velle

1164 1914 1322 1944 videntur.
1369 1911 1431 1943 Sed
1462 1911 1494 1942 in
1519 1910 1623 1941 Deum
1645 1909 1727 1941 oculi
1757 1913 1833 1939 sunt
1862 1907 2042 1939 coniicendi
2065 1909 2118 1947 qui

1162 1961 1324 1987 momento
1348 1965 1478 1985 suorum
1509 1953 1646 1984 hostium
1676 1951 1808 1983 consilia
1832 1950 1988 1990 dissipare
2011 1955 2044 1980 et
2066 1960 2117 1982 co-

1162 2004 1257 2030 natus
1287 1998 1436 2038 frangere
1467 2001 1585 2036 potest:
1614 2000 1644 2026 et
1674 1993 1788 2024 idcirco
1811 1992 1918 2023 David
1949 2002 1982 2022 se
2012 1992 2117 2032 ipsum

1162 2043 1222 2073 hac
1245 2040 1452 2071 meditatione
1475 2037 1658 2070 consolatur
1688 2042 1720 2067 et
1743 2036 1846 2075 erigit.
1888 2034 2045 2066 Dominus
2068 2035 2115 2066 in-

1162 2084 1233 2124 quit
1255 2084 1289 2114 in
1311 2083 1423 2122 templo
1444 2084 1547 2113 sancto
1570 2090 1636 2120 sua,
1667 2080 1701 2110 in
1723 2078 1800 2110 coelo
1822 2078 1907 2108 sedes
1929 2078 2004 2116 eius,
2038 2077 2118 2109 oculi

1162 2128 1228 2158 eius
1249 2126 1284 2156 in
1300 2134 1470 2164 pauperem
1491 2123 1667 2162 respiciunt,
1692 2120 1861 2160 palpebrae
1892 2120 1959 2150 eius
1989 2121 2117 2151 interro-

1159 2171 1233 2210 yant
1254 2168 1338 2207 filios
1360 2167 1524 2198 hominum.
1549 2165 1619 2196 Non
1640 2165 1739 2204 igitur
1762 2162 1922 2193 immerito
1945 2172 1978 2192 se
2001 2163 2034 2192 in
2055 2163 2118 2194 Do-

1161 2213 1248 2243 mino
1271 2209 1431 2242 confidere
1462 2209 1543 2239 dixit
1566 2218 1660 2247 quem
1685 2215 1837 2245 tanquam
1861 2205 2010 2244 clypeum
2034 2205 2119 2236 exci-

1161 2253 1285 2295 piendis
1312 2252 1460 2283 omnibus
1483 2251 1622 2282 hostium
1647 2248 1760 2279 ictibus
1792 2247 1933 2287 opponit.
1974 2247 2017 2277 Et
2040 2258 2118 2278 sane

1162 2296 1305 2328 diabolus
1328 2294 1486 2326 iaculatur
1509 2295 1541 2324 in
1565 2303 1622 2323 nos
1644 2292 1739 2332 ignca
1759 2289 1832 2329 tela,
1855 2294 1892 2319 ut
1910 2295 2018 2320 monet
2031 2289 2117 2321 Pau-

1161 2340 1222 2379 lus,
1252 2343 1285 2368 et
1311 2337 1397 2368 mille
1428 2341 1513 2367 artes
1544 2335 1640 2365 habet
1671 2332 1805 2364 nocendi
1835 2331 1950 2371 quibus
1981 2332 2117 2372 singulis

1161 2381 1331 2413 momentis
1354 2380 1579 2411 obruere-mur:
1604 2377 1664 2407 nisi
1687 2375 1750 2405 Dei
1775 2375 1895 2404 virtute
1919 2379 1951 2404 et
1973 2375 2118 2414 potentia

1161 2430 1344 2464 tegeremur
1375 2426 1406 2453 et
1440 2421 1649 2452 muniremur.
1691 2416 1799 2448 David
1830 2422 1936 2447 autem
1961 2417 2118 2449 rationem

1161 2477 1218 2498 nos
1242 2465 1332 2497 docet
1354 2474 1417 2504 qua
1440 2463 1598 2503 possimus
1621 2461 1718 2491 armis
1741 2459 1809 2491 istis
1833 2459 1969 2489 muniri:
2003 2470 2118 2500 nempe

1161 2515 1196 2541 ut
1218 2509 1366 2549 clypeum
1389 2516 1588 2537 assumamus
1608 2503 1680 2534 fidei
1701 2512 1781 2542 quae
1800 2501 1832 2531 in
1846 2500 1909 2531 Dei
1930 2502 2116 2541 promissio-

1162 2563 1217 2583 nes
1241 2549 1405 2582 recumbit.
1451 2548 1533 2579 Nam
1561 2547 1588 2578 si
1619 2546 1678 2577 hoe
1701 2545 1814 2584 clypeo
1846 2543 1920 2574 teeti
1949 2544 2115 2583 fuerimus,

1160 2593 1312 2626 facillime
1342 2591 1423 2622 hosti
1455 2596 1563 2621 nostro
1587 2587 1834 2624 insultabimus,
1868 2590 1900 2616 et
1923 2587 2114 2619 tentationes

150 2648 304 2680 praesens
322 2639 478 2671 auxilium
497 2639 625 2671 adferre
644 2644 677 2671 et
696 2639 843 2671 labantes
856 2640 980 2680 erigere
993 2643 1108 2679 potest.
1134 2636 1137 2660 Ι
1160 2647 1271 2669 omnes
1294 2633 1521 2675 superabimus.
1546 2631 1593 2663 Ac
1612 2631 1686 2663 lieet
1705 2628 1847 2660 mundus
1868 2628 1935 2668 ipse
1953 2629 2115 2670 conspiret
