2551 3044
346 230 409 260 643
1143 223 1349 255 HOMILIA
1370 223 1497 256 XCIX.
2285 224 2348 256 644

347 323 454 354 Deum
481 322 631 356 revereri,
656 331 696 350 no
721 329 862 358 uuquam
883 329 1000 350 nomen
1026 319 1127 359 ipsius
1151 319 1184 349 in
1200 328 1321 349 vanum

350 374 556 398 assumamus
579 370 612 393 ct
635 361 838 402 contemptui
868 361 1055 393 habeamus.
1103 360 1190 393 Sane
1221 361 1322 392 iusiu-

350 408 489 440 randum
513 416 608 436 omne
633 405 665 436 in
693 405 752 435 Dei
777 405 933 435 honorem
958 404 1078 441 fertur,
1108 403 1194 434 unde
1218 404 1255 434 fit
1285 408 1322 434 ut

352 449 488 482 venetici
522 456 553 479 et
587 449 809 479 incantatores
844 448 930 487 magi
973 454 1006 478 et
1043 447 1097 478 alii
1136 445 1323 478 istiusmodi

350 493 498 524 homiues
529 490 604 522 inde
641 490 842 521 occasionem
880 490 1022 529 aliquam
1047 489 1106 521 sibi
1137 488 1324 529 gratulandi

351 535 522 575 accipiant,
546 533 631 573 quod
653 533 713 563 Dei
734 533 866 563 nomine
889 532 1045 564 advocato
1069 541 1226 571 responsa
1246 530 1324 562 dent

350 577 554 613 hominibus,
579 576 670 615 quasi
694 575 786 606 Deus
823 580 957 606 vocatus
982 574 1195 615 respondeat,
1219 584 1320 613 quum

351 626 459 652 tamen
484 631 502 650 a
526 618 653 649 diabolo
686 618 745 648 toti
776 617 950 657 pendeant,
980 623 1013 648 et
1043 617 1106 648 Dei
1137 626 1254 648 nomeu
1285 616 1324 648 ab

350 663 429 704 ipsis
454 662 533 693 falso
557 667 751 692 assumatur.
787 660 902 700 Itaque
920 661 1066 691 iurantes
1088 664 1214 700 oportet
1237 664 1324 690 certo

351 715 524 746 persuasos
548 714 618 735 esse
641 715 683 739 sc,
708 703 858 734 invocato
884 703 944 734 Dei
968 703 1109 740 nomine,
1139 711 1324 742 agnoscere,

351 748 414 780 Dei
439 748 580 779 officium
605 754 635 777 et
656 746 835 786 potentiam
856 756 925 777 esse
945 745 1087 777 iudicare
1111 755 1176 776 non
1197 749 1323 775 tantum

355 791 396 822 de
419 790 520 826 sactis,
545 788 600 820 scd
626 790 724 819 etiam
747 788 787 819 de
811 788 1079 828 cogitationibus:
1103 787 1157 827 qui
1177 797 1325 818 summus

353 834 456 865 honor
496 833 567 862 Deo
602 831 774 862 exhibetur
803 840 903 870 quum
941 842 1000 862 nos
1037 832 1106 862 eius
1141 829 1258 861 iudicio
1293 833 1326 860 ct

353 876 434 908 solio
458 875 503 906 ita
525 874 681 910 sistimus,
707 880 742 904 ut
766 873 978 913 profiteamur
1002 873 1159 905 factorum
1179 871 1325 904 omnium

356 919 583 957 dictorumque
607 923 639 948 et
662 916 896 956 cogitationum
920 916 1079 947 rationem
1103 916 1164 955 ipsi
1188 915 1326 946 redden-

356 961 429 992 dam
454 972 533 992 esse.
578 960 622 990 Et
647 965 813 999 praeterea
844 958 1070 990 iusiurandum
1101 957 1230 998 publica
1254 967 1326 997 pro-

355 1004 451 1035 fessio
475 1009 523 1033 est
545 1002 675 1033 divinae
696 1002 874 1041 potestatis,
897 1001 981 1041 quod
1005 1001 1093 1033 solus
1112 1001 1221 1032 omnia
1243 1000 1327 1031 norit

354 1052 385 1078 et
410 1046 615 1077 mendacium
640 1056 658 1075 a
677 1045 813 1075 veritate
833 1044 1010 1075 discernat:
1035 1043 1093 1075 sed
1116 1044 1143 1074 si
1162 1044 1327 1074 iuramen-

352 1092 422 1120 tum
452 1088 626 1119 adhibetur
657 1086 696 1117 ad
733 1086 863 1117 malum
898 1086 1038 1126 aliquem
1069 1086 1170 1118 finem
1200 1095 1327 1117 summa

352 1136 403 1163 est
425 1131 528 1162 divini
553 1130 695 1161 nominis
709 1130 911 1169 profanatio:
936 1129 1014 1160 adeo
1038 1134 1073 1160 ut
1098 1139 1197 1169 quum
1221 1138 1326 1159 saero-

352 1179 466 1205 sancta
479 1184 530 1204 res
543 1173 586 1204 sit
605 1172 761 1203 advocato
775 1172 836 1202 Dei
857 1172 987 1203 nomine
1002 1172 1108 1203 iurare
1121 1182 1326 1212 summopere

353 1216 537 1248 cavendum
561 1216 601 1246 sit
625 1226 665 1246 no
679 1214 789 1255 pravis
813 1214 887 1245 ullis
907 1214 1075 1246 affectibus
1099 1214 1187 1246 ducti
1208 1225 1324 1245 nomen

353 1260 456 1299 ipsius
480 1259 514 1289 in
540 1268 660 1289 vanum
686 1267 890 1288 assumamus
914 1262 945 1288 et
968 1256 1109 1288 ludibrio
1129 1257 1325 1289 habeamus:

352 1301 408 1333 sed
440 1312 541 1341 quum
574 1301 749 1332 necessitas
782 1300 923 1339 postulat
945 1299 1009 1330 Dei
1034 1300 1176 1331 viventis
1208 1310 1324 1331 nomen

352 1354 559 1376 assumamus
591 1350 625 1374 ut
656 1343 689 1373 in
720 1342 826 1374 studio
857 1343 938 1374 recti
967 1352 1004 1374 ac
1035 1341 1110 1374 boni
1144 1343 1248 1382 magis
1288 1353 1324 1374 ac

352 1387 457 1427 magis
481 1387 722 1423 confirmemur,
752 1389 785 1416 et
814 1385 918 1417 bonae
948 1389 1079 1416 nostrae
1109 1385 1324 1417 conscientiae

352 1429 578 1461 testimonium
627 1428 815 1459 habeamus.
879 1427 989 1467 Atque
1034 1427 1114 1459 haee
1154 1427 1323 1459 retinenda

351 1478 428 1504 sunt
452 1482 491 1503 ex
516 1472 577 1502 isto
601 1470 709 1503 Saulis
732 1471 930 1501 iuramento:
955 1471 1038 1501 iurat
1058 1475 1165 1501 autem
1190 1471 1223 1501 in
1243 1471 1322 1502 haec

354 1515 461 1551 verba,
485 1514 575 1546 Deus
595 1514 680 1544 vivit.
718 1514 820 1545 Porro
844 1513 910 1545 vita
933 1512 996 1544 Dei
1020 1513 1139 1545 dicitur
1162 1523 1226 1544 non
1251 1518 1323 1545 tan-

352 1563 421 1588 tuui
446 1567 483 1587 ea
507 1567 571 1596 qua
596 1556 746 1594 vivimus,
778 1566 893 1595 nempe
917 1566 979 1595 qua
1009 1566 1190 1592 movemur,
1221 1556 1322 1587 senti—

352 1610 435 1637 mus,
456 1599 612 1636 videmus,
635 1599 783 1630 volumus
803 1605 836 1629 et
847 1599 1037 1638 cogitamus.
1062 1598 1117 1630 sed
1131 1609 1168 1630 ea
1181 1599 1322 1630 maxime

352 1653 415 1682 qua
439 1642 598 1672 mundum
624 1642 717 1681 regit,
742 1650 806 1681 qua
829 1641 972 1672 subiecta
998 1641 1058 1672 sibi
1081 1640 1179 1672 habet
1201 1641 1322 1680 omnia,

353 1695 417 1725 qua
440 1695 588 1715 summus
611 1682 709 1715 iudex
733 1690 792 1722 est,
823 1690 856 1714 et
879 1694 974 1714 omne
997 1694 1083 1724 genu
1106 1684 1167 1723 ipsi
1191 1684 1322 1716 flectere

353 1731 490 1767 oportet,
513 1736 578 1766 qua
601 1726 706 1767 legem
730 1725 821 1757 nobis
841 1726 980 1766 imponit
1003 1733 1034 1757 et
1058 1726 1178 1757 malum
1202 1737 1221 1757 a
1239 1726 1323 1758 bono

355 1770 526 1808 discernit,
568 1779 633 1809 qua
667 1769 805 1809 denique
841 1769 1010 1800 hominum
1046 1770 1324 1809 transgressiones

355 1812 451 1852 punit
491 1819 523 1843 et
564 1811 722 1842 iustitiam
769 1818 802 1842 ct
851 1811 1048 1851 aequitatem
1105 1812 1200 1843 fovet.
1264 1813 1324 1852 Ea,

354 1857 499 1894 inquam,
512 1854 574 1885 Dei
590 1854 656 1884 vita.
679 1858 727 1885 est
749 1864 806 1894 per
829 1863 926 1894 quam
941 1854 1019 1885 Saul
1040 1854 1151 1885 iurans
1169 1860 1324 1894 tauquam

354 1897 517 1929 fanaticus
541 1897 571 1927 in
597 1908 631 1928 se
651 1897 757 1936 ipsum
771 1897 865 1933 iurat,
890 1900 923 1928 et-
935 1897 984 1928 sui
997 1897 1100 1937 ipsius
1113 1897 1323 1928 obliviscitur.

355 1940 424 1971 Nos
454 1941 562 1979 itaque
593 1939 693 1970 sobrii
727 1950 798 1970 esse
832 1939 994 1971 discamus
1028 1939 1061 1970 in
1097 1940 1228 1970 nomine
1263 1940 1325 1971 Dei

355 1982 550 2014 assumendo
575 1992 614 2012 nc
639 1982 719 2013 illud
743 1982 776 2013 iu
791 1992 912 2013 vanum
925 1992 1128 2013 assumamus
1150 1987 1182 2013 ct
1205 1982 1325 2014 discer—

354 2036 479 2066 pamus,
504 2025 559 2057 sed
584 2025 690 2055 Deum
715 2030 928 2065 agnoscentes
947 2024 1052 2065 qualis
1073 2030 1132 2063 est,
1157 2030 1270 2056 testem
1295 2031 1326 2056 et

354 2068 493 2100 iudicem
520 2069 552 2098 in
577 2067 673 2098 rebus
693 2067 789 2098 licitis
813 2067 1017 2099 advocemus.

443 2111 604 2150 Deinceps
646 2110 790 2149 sequitur
833 2110 1003 2141 mulierem
1046 2110 1244 2150 quaesivisse
1286 2121 1326 2141 ex

357 2154 458 2185 Saule
490 2164 584 2193 quom
616 2153 763 2184 suscitari
794 2153 853 2184 sibi
886 2153 983 2184 vellet
1013 2164 1053 2184 ex
1083 2152 1228 2184 mortuis.
1276 2153 1325 2184 Ex

356 2196 474 2236 quihus
499 2202 633 2235 apparet
658 2196 765 2226 verbis
789 2195 958 2226 mulierem
987 2196 1081 2226 istam
1112 2196 1327 2226 necromanti-

357 2248 427 2270 cam
453 2245 554 2269 artein
579 2239 770 2275 exercuisse,
794 2238 824 2269 id
849 2244 896 2269 ost
916 2238 1150 2269 divinationem
1171 2248 1227 2277 per
1247 2248 1328 2268 mor-

359 2287 429 2312 tuos
455 2281 515 2311 Dei
541 2281 672 2311 nomine
696 2286 863 2312 evocatos:
896 2291 970 2311 nam
1003 2281 1046 2311 ita
1077 2281 1181 2312 solent
1211 2280 1328 2311 diaboli

357 2324 499 2354 ministri
523 2323 586 2354 Dei
610 2324 742 2354 nomine
773 2324 861 2355 abuti
893 2328 925 2354 et
954 2334 988 2354 se
1021 2323 1194 2364 prophetas
1223 2322 1329 2355 dicere

357 2366 508 2406 spiritum
539 2365 746 2397 revelationis
779 2366 950 2397 habentes:
989 2377 1087 2406 quum
1122 2372 1230 2396 tamen
1263 2371 1357 2402 tota,

359 2409 501 2449 ipsorum
534 2419 586 2439 ars
617 2419 704 2439 mere
736 2409 853 2439 diaboli
886 2409 1080 2449 praestigiae
1112 2413 1144 2439 ct
1173 2409 1328 2448 iniquitas

358 2453 410 2483 sit.
456 2451 593 2482 Interim
634 2451 715 2483 hauc
754 2451 923 2482 mulierem
963 2452 1110 2483 videmus
1148 2451 1329 2482 assuevisse

359 2502 504 2524 mortuos
528 2505 544 2524 c
568 2494 725 2533 sepulcris
738 2504 881 2529 evocare,
907 2498 943 2525 ut
962 2495 988 2525 is
1001 2495 1070 2525 sivo
1090 2505 1128 2524 cx
1150 2494 1328 2534 prophetis,

359 2537 428 2567 sive
458 2548 495 2567 cx
529 2537 691 2567 veteribus
723 2543 928 2573 evocaretur,
959 2548 1054 2576 quem
1085 2537 1200 2576 aliquis
1234 2536 1330 2567 vellet

359 2579 559 2619 compellare.
618 2579 723 2617 Atque
765 2579 827 2610 ista
869 2581 1000 2610 fuerunt
1041 2579 1159 2610 diaboli
1203 2588 1330 2619 semper

360 2622 552 2661 praestigiae
576 2621 692 2661 quibus
716 2621 864 2652 homines
889 2622 994 2659 clusit,
1019 2622 1120 2662 impia
1143 2622 1329 2653 curiositate

360 2671 560 2695 mortuorum
601 2664 798 2703 colloquium
839 2670 1037 2704 expetentes.

1375 318 1468 349 multi
1492 328 1624 349 suorum
1647 323 1703 348 aut
1726 323 1900 358 parentum
1925 323 1983 348 aut
2013 318 2192 349 amicorum
2224 318 2350 350 obitum

1375 370 1471 401 aegre
1495 360 1604 391 ferunt
1637 364 1669 391 et
1691 359 1731 391 de
1754 360 1899 400 ipsorum
1928 359 2113 392 conditione
2136 359 2230 392 valde
2260 361 2349 392 anxii

1378 409 1464 441 sunt,
1496 403 1613 443 quibus
1637 402 1745 434 stultis
1769 408 1905 434 naturae
1929 402 2099 434 affectibus
2122 402 2225 434 delusi
2248 402 2350 434 homi-

1378 456 1435 477 nes
1448 456 1485 477 eo
1498 445 1716 481 adducuntur,
1737 449 1773 476 ut
1784 445 1823 476 de
1836 446 1981 485 ipsorum
1994 445 2179 477 conditione
2191 445 2350 477 curiosius

1377 488 1554 528 inquirant,
1587 494 1621 519 ut
1644 489 1671 519 si
1695 488 1775 519 bene
1798 489 1876 528 ipsis
1899 498 1969 519 esse
1992 488 2180 529 intelligant
2202 498 2350 520 recreen-

1377 536 1442 571 tur,
1465 541 1562 571 quam
1586 531 1788 562 occasionem
1811 530 1916 562 Satan
1940 531 2057 571 arripit
2085 530 2125 562 ad
2156 541 2211 562 eos
2234 531 2267 562 in
2291 540 2351 562 sua

1377 574 1459 605 retia
1483 573 1659 605 trahendos
1682 579 1713 604 et
1738 578 1931 613 potestatem
1957 574 2035 614 ipsis
2059 573 2136 606 facit
2166 584 2239 606 cum
2264 576 2350 604 mor—

1377 616 1441 647 tuis
1471 616 1686 656 colloqucndi.
1747 615 1884 647 Accedit
1918 615 1959 647 ad
1992 617 2178 657 superiores
2214 616 2350 648 affectus

1376 659 1487 690 nescio
1511 659 1595 698 quod
1609 658 1762 690 stolidum
1786 669 1864 699 erga
1877 663 2020 691 mortuos
2033 659 2187 696 studium,
2212 668 2350 699 quorum

1380 702 1477 732 vitam
1499 711 1599 741 quum
1623 701 1758 732 audiunt
1782 701 1927 741 plerique
1957 712 2028 733 eam
2060 712 2255 742 magnopere
2279 711 2350 732 sus-

1379 744 1501 783 piciunt
1542 750 1573 774 et
1614 755 1648 775 se
1690 743 1865 784 discipulos
1906 754 2019 775 eorum
2056 745 2237 776 viventium
2281 753 2350 775 esse

1379 787 1520 826 potuisse
1567 792 1697 826 optant,
1738 786 1873 827 ideoque
1906 791 2109 818 mortuorum
2155 786 2350 827 colloquium

1380 828 1588 860 vehementer
1611 835 1778 870 expetunt,
1803 829 2018 869 quasiexillo
2040 839 2205 861 summum
2229 829 2350 860 bonum

1379 871 1499 911 aliquid
1529 872 1770 912 consequuturi.
1817 872 1976 903 Diabolus
2006 882 2085 903 vero
2109 872 2351 912 corruptionem

1381 915 1478 944 istam
1514 914 1684 945 hominum
1718 914 1834 946 fovens
1868 915 2000 946 simulat
2029 925 2063 946 se
2098 915 2218 946 nostris
2255 914 2351 945 rebus

1379 956 1499 996 optime
1522 956 1701 995 consulere,
1724 957 1750 988 si
1770 968 1843 989 cum
1864 958 1999 988 mortuis
2013 957 2265 988 familiaritatem
2291 955 2352 988 ali-

1379 1010 1475 1039 quam
1502 998 1721 1038 habuerimus,
1744 1000 1878 1040 ideoque
1902 1001 1947 1031 sic
1972 1000 2120 1031 homines
2139 1010 2268 1040 semper
2291 1000 2351 1030 im-

1380 1043 1495 1081 posuit,
1526 1047 1562 1072 ut
1592 1043 1791 1082 persuaserit
1827 1048 1973 1074 mortuos
2005 1053 2098 1083 posse
2137 1043 2221 1074 vivis
2254 1051 2350 1074 suum

1379 1090 1500 1115 statum
1524 1084 1678 1123 indicare,
1703 1090 1734 1116 et
1758 1085 1796 1116 de
1819 1085 1916 1116 rebus
1939 1085 2007 1116 suis
2031 1095 2104 1116 cum
2124 1085 2188 1116 illis
2207 1094 2351 1117 commu-

1380 1128 1496 1157 nicare.
1544 1126 1610 1158 Sed
1634 1137 1697 1167 quo
1717 1133 1834 1159 natura
1857 1138 1969 1159 sumus
1993 1127 2031 1159 ad
2056 1127 2117 1159 hoc
2141 1128 2258 1160 vitium
2277 1137 2352 1167 pro-

1379 1170 1538 1210 cliviores,
1562 1180 1599 1200 co
1622 1170 1726 1201 maior
1749 1170 1933 1202 adhibenda
1962 1170 2056 1202 nobis
2085 1171 2190 1202 caut-io
2221 1176 2285 1208 est,
2315 1173 2353 1200 ut

1379 1213 1566 1244 devotiones
1595 1217 1627 1243 et
1651 1212 1760 1244 cultus
1789 1213 1868 1245 istos
1904 1213 2083 1254 fugiamus,
2121 1220 2151 1244 et
2190 1213 2352 1253 appetitus

1379 1261 1506 1287 nostros
1537 1255 1658 1287 fraenis
1687 1255 1874 1287 cohibentes
1910 1257 1949 1287 ab
1983 1256 2070 1287 omni
2105 1267 2139 1286 re
2173 1255 2287 1287 illicita
2320 1259 2353 1286 et

1379 1298 1477 1329 verbo
1521 1298 1585 1329 Dei
1632 1297 1795 1338 prohibita
1843 1309 1970 1338 semper
2014 1299 2243 1330 abstineamus.
2306 1297 2352 1330 Et

1378 1341 1532 1381 quoniam
1556 1340 1707 1372 iubemur
1730 1341 1770 1372 ad
1793 1341 1897 1382 legem
1917 1345 1949 1372 et
1968 1341 2144 1381 prophetas
2167 1341 2351 1382 confugere,

1378 1385 1486 1416 Deum
1509 1393 1690 1424 precemur,
1714 1388 1751 1415 ut
1774 1384 1874 1415 verbo
1897 1384 2001 1424 ipsius
2030 1383 2134 1416 edocti
2165 1384 2198 1415 in
2228 1383 2283 1415 illo
2306 1384 2352 1415 sic

1378 1427 1646 1467 conquiescamus
1669 1436 1711 1457 ne
1735 1426 1818 1458 scire
1841 1426 1929 1458 aliud
1953 1426 2120 1466 quidpiam
2145 1437 2243 1467 quam
2266 1425 2352 1467 quod

1377 1470 1453 1502 licet
1475 1473 1676 1509 expetamus.
1723 1468 1811 1501 Sane
1842 1480 1907 1500 non
1939 1473 2065 1500 tantum
2102 1469 2163 1501 hoc
2193 1468 2352 1510 exemplo,

1377 1513 1432 1544 sed
1457 1512 1556 1544 etiam
1580 1523 1642 1544 usu
1665 1512 1830 1543 communi
1853 1522 1966 1552 sapere
1990 1522 2048 1543 nos
2068 1517 2204 1552 oportet,
2235 1513 2262 1543 si
2281 1511 2352 1552 qui—

1377 1555 1451 1586 dem
1474 1555 1564 1586 omni
1586 1554 1713 1586 saeculo
1738 1554 1884 1586 videmus
1916 1555 2063 1586 ethnicos
2092 1554 2153 1586 hac
2183 1554 2310 1586 ratione
2334 1565 2353 1586 a

1377 1598 1503 1630 diabolo
1527 1598 1643 1636 elusos,
1667 1601 1703 1628 ut
1727 1600 1929 1628 mortuorum
1958 1597 2128 1637 colloquiis
2160 1597 2354 1629 evocationi-

1377 1642 1437 1673 bus
1468 1641 1614 1672 animum
1645 1640 1861 1672 adducerent:
1902 1640 1958 1671 sed
1990 1644 2025 1671 ut
2056 1639 2129 1672 illos
2159 1641 2353 1672 omittamus

1378 1683 1464 1715 unde
1487 1693 1606 1723 quaeso
1629 1683 1664 1713 in
1687 1687 1807 1724 papatu
1825 1682 1931 1714 cultus
1950 1682 2038 1714 illius
2061 1682 2255 1715 idololatrici
2278 1692 2354 1723 pars

1378 1727 1443 1758 nisi
1477 1725 1516 1757 ab
1551 1726 1611 1757 hoc
1646 1726 1733 1756 fonte
1769 1727 1932 1757 manavit:
1969 1735 2046 1757 nam
2081 1726 2108 1757 si
2143 1736 2279 1766 quaeras
2311 1735 2352 1757 ex

1378 1770 1514 1810 papistis
1538 1768 1624 1800 unde
1649 1773 1713 1799 tam
1745 1768 1882 1800 ridicula
1913 1768 2017 1799 multa
2046 1768 2079 1799 in
2111 1768 2257 1809 ipsorum
2288 1767 2354 1800 eul-

1378 1819 1448 1844 tum
1478 1811 1682 1851 irrepserint,
1710 1811 1817 1849 aiunt,
1849 1822 1890 1842 ex
1920 1811 2056 1851 spiritus
2086 1811 2289 1843 revelatione
2318 1821 2353 1842 se

1377 1855 1507 1886 habere.
1531 1854 1620 1885 Hinc
1643 1853 1799 1886 ridiculae
1824 1854 1994 1885 hominum
2019 1854 2099 1886 istae
2123 1864 2231 1885 voees:
2256 1853 2351 1894 spiri-

1379 1904 1432 1929 tus
1463 1897 1558 1928 istius
1588 1897 1748 1928 revelavit
1777 1907 1811 1928 se
1840 1897 1873 1927 in
1912 1897 2041 1937 magnis
2073 1897 2235 1937 angustiis
2263 1895 2351 1936 apud

1379 1941 1498 1972 inferos
1521 1949 1599 1974 esse,
1623 1950 1657 1970 se
1679 1949 1772 1979 posse
1787 1944 1836 1970 tot
1859 1940 2032 1971 missarum
2046 1949 2182 1971 munere
2201 1939 2351 1977 recreari,

1378 1990 1410 2014 et
1434 1982 1695 2023 peregrinatione
1719 1982 1758 2013 ad
1778 1987 1928 2014 sanetum
1949 1982 2089 2022 aliquem
2109 1982 2223 2013 iuvari.
2264 1981 2352 2013 Hinc

1380 2027 1500 2057 factum
1525 2032 1560 2056 ut
1583 2024 1740 2056 sacellum
1764 2025 1861 2057 alicui
1884 2030 1995 2056 saneto
2019 2025 2080 2056 iste
2103 2025 2238 2061 voverit,
2269 2023 2352 2055 alter

1379 2069 1480 2099 altare
1505 2068 1714 2105 exstruxerit,
1738 2072 1834 2108 atque
1858 2068 1920 2098 ista
1942 2072 1993 2098 est
2004 2067 2207 2107 papistarum
2231 2067 2351 2098 sancti-

1381 2117 1430 2142 tas
1460 2116 1492 2142 et
1522 2110 1623 2141 divini
1653 2110 1759 2141 cultus
1791 2111 1881 2147 ratio,
1911 2110 1987 2142 hinc
2015 2111 2188 2141 missarum
2219 2115 2251 2140 et
2281 2108 2353 2140 reli-

1381 2163 1517 2193 quarum
1545 2153 1823 2184 caeremoniarum
1855 2158 1964 2190 ortus,
1997 2163 2113 2192 nempe
2142 2163 2181 2183 cx
2212 2157 2351 2183 mortuo-

1381 2207 1454 2227 rum
1486 2195 1696 2227 revelatione.
1742 2196 1810 2227 Nos
1843 2206 1918 2227 vero
1949 2201 2064 2227 contra
2094 2194 2257 2226 discamus
2280 2194 2352 2226 Deo

1381 2239 1448 2270 solo
1471 2239 1682 2278 acquiescere,
1713 2243 1779 2269 tam
1805 2238 1952 2270 viventes
1975 2247 2073 2277 quam
2098 2238 2227 2275 mortui,
2259 2242 2292 2268 et
2313 2237 2353 2268 ab

1354 2281 1357 2319 J
1382 2282 1451 2321 ipso
1475 2282 1542 2313 solo
1566 2281 1729 2322 verboque
1752 2280 1855 2321 ipsius
1885 2281 1930 2312 ita
1954 2280 2103 2320 pendere.
2134 2288 2171 2310 ut
2201 2279 2288 2311 solus
2311 2280 2354 2311 sit

1383 2331 1491 2355 nostra
1513 2323 1687 2364 sapientia:
1713 2328 1744 2354 et
1767 2323 1812 2355 sic
1836 2323 1992 2355 adversus
2016 2322 2214 2354 curiositatis
2235 2323 2351 2354 vitium

1383 2377 1574 2406 pugnemus,
1608 2371 1643 2397 ut
1678 2366 1854 2397 diabolicas
1881 2375 1994 2396 omnes
2033 2365 2203 2396 illusiones
2235 2365 2352 2406 quibus

1384 2409 1567 2440 hominibus
1591 2409 1698 2440 illudit
1721 2408 1828 2448 procul
1853 2418 1872 2438 a
1895 2407 1987 2439 nobis
2010 2408 2203 2439 rciiciamus.

1469 2451 1626 2492 Sequitur
1654 2451 1816 2482 mulierem
1846 2450 1934 2481 illam
1963 2450 2144 2482 excitavisse
2168 2449 2352 2490 Samuelem,

1381 2497 1407 2524 et
1430 2505 1462 2525 eo
1484 2495 1548 2525 viso
1571 2494 1758 2526 vehementer
1776 2492 1974 2529 exclamasse,
1999 2495 2026 2524 et
2037 2495 2233 2532 conquestam
2253 2493 2354 2532 fuisse

1381 2547 1477 2575 quare
1509 2536 1571 2567 sibi
1606 2536 1808 2575 imposuisset.
1863 2536 1914 2566 Ex
1957 2545 2020 2575 quo
2063 2540 2199 2576 apparet
2233 2535 2353 2567 diaboli

1382 2580 1613 2618 al‘iparitiouem
1640 2579 1736 2609 fuisse
1760 2579 1812 2609 isti
1844 2578 1971 2609 mulieri
1997 2584 2150 2618 tanquam
2175 2577 2354 2617 speculum,

1355 2632 1420 2665 3cx
1456 2631 1518 2661 quo
1554 2622 1592 2652 de
1627 2622 1722 2652 rebus
1756 2621 1890 2652 occultis
1925 2620 2098 2652 iudicaret:
2141 2630 2216 2651 nam
2257 2625 2354 2652 antea

1099 2664 1204 2704 Saepe
1242 2663 1327 2695 enim
1355 2674 1358 2683 ·

1383 2665 1515 2694 {Saulem
1542 2674 1607 2694 non
1632 2668 1767 2694 noverat
1788 2664 1826 2693 dc
1857 2664 1936 2694 facie
1965 2663 2050 2703 quod
2082 2662 2154 2694 aliis
2179 2663 2352 2694 vestimen-

2527 2422 2545 2557 ..amna-4

2532 2772 2551 2817 gs·-
2528 2601 2551 2762 &assur-³0⁴«
