2551 3044
346 202 407 234 327

350 300 425 331 licet
451 299 524 330 finis
546 298 647 337 ipsius
671 307 735 328 non
758 297 801 328 sit
825 297 938 329 malus.
983 297 1053 329 Hoc
1077 298 1160 328 enim
1186 295 1315 327 indubi-

356 349 459 373 tatum
480 348 527 371 est
549 340 753 380 principium,
774 340 879 372 Deum
899 351 1008 371 amni-c
1028 341 1207 378 veritatem,
1231 337 1315 378 quod

356 396 389 416 se
421 384 579 424 abnegare
610 394 672 413 non
705 383 814 422 possit.
859 382 1075 422 Quamobrem
1108 393 1146 413 ne
1177 392 1233 412 nos
1258 382 1315 411 im-

353 438 468 458 munes
492 439 509 457 a
532 431 661 466 peccato
684 425 914 462 existimemus,
940 426 1012 457 licet
1037 426 1119 456 bona
1143 424 1204 456 fide
1228 424 1314 454 altir—

355 480 445 500 mare
476 469 644 509 possimus,
679 467 758 498 illud
790 468 993 500 mendacium
1026 468 1146 498 nemini
1181 467 1313 497 noxium

353 523 456 552 neque
480 511 674 542 iniuriosum
697 520 775 542 esse.
819 511 912 547 Nam,
944 519 979 542 ut
1003 511 1079 547 dixi,
1111 509 1313 541 mendacium

353 565 411 586 sua
442 560 557 585 natura
591 554 738 584 vitiosum
771 559 819 583 est
850 561 880 584 et
912 553 1200 589 condemnandum,
1231 551 1312 591 quod

351 604 486 628 naturae
513 596 571 627 lici
596 597 637 626 sit
660 596 868 627 contrarium.
916 597 1019 627 Deum
1043 597 1126 627 enim
1147 596 1206 626 sibi
1233 594 1313 624 veri-

353 640 430 671 tatis
456 650 571 670 nouicn
598 639 739 669 tribuere
760 639 918 672 novimus,
943 650 1043 679 quare
1063 637 1213 678 quidquid
1234 637 1311 667 veri-

352 683 410 714 tati
432 688 587 722 repugnat
606 681 811 712 condemnari
831 689 966 721 oportet,
987 682 1047 712 nisi
1060 681 1177 720 alioqui
1191 680 1312 711 coelum

352 732 459 756 terrac
479 725 622 761 miscere,
641 730 671 754 et
691 723 774 764 quod
795 731 899 755 atrum
921 732 967 755 est
981 725 1088 754 album
1109 733 1178 754 csse
1198 722 1313 760 dicere,

353 767 521 807 lucemque
553 768 584 797 in
616 766 765 797 tenebras
787 774 976 798 convertere
1001 767 1158 797 volumus.
1203 765 1312 805 Duplo

354 821 430 841 vcro
444 810 575 850 gravius
594 809 715 840 malum
735 814 792 845 est,
812 812 837 839 si
852 810 1051 841 mendacium
1072 809 1165 840 alicui
1180 808 1311 838 noxium

354 859 404 883 est
429 860 461 884 ct
485 851 762 883 detrimentosum.
808 851 891 883 Nam
922 863 962 883 cx
986 859 1076 892 parte
1101 851 1189 882 Deus
1213 852 1312 880 offen-

353 896 440 926 ditur
464 894 645 925 mendacio:
671 895 733 925 alia
755 906 793 925 ex
819 902 910 935 parte
935 895 1099 935 proximus
1122 906 1161 924 cx
1185 892 1313 924 menda-

352 938 401 970 cio
425 938 575 968 iniuriam
601 948 711 977 passus
735 937 881 969 laeditur.
909 937 1004 969 Multi
1030 948 1105 968 vero
1129 945 1203 967 sunt
1227 946 1314 966 men-

352 981 515 1012 daciorum
551 980 679 1020 gradus,
716 990 852 1020 quornm
886 980 948 1011 ulio
983 980 1112 1021 gravior
1146 986 1175 1010 et
1210 978 1313 1019 magis

351 1023 632 1055 condemnandus:
665 1033 776 1053 verum
808 1029 915 1053 tamen
947 1023 1005 1054 hoc
1036 1022 1240 1053 retinendum
1265 1028 1312 1051 est

351 1066 558 1106 principium,
589 1065 713 1096 nullum
745 1065 945 1097 mendacium
971 1076 1080 1096 carere
1105 1065 1182 1095 viiio
1205 1074 1312 1095 eoram

355 1109 505 1146 Domino,
538 1114 666 1148 propter
689 1107 773 1147 quod
802 1118 910 1139 coram
935 1109 1003 1148 ipso
1027 1109 1142 1138 merito
1165 1106 1313 1138 condem·

353 1161 478 1183 nemur.
523 1150 631 1190 Quare
655 1151 729 1181 licet
751 1151 890 1181 iocosum
914 1162 983 1182 csse
1007 1150 1207 1181 mendacium
1232 1149 1313 1180 dica-

352 1204 434 1232 mus,
456 1199 511 1225 ant
531 1194 570 1225 ob
595 1193 712 1224 bonum
735 1193 873 1233 aliquem
899 1194 1004 1227 finem,
1036 1193 1243 1224 nihilomiuus
1267 1198 1314 1222 ta-

353 1246 428 1267 men
459 1237 491 1267 in
514 1246 548 1267 se
578 1243 609 1266 et
633 1246 689 1266 sua
720 1241 835 1266 natura
865 1246 992 1275 semper
1013 1236 1133 1266 malum
1158 1243 1221 1266 est:
1253 1234 1313 1265 etsi
1339 1254 1341 1261 ‚

352 1279 405 1310 vel
442 1279 526 1310 vitae
570 1286 698 1309 nostrae
740 1278 791 1308 vel
834 1279 1052 1318 proximorum
1093 1277 1311 1310 consulamus:

352 1364 435 1404 quod
459 1363 581 1400 fraude,
611 1363 733 1394 malitia
756 1368 787 1394 et
810 1363 894 1394 mala
919 1364 1115 1394 conscientia
1141 1363 1224 1394 hunc
1255 1362 1312 1393 fal-

352 1406 427 1443 lere,
468 1407 557 1437 illum
596 1405 685 1437 bonis
723 1406 860 1446 spoliare
896 1411 928 1437 et
966 1405 1097 1437 tandem
1131 1406 1312 1446 opprimere

351 1448 449 1480 habet
467 1449 525 1480 sibi
551 1449 773 1488 propositum?

439 1492 483 1523 Et
506 1492 661 1523 hactenus
684 1490 722 1522 de
745 1490 897 1522 Micholis
921 1491 1016 1531 facto,
1039 1490 1190 1531 deinceps
1209 1490 1311 1530 sequi-

352 1540 406 1566 tur
440 1533 599 1565 Davidem
636 1535 760 1565 venisse
801 1533 840 1565 ad
875 1533 1059 1565 Samuelem
1095 1534 1242 1572 Rumam,
1282 1537 1313 1564 et

353 1577 415 1617 ipsi
445 1576 602 1608 indicasse
633 1575 787 1616 quidquid
811 1576 890 1607 Saul
922 1576 982 1608 sibi
1006 1577 1140 1608 fecisset.
1186 1577 1229 1607 Et
1251 1576 1314 1607 ista

354 1619 485 1660 quidem
510 1620 652 1650 breviter
674 1619 862 1657 recitantur,
892 1619 947 1651 sed
978 1629 1058 1659 quae
1081 1624 1188 1650 tamen
1211 1618 1314 1650 multa

352 1664 387 1693 in
417 1673 451 1694 se
485 1662 661 1693 continent.

352 1705 505 1743 narratio,
529 1704 592 1735 nisi
616 1704 712 1744 plena
735 1705 937 1744 querelarum
960 1704 999 1736 de
1018 1704 1101 1735 facta
1119 1705 1178 1735 sibi
1198 1704 1314 1735 iniuria

355 1758 374 1778 a
399 1747 506 1786 Saule,
537 1752 570 1778 et
599 1746 637 1777 de
666 1753 785 1778 eventu
809 1747 969 1778 contrario
993 1747 1154 1778 unctionis
1178 1757 1272 1787 quam
1297 1756 1315 1776 a

354 1790 509 1821 Samuele
539 1788 727 1829 acceperat?
773 1789 917 1821 Vocatus
952 1790 1037 1821 enim
1074 1790 1178 1820 suerat
1207 1789 1314 1820 David

355 1833 395 1864 ab
426 1833 534 1863 ovium
565 1832 666 1872 septis
689 1836 722 1864 et
744 1842 802 1863 rex
826 1831 1007 1863 declaratus
1030 1832 1129 1872 ipsius
1154 1831 1315 1864 Samuelis
1340 1835 1342 1857 ἰ

353 1875 535 1907 ministerio
565 1885 584 1906 a
607 1884 668 1914 quo
699 1874 803 1906 suerat
832 1880 967 1906 unctus:
998 1874 1091 1906 etad
1124 1874 1315 1915 dignitatem
1340 1897 1341 1904 1

1340 1920 1489 1960 ,tissimo
1528 1919 1771 1960 propugnaculo
1806 1918 1983 1951 collocavit.

356 1928 454 1958 quam
477 1928 539 1949 non
564 1917 737 1957 expetebat
759 1928 777 1948 a
801 1916 871 1948 Deo
895 1923 1038 1949 vocatus.
1079 1916 1227 1956 Quorum
1251 1927 1316 1947 om-

356 1961 446 1992 nium
472 1959 601 1992 Samuel
626 1970 725 2000 quum
750 1959 865 1990 fuisset
887 1959 1087 1998 administer,
1110 1959 1218 1991 David
1243 1969 1314 1999 pro-

356 2005 452 2045 fugus
476 2002 515 2034 ad
540 2003 643 2042 ipsum
668 2002 758 2033 venit
780 2002 1029 2042 expostulatum,
1054 2007 1179 2033 tantum
1205 2002 1314 2033 abesse

356 2052 391 2078 ut
414 2045 524 2078 unctio
549 2045 638 2086 regia
659 2045 699 2076 sit
723 2044 783 2085 ipsi
808 2044 904 2083 utilis,
929 2051 964 2076 ut
987 2049 1099 2077 contra
1121 2046 1232 2076 mortis
1255 2045 1315 2084 ipsi
1340 2044 1343 2055 '

357 2088 446 2121 mille
480 2088 669 2119 discrimina
701 2092 803 2119 creet:
839 2094 934 2127 atque
965 2087 1043 2119 adeo
1073 2097 1107 2119 se
1138 2087 1316 2128 praesentis
1342 2106 1343 2111 ,

357 2132 471 2163 mortis
495 2131 667 2162 discrimen
687 2130 847 2171 effugisse.
872 2130 992 2161 Gravis
1015 2140 1092 2162 sane
1111 2135 1177 2161 tam
1196 2129 1315 2161 Davidi

357 2185 453 2215 quam
493 2172 637 2205 Samueli
674 2173 817 2204 tentatio.
874 2172 1006 2204 Samuel
1040 2172 1169 2213 quidem
1203 2172 1317 2203 merito

357 2217 447 2258 queri
471 2226 562 2256 posse
587 2215 756 2247 videbatur
774 2214 859 2256 apud
884 2214 1073 2253 Dominum,
1096 2215 1316 2256 inauguratio-

359 2270 432 2291 nem
463 2259 550 2290 illam
581 2258 718 2290 Davidis
749 2257 787 2289 ab
820 2258 888 2298 ipso
918 2268 981 2289 non
1016 2257 1084 2289 fieri
1115 2264 1229 2295 ratam,
1264 2262 1319 2289 aut
1344 2265 1345 2292 1

358 2302 473 2334 saltem
494 2301 579 2332 illius
600 2301 819 2342 impletionem
840 2300 960 2332 tamdiu
980 2300 1113 2338 differri,
1132 2311 1227 2341 quam
1247 2310 1318 2340 pro—
1344 2296 1345 2328 l

360 2345 482 2376 moveri
529 2344 632 2384 primo
666 2354 790 2384 quoque
824 2343 875 2374 die
915 2349 1062 2384 oportere
1103 2342 1318 2374 existimabat.

358 2387 442 2419 Nam
478 2397 577 2427 quum
612 2385 744 2418 Samuel
780 2391 864 2417 esset
897 2386 1054 2426 propheta
1087 2390 1119 2417 et
1152 2386 1269 2416 missus
1302 2394 1321 2416 a

360 2430 502 2462 Domino
515 2440 586 2461 eum
602 2428 763 2460 mandatis
775 2429 935 2469 expressis
956 2427 1147 2470 designandi
1160 2427 1320 2460 Davidem

361 2483 471 2514 regem
479 2477 510 2504 et
520 2471 634 2503 ducem
648 2471 767 2512 populi,
780 2476 809 2502 ct
819 2472 947 2502 interim
959 2482 1023 2503 non
1034 2470 1129 2503 modo
1139 2481 1201 2502 non
1211 2470 1321 2511 imple-

359 2521 473 2548 rentur
503 2524 584 2555 quae
606 2514 697 2545 Deus
727 2514 934 2555 praedixerat
963 2521 995 2545 et
1024 2514 1214 2546 testificatus
1243 2518 1320 2551 erat,

360 2557 416 2590 sed
440 2557 473 2588 in
497 2557 695 2589 contrarium
716 2557 824 2597 potius
842 2557 950 2588 omnia
967 2556 1138 2594 ferrentur,
1162 2561 1194 2588 et
1213 2555 1321 2588 David

360 2602 392 2632 in
416 2604 572 2641 perpetuo
595 2600 708 2631 mortis
732 2599 917 2631 discrimine
946 2605 1139 2638 versaretur,
1169 2603 1201 2631 et
1230 2599 1321 2640 inops

363 2643 496 2680 consilii,
530 2642 688 2683 profugus
719 2646 750 2673 et
785 2652 906 2683 egenus
929 2642 1105 2683 exsularet,
1140 2646 1263 2683 quanto
1286 2642 1320 2673 in

1150 202 1353 234 HOMILIA
1376 204 1521 236 LXXII.

707 1661 791 1693 Nam
825 1671 907 1701 quae
941 1663 1046 1702 potuit
1079 1672 1148 1693 esse
1176 1661 1312 1693 Davidis
1339 1670 1341 1679 ³

1342 2203 1343 2207 ,
1369 2177 1475 2207 statim
1500 2175 1671 2213 emanavit,
1696 2180 1728 2207 et
1751 2174 1790 2206 ad
1815 2173 1923 2206 Saulis
1946 2183 2039 2206 aures
2061 2175 2218 2214 pervenit.

2262 204 2325 236 328

1340 305 1342 340 j
1367 309 1511 330 moerore
1531 304 1692 329 versatum
1714 298 1817 338 ipsum
1839 296 2042 335 arbitramur,
2066 308 2166 337 quum
2185 309 2219 330 se
2238 309 2327 329 man-

1368 341 1442 372 data
1466 341 1617 372 detulisse
1641 340 1774 378 videret,
1805 351 1886 380 quac
1910 350 1973 370 non
1999 340 2092 371 modo
2115 351 2208 372 suum
2232 341 2326 373 effec-

1367 390 1434 415 tum
1467 395 1528 415 non
1554 383 1774 423 producerent,
1805 382 1858 414 sed
1884 393 2014 423 prorsus
2037 383 2257 415 contrarium?
2282 384 2325 415 Et

1366 428 1506 457 vicissim
1528 426 1635 457 David
1659 437 1808 466 magnam
1833 425 2032 457 occasi-»nem
2058 425 2175 457 habere
2198 425 2326 458 videba-

1365 475 1417 500 tur
1450 469 1489 500 de
1524 468 1673 500 Samuele
1707 468 1932 508 conquerendi.
1981 468 2215 499 Verumtamen
2251 469 2323 501 illos

1366 522 1434 542 sese
1464 514 1568 552 potius
1598 512 1736 542 invicem
1771 513 1803 542 in
1832 511 1892 541 Dei
1927 512 2092 550 promissis
2119 513 2326 544 confirmasse

1366 554 1521 589 videmus,
1554 565 1728 594 verumque
1757 554 1933 585 remedium
1965 553 2120 585 adversus
2143 554 2324 586 istiusmodi

1366 597 1559 628 tentationes
1589 597 1794 635 quaesivisse.
1841 596 2015 627 Naiothum
2046 597 2202 637 siquidem
2228 607 2324 629 vene-

1366 646 1441 670 runt
1471 640 1523 670 ubi
1553 638 1741 670 habitabant
1769 639 1944 679 prophetae
1976 650 2044 670 sese
2073 646 2260 671 exercentes
2289 641 2324 670 in

1367 683 1436 723 lege
1462 682 1521 713 Dei
1553 681 1591 712 ad
1623 681 1736 713 salutis
1764 682 1941 713 doctrinam
1974 682 2005 712 in
2031 687 2096 713 tota
2120 682 2250 713 Israelis
2273 693 2323 714 re-

1365 726 1459 766 gione
1479 724 1727 765 propagandam.
1752 724 1866 764 Itaque
1879 730 2032 764 tanquam
2046 725 2164 756 milites
2183 726 2324 757 instante

1338 801 1339 807 ἵ
1366 767 1494 808 proelio,
1525 766 1583 797 sub
1615 766 1766 798 vexillum
1792 766 1924 797 Domini
1955 776 1989 797 se
2012 768 2181 807 recipiunt,
2213 773 2245 798 et
2267 768 2323 799 ad-

1366 821 1479 842 versus
1510 814 1576 840 tam
1604 809 1683 840 dura
1713 810 1891 841 certamina
1921 816 2123 849 praeparant.
2176 810 2259 842 Nam
2289 811 2323 841 in

1365 853 1468 884 locum
1500 853 1636 883 veniunt
1663 852 1696 882 in
1726 863 1788 892 quo
1812 852 1874 883 Dei
1903 852 2036 883 verbum
2068 852 2323 892 praedicabatur,

1338 907 1339 927 1
1365 897 1403 927 ad
1435 895 1519 935 quod
1551 901 1706 934 tanquam
1736 895 1930 925 tutissimum
1963 895 2090 934 asylum
2120 896 2323 935 confugiunt.

1366 939 1452 970 Hinc
1483 948 1558 968 vero
1581 937 1732 968 docemur
1759 937 1985 978 ingruentibus
2009 937 2245 969 calamitatibus
2267 937 2324 969 ad-

1365 992 1479 1012 versus
1503 991 1583 1020 quac
1604 979 1726 1011 nullum
1745 979 1922 1011 humanum
1942 990 2109 1019 superesse
2128 979 2323 1020 praesidium

1365 1024 1523 1059 videatur,
1553 1022 1591 1053 ad
1616 1022 1676 1053 Dei
1707 1023 1838 1054 verbum
1863 1023 2043 1063 confugere,
2076 1023 2161 1062 quod
2185 1024 2324 1055 certissi-

1366 1077 1452 1097 mum
1477 1071 1524 1097 est
1548 1065 1809 1097 Christianorum
1830 1065 1968 1095 militum
1989 1066 2154 1103 vexillum,
2179 1065 2218 1097 ad
2238 1064 2325 1106 quod

1366 1120 1398 1140 sc
1430 1108 1576 1140 hostibus
1609 1108 1765 1147 impetum
1798 1107 1990 1139 facientibus
2024 1109 2165 1148 recipere
2199 1108 2326 1147 debent,

1340 1170 1341 1180 l
1365 1151 1448 1192 quod
1473 1151 1598 1182 nullum
1623 1150 1697 1181 alibi
1721 1150 1916 1190 praesidium
1941 1151 2050 1188 tutius,
2082 1151 2187 1183 nullas
2210 1151 2324 1183 certio-

1366 1205 1417 1225 res
1442 1195 1526 1225 vires
1551 1193 1700 1224 habeant.
1738 1193 1832 1224 Hanc
1854 1192 1894 1224 ob
1917 1204 2046 1224 causam
2070 1192 2203 1225 Samuel
2227 1194 2324 1226 Naio-

1367 1237 1457 1268 thum
1489 1247 1561 1267 cum
1594 1235 1720 1267 Davide
1749 1236 1846 1273 venit,
1875 1240 1911 1266 ut
1938 1246 2012 1267 cum
2042 1236 2208 1276 prophetis
2241 1241 2326 1269 esset

1339 1295 1340 1318 l
1365 1280 1408 1311 ibi
1433 1278 1661 1315 habitantibus,
1685 1278 1818 1310 minime
1841 1278 1971 1318 quidem
1995 1289 2067 1310 cum
2091 1279 2156 1310 illis
2177 1284 2326 1311 versatus

353 1321 436 1362 quod
461 1321 488 1353 si
511 1321 556 1352 ita
577 1326 637 1358 est,
672 1321 766 1360 quale
796 1320 939 1351 futurum
972 1321 1049 1351 illud
1078 1321 1311 1358 existimamus,
1339 1324 1340 1355 ζ

1367 1328 1401 1353 ut
1424 1322 1598 1362 discipulus
1623 1321 1672 1353 vel
1696 1322 1767 1353 tiro.
1802 1321 1886 1352 Nam
1910 1322 2029 1352 scimus
2053 1320 2237 1353 Samuelem
2261 1322 2326 1354 iam

1365 1365 1439 1396 inde
1459 1365 1497 1395 ab
1517 1364 1654 1395 infantia
1666 1364 1728 1396 Dei
1747 1364 1880 1404 spiritus
1899 1363 1990 1395 donis
2010 1364 2191 1404 insignibus
2210 1375 2326 1405 nempe

1366 1407 1533 1448 prophetia
1563 1413 1712 1438 ornatum
1742 1407 1848 1443 fuisse,
1879 1416 1978 1446 quum
2007 1413 2114 1437 tamen
2144 1412 2221 1439 tunc
2243 1413 2324 1439 tem-

1367 1451 1452 1491 poris
1482 1449 1571 1481 nulla
1600 1454 1684 1481 esset
1713 1450 1745 1480 in
1770 1453 1836 1480 tota
1857 1448 1978 1480 Iudaea
2006 1450 2163 1481 revelatio
2186 1450 2324 1491 prophe-

1366 1494 1438 1530 tica,
1468 1492 1523 1524 sed
1551 1493 1642 1532 quasi
1671 1491 1796 1533 sepulta
1824 1492 1950 1523 iaceret.
1996 1491 2061 1523 Sed
2086 1491 2217 1524 Samuel
2240 1492 2325 1526 hano

1366 1536 1452 1567 solus
1481 1536 1619 1576 gratiam
1649 1540 1824 1576 acceperat,
1855 1538 1892 1566 ut
1922 1534 2113 1575 prophetiae
2135 1534 2218 1567 dono
2241 1540 2325 1568 esset

1366 1578 1514 1619 insignis:
1545 1578 1611 1609 iam
1641 1588 1718 1609 vero
1746 1587 1844 1618 quum
1875 1576 1913 1608 ad
1938 1587 2098 1608 summam
2126 1582 2325 1610 senectutem

1366 1622 1507 1658 vixisset,
1531 1620 1570 1651 ad
1594 1620 1767 1661 prophetas
1791 1619 1879 1652 venit
1901 1624 1937 1650 ut
1959 1630 2028 1651 sese
2051 1630 2124 1651 cum
2146 1620 2211 1652 illis
2234 1631 2326 1653 exer-

1366 1668 1444 1701 ceat,
1468 1674 1531 1694 non
1554 1668 1590 1694 ut
1612 1663 1683 1695 illos
1706 1662 1849 1695 doctores
1873 1666 1906 1693 et
1926 1663 2098 1703 magistros
2120 1662 2245 1702 habeat,
2268 1663 2325 1696 sed

1366 1712 1402 1738 ut
1431 1707 1574 1746 ipsorum
1604 1706 1763 1738 consortio
1792 1705 1896 1745 magis
1927 1715 1963 1736 ac
1990 1705 2094 1746 magis
2116 1706 2326 1739 confirmetur

1366 1750 1399 1780 in
1423 1749 1539 1780 divinis
1562 1748 1836 1790 promissionibus,
1861 1752 1894 1779 et
1916 1747 1978 1788 ipsi
1996 1748 2093 1779 etiam
2112 1748 2232 1781 Davidi
2249 1759 2324 1781 con·

1366 1792 1458 1829 sulm,
1492 1792 1582 1823 cuius
1616 1791 1756 1823 maxime
1790 1790 1951 1822 rationem
1985 1789 2108 1831 habuit,
2142 1796 2174 1823 et
2207 1791 2325 1824 idcirco

1366 1844 1474 1866 secum
1496 1834 1535 1866 ad
1553 1834 1730 1875 prophetas
1745 1838 1898 1874 tanquam
1920 1832 1960 1864 ad
1979 1833 2107 1873 asylum
2126 1834 2326 1866 tutissimum

1366 1877 1514 1915 adduxit,
1542 1883 1574 1908 et
1603 1877 1760 1909 adversus
1783 1875 1892 1908 Saulis
1914 1876 2070 1916 impetum
2093 1876 2182 1908 velut
2203 1877 2238 1908 in
2259 1877 2326 1909 for-

2036 1918 2124 1951 Sane
2158 1919 2326 1952 hominum

1367 1963 1514 2003 opinione
1538 1973 1602 1993 non
1626 1961 1797 1994 videbatur
1821 1961 1898 1993 haec
1921 1961 2004 1992 ratio
2026 1961 2144 1993 idonea
2165 1962 2327 1994 Davidem

1367 2005 1544 2046 epericulis
1563 2005 1808 2037 imminentibus
1828 2002 2000 2035 liberandi:
2023 2005 2099 2044 quin
2118 2004 2182 2036 imo
2200 2004 2327 2037 consul-

1368 2054 1435 2079 tum
1465 2048 1527 2088 ipsi
1556 2048 1680 2086 melius,
1713 2048 1739 2079 si
1766 2047 1798 2078 in
1828 2046 1951 2078 occulto
1979 2046 2117 2087 quodam
2148 2051 2182 2078 et
2202 2048 2328 2080 munito

1368 2091 1435 2122 loco
1466 2090 1677 2130 delituissent,
1706 2100 1801 2130 quem
1825 2088 1907 2121 Saul
1937 2089 2163 2129 investigando
2192 2100 2256 2122 non
2279 2101 2328 2122 re-

1368 2134 1513 2173 perisset.
1557 2133 1641 2164 Nam
1672 2143 1769 2174 quum
1793 2136 1902 2163 essent
1921 2131 2006 2162 inter
2029 2131 2213 2172 prophetas,
2243 2132 2329 2208 fasma

2289 2175 2329 2207 ed

1369 2218 1502 2250 Samuel
1522 2229 1584 2250 non
1606 2218 1758 2250 humanis
1777 2216 1946 2257 praesidiis
1965 2221 1997 2247 et
2015 2216 2156 2249 consiliis
2174 2217 2234 2249 sibi
2252 2228 2328 2250 con-

1370 2261 1477 2298 suluit,
1511 2260 1566 2292 sed
1596 2260 1635 2292 ad
1666 2261 1790 2299 asylum
1821 2259 1909 2290 omni
1939 2258 2081 2290 humano
2110 2259 2269 2300 praesidio
2297 2265 2330 2292 et

1370 2303 1608 2343 propugnaculo
1637 2303 1762 2334 firmius
1792 2301 1944 2342 confugit,
1973 2302 2032 2333 sub
2053 2301 2153 2342 ipsius
2176 2303 2329 2335 nimirum

1344 2371 1345 2379 ,
1371 2346 1430 2377 Dei
1454 2346 1613 2386 clypeum,
1637 2345 1868 2386 prophetarum
1892 2344 2074 2385 collegium,
2105 2345 2139 2376 in
2158 2355 2222 2385 quo
2245 2350 2330 2378 esset

1373 2389 1402 2419 in
1422 2388 1508 2420 illius
1528 2388 1630 2420 tutela
1647 2388 1703 2428 qui
1725 2387 1822 2419 rebus
1840 2387 1989 2419 omnibus
2009 2391 2144 2427 praeest.
2167 2387 2330 2420 Davidem

1345 2446 1347 2471 l
1371 2431 1478 2470 itaque
1512 2431 1685 2462 attonitum
1726 2430 1826 2462 voluit
1867 2429 1927 2462 hac
1969 2430 2093 2462 ratione
2125 2431 2330 2471 confirmare,

1372 2474 1518 2513 vitaeque
1548 2483 1624 2505 suae
1654 2473 1798 2514 periculo
1827 2482 1922 2513 quam
1947 2472 2008 2504 Dei
2038 2473 2129 2504 iussu
2153 2477 2185 2504 et
2207 2473 2329 2505 autori-

1346 2520 1438 2559 ,tate
1475 2515 1666 2557 dignitatem
1699 2515 1820 2548 Davidi
1851 2515 2044 2555 promiserat
2077 2519 2183 2547 ratum
2216 2515 2329 2548 facere.

1346 2561 1348 2606 l
1372 2558 1530 2590 Davidem
1562 2559 1670 2599 itaque
1701 2569 1795 2599 quem
1826 2557 1987 2590 dimittere
2017 2562 2153 2598 poterat,
2183 2558 2330 2591 comitari

1372 2601 1483 2639 voluit,
1524 2601 1671 2642 idemque
1704 2611 1778 2632 cum
1810 2601 1879 2641 ipso
1921 2600 2098 2641 periculum
2139 2600 2256 2639 subire,
2293 2605 2331 2633 ut

1372 2653 1407 2674 re
1435 2643 1507 2684 ipsa
1529 2648 1679 2676 testatum
1703 2644 1821 2676 faceret
1843 2653 1878 2675 se
1906 2642 1988 2675 nihil
2010 2653 2030 2675 a
2051 2643 2179 2676 Davide
2201 2653 2329 2685 separa-
