2551 3044
407 219 469 249 40¹5
1186 216 1387 249 HOMHAA
1414 217 1609 250 LXXXIII,
2329 216 2393 249 464

409 314 484 349 sore,
515 312 574 343 nisi
605 313 738 352 ipsemet
770 312 801 342 in
833 311 921 342 nobis
955 322 1011 351 per
1040 311 1141 342 sancti
1165 311 1215 341 sui
1239 311 1374 350 spiritns

408 355 582 386 efficaciam
613 360 812 394 operaretur.
858 354 942 385 Nam
967 354 1050 393 quod
1074 353 1200 394 reprobi
1226 353 1374 386 homines

408 397 510 438 magis
541 407 576 428 ac
608 397 711 437 magis
743 397 946 434 indurantur,
977 404 1007 427 et
1031 397 1188 427 adversus
1213 397 1374 436 propriam

407 440 544 471 salutem
565 441 761 480 conspirant,
786 440 949 487 pioprium
969 446 1019 470 est
1039 439 1199 470 humanae
1223 447 1372 470 naturas:

407 496 425 514 ιι
448 493 510 523 qua
535 482 624 513 Deus
647 493 721 513 suos
745 483 866 513 eximit.
914 482 1074 513 Homines
1097 482 1182 512 enim
1207 489 1302 513 antea
1324 482 1373 513 in-

406 525 527 556 creduli
554 525 677 565 placido
701 532 733 556 et
757 532 925 556 mansueto
949 525 1056 555 animo
1079 524 1140 555 Dei
1165 525 1297 556 verbnm
1321 536 1375 556 ex·

405 569 569 608 cipientes,
602 580 641 599 n«
646 580 666 598 n
699 568 826 607 pr·op1ia
860 568 979 598 virtute
1005 574 1036 598 et
1059 567 1218 599 industria
1243 578 1373 598 moven-

406 618 466 648 tur,
499 611 552 642 sed
581 611 736 651 singulari
761 610 899 659 quodam
925 609 986 641 Dei
1012 610 1178 648 beneficio,
1203 620 1259 651 per
1282 620 1373 641 sanc-

407 661 473 684 tum
493 664 586 684 suum
606 654 756 693 spiritum
782 653 814 683 ιιι
839 653 916 693 ipsis
939 659 1099 692 agentem.
1134 652 1256 684 Idcirco
1281 653 1373 683 dixus

407 696 529 727 Paulus
571 696 684 727 videns
723 696 841 727 inultos
883 707 922 726 ex
957 695 1087 727 Iudaeis
1127 695 1297 727 adversum
1340 706 1373 726 se

405 750 560 779 suamquc
591 739 768 769 doctrinam
802 739 984 778 insurgere,
1019 738 1098 770 alios
1131 749 1206 769 vero
1237 738 1370 769 eandem

403 790 436 813 ut
465 792 576 822 puram
601 790 631 812 et
655 788 798 813 sanctam
823 780 1002 818 admittere,
1033 781 1110 812 dicit
1132 789 1279 821 oportere
1303 791 1373 828 per-

403 825 452 856 fici
473 825 554 865 quod
575 824 651 856 olim
677 835 734 865 per
746 824 950 873 prophetam
975 824 1172 864 praedictum
1198 833 1256 861 cst,
1281 824 1372 854 nimi-

402 878 474 898 rum
499 868 644 898 indurati
668 867 771 907 magis
794 877 830 899 ac
855 868 957 908 magis
980 867 1143 907 improbos
1167 877 1266 906 quum
1282 867 1371 896 Deus

403 910 560 950 loquitur:
592 910 744 950 quoniam
774 917 915 941 mentem
947 909 1067 940 habent
1091 908 1316 940 :wimnitudiuis
1339 916 1371 938 et

403 953 677 990 contradictionis,
708 960 744 983 ut
766 953 917 984 omnibus
940 963 1022 992 quae
1047 959 1270 993 proponuntur
1295 952 1371 991 ipsis

402 996 636 1032 contradicant,
660 1000 692 1027 et
715 1006 785 1027 sese
807 1002 982 1036 opponant.
1028 995 1149 1026 Contra
1174 1005 1248 1025 vero
1271 1004 1370 1033 quum

403 1037 492 1070 Deus
524 1039 556 1069 in
586 1039 677 1070 nobis
707 1039 809 1070 sancti
839 1039 888 1070 sui
920 1038 1052 1078 spiritns
1081 1038 1222 1069 efficacia
1251 1045 1279 1067 ct
1306 1037 1370 1067 vir-

404 1087 472 1112 tute
495 1082 540 1113 sic
563 1082 686 1121 operari
712 1081 792 1118 vult,
817 1086 854 1112 ut
877 1080 1105 1121 praedicationi
1132 1080 1218 1111 verbi
1243 1086 1274 1109 ct
1297 1078 1369 1110 doc-

404 1124 508 1155 trinae
541 1124 671 1156 coelesti
696 1124 792 1155 fidem
824 1123 1043 1158 adhibeamus,
1068 1129 1257 1162 tantumque
1287 1121 1370 1162 apud

404 1177 463 1198 nos
487 1167 613 1207 pondus
647 1167 791 1198 obtineat
822 1173 856 1197 ut
880 1177 937 1197 nos
963 1167 1022 1206 ipsi
1047 1166 1131 1196 ultro
1155 1165 1370 1202 subiici-amus,

404 1217 433 1240 et
466 1209 506 1240 ad
530 1210 630 1250 ipsius
654 1210 841 1250 obsequium
866 1219 1094 1249 componamus
1117 1208 1292 1249 singularis
1315 1207 1368 1238 be-

404 1253 510 1283 neficii
549 1253 618 1284 loco
650 1252 833 1283 habendum
865 1258 922 1283 est.
975 1251 1041 1283 Nos
1070 1252 1180 1291 itaque
1210 1251 1370 1281 discamus

404 1295 497 1326 nobis
531 1295 610 1335 ipsis
644 1294 832 1335 displicere:

406 1337 568 1370 alliciente
587 1344 620 1369 et
639 1339 678 1369 ab
701 1337 883 1369 obediontia
897 1337 958 1369 Dei
977 1337 1174 1374 retrahente,
1197 1346 1370 1368 caveamus

406 1381 494 1412 illam
541 1381 693 1421 abyssum
735 1380 926 1411 immensam
971 1380 1002 1411 in
1045 1390 1142 1420 quam
1182 1379 1370 1419 plerumque

408 1424 598 1464 praecipites
628 1422 722 1454 multi
752 1424 908 1461 feruntur,
940 1428 974 1453 ut
997 1423 1152 1454 adversus
1177 1423 1282 1453 Deum
1306 1422 1370 1452 sre-

405 1470 504 1503 mant,
529 1465 736 1506 eiusdemque
757 1465 916 1496 voluntati
940 1467 1103 1497 resistant.
1139 1466 1181 1496 Et
1206 1470 1371 1505 praeterea

405 1515 636 1549 cognoscentes
660 1519 717 1540 nos
741 1518 805 1539 non
831 1518 920 1548 posse
944 1518 982 1539 ex
1008 1509 1098 1539 nobis
1121 1509 1208 1548 ipsis,
1232 1507 1270 1538 ad
1295 1506 1369 1538 fidei

404 1551 620 1584 obedientiam
641 1562 698 1582 nos
716 1561 915 1599 componere,
929 1551 1035 1582 Deum
1055 1561 1232 1591 precemur,
1256 1556 1291 1581 nt
1315 1560 1371 1581 nos

404 1606 462 1636 per
485 1600 631 1626 sanctum
655 1603 751 1624 suum
775 1594 924 1634 spiritum
947 1601 1115 1634 regeneret
1139 1600 1171 1625 ct
1193 1600 1301 1633 regat:
1335 1598 1371 1623 ut

405 1648 469 1669 non
494 1642 621 1668 tantum
647 1646 740 1668 aures
764 1642 892 1668 nostrae
915 1643 1050 1668 externo
1082 1637 1170 1667 verbi
1195 1646 1282 1673 sonu,
1313 1645 1370 1675 per

406 1680 575 1712 mortalem
606 1679 790 1710 ministrum
813 1679 1003 1720 praedicato,
1036 1680 1207 1710 feriantur:
1232 1661 1286 1709 sed
1312 1688 1369 1709 nos

407 1723 539 1754 interius
581 1722 702 1753 virtute
735 1732 793 1753 sua
828 1722 1029 1762 alloquatur,

407 1771 535 1797 nostrae
555 1765 650 1795 talem
670 1774 800 1795 sensum
821 1764 912 1796 nobis
933 1765 1064 1801 iniiciat,
1087 1775 1149 1804 quo
1173 1764 1211 1795 ad
1236 1774 1367 1804 regene-

402 1809 560 1839 rationem
592 1808 786 1848 aspiremus:
818 1807 902 1847 quod
932 1808 1096 1848 proprium
1128 1814 1176 1838 est
1208 1807 1268 1837 Dei
1300 1806 1367 1837 offi-

400 1852 496 1882 cium.
544 1850 627 1881 Nam
659 1860 749 1881 saera
773 1851 933 1890 scriptura
957 1850 1047 1882 docet
1072 1861 1130 1881 nos
1155 1850 1242 1881 verbi
1268 1849 1368 1880 divini

401 1893 633 1934 praedicationi
655 1892 859 1924 attendentes
879 1893 947 1924 fieri
967 1903 1067 1924 novas
1080 1899 1252 1924 creaturas.
1278 1892 1370 1923 Licet

401 1937 489 1968 enim
520 1947 624 1976 neque
649 1946 743 1967 aures
768 1946 871 1976 neque
894 1936 1013 1973 oculos,
1038 1946 1140 1976 neque
1164 1946 1287 1972 manus,
1313 1946 1368 1965 nec
1395 1972 1397 1979 Y

403 1979 541 2018 denique
571 1989 689 2018 eorpus
720 1979 825 2019 ipsum
849 1984 1021 2016 mutemus,
1047 1986 1154 2009 tamen
1177 1977 1368 2018 cogitatione

403 2029 436 2054 et
455 2022 622 2053 aflectibus
646 2031 682 2052 ac
707 2021 873 2052 voluntate
896 2022 1114 2052 immutamur.
1150 2020 1368 2069 Quamobrem
1395 2034 1396 2038 ¹

404 2075 502 2105 quum
529 2063 748 2095 Ionatbanum
780 2063 932 2096 audimus
962 2069 1145 2096 constanter
1176 2064 1208 2094 in
1232 2062 1371 2094 amicitia
1396 2099 1397 2102 Ἰ

1395 2110 1397 2115 “
1423 2118 1458 2139 ac
1482 2109 1586 2148 magis
1610 2118 1776 2148 usurpare,
1808 2111 1839 2138 et
1868 2106 1959 2145 scire,
1990 2116 2050 2138 nos
2079 2107 2105 2137 si
2129 2106 2330 2138 remissiores
2353 2106 2387 2138 in

1199 2148 1371 2180 Praeterea
1396 2167 1397 2171 ,

405 2193 480 2224 hinc
511 2193 718 2223 observemus
750 2192 811 2222 Dei
844 2192 940 2223 verbo
971 2191 1166 2224 credendum
1197 2202 1276 2227 csse,
1307 2200 1370 2221 non
1396 2191 1397 2223 j

405 2242 532 2266 tantum
567 2245 665 2275 quum
701 2242 827 2273 gratum
863 2240 894 2266 et
927 2235 1102 2266 iucundum
1136 2233 1215 2265 illud
1249 2238 1307 2271 est,
1341 2238 1398 2271 et,

404 2107 542 2139 Davidis
561 2117 793 2147 persexerasse,
818 2107 960 2138 sciamus
982 2117 1053 2138 sam
1077 2107 1232 2138 virtutem
1256 2115 1275 2136 a
1297 2104 1370 2136 fidei

405 2150 511 2182 radice
553 2156 708 2190 tanquam
749 2150 890 2180 fructum
926 2159 1143 2189 promanasse.

405 2278 488 2310 votis
502 2278 621 2309 nostris
643 2277 829 2318 respondet:
855 2277 909 2309 sed
935 2278 1033 2309 etiam
1056 2277 1180 2318 placide
1203 2276 1372 2308 admitten-

406 2322 482 2352 dum
506 2320 579 2352 licet
599 2331 697 2361 grave
720 2321 763 2351 sit
786 2325 819 2352 et
840 2320 992 2352 acerbum
1017 2331 1052 2352 ac
1077 2319 1280 2352 miseriarum
1304 2319 1370 2360 ple-

406 2375 495 2395 num.
541 2363 579 2394 In
605 2363 717 2402 primis
741 2369 848 2394 autem
871 2364 1148 2403 perseverantiam
1172 2373 1241 2394 esse
1264 2372 1371 2393 neces-

406 2407 522 2438 sariam
555 2406 703 2439 sciamus.
734 2416 773 2436 ne
803 2410 931 2437 tantum
960 2406 1040 2437 bene
1065 2406 1264 2446 incipiamus,
1294 2404 1370 2436 Dei·

406 2460 467 2489 qus
509 2448 631 2489 gloriae
665 2448 807 2479 studium
843 2448 972 2488 aliquod
1009 2455 1209 2480 ostentemus
1243 2453 1274 2479 et
1306 2447 1370 2479 levi

408 2492 515 2531 aliquo
548 2491 672 2532 fulgore
694 2491 802 2522 oculos
827 2491 994 2522 hominum
1021 2493 1292 2532 perstringamus:
1315 2491 1370 2523 sed

406 2539 593 2566 constanter
606 2533 646 2565 ad
658 2534 757 2564 finem
773 2545 873 2574 usque
892 2544 1145 2574 perseveremus,
1165 2541 1197 2566 et
1215 2534 1371 2566 adversus

407 2587 615 2617 quascunque
649 2577 845 2608 tentationes
875 2577 1000 2608 sortitor
1033 2588 1230 2618 pugnemus,
1272 2577 1372 2609 donec

407 2620 679 2659 superaverimus.
713 2619 825 2659 Neque
844 2620 930 2650 enim
943 2619 1144 2652 Ionathanus
1166 2621 1235 2652 sine
1259 2620 1371 2652 multis

407 2661 650 2694 difficultatibus
681 2670 713 2693 ct
743 2662 813 2693 sine
843 2662 930 2694 lucta
959 2663 1048 2694 venit
1076 2662 1115 2693 ad
1146 2663 1305 2695 Davidem
1336 2663 1370 2694 in

1399 317 1402 323 ’
1427 311 1602 348 desertum,
1633 321 1788 351 suamque
1811 311 1987 342 amicitiam
2011 316 2148 343 testatus
2170 318 2228 343 est.

869 1301 899 1325 ct
934 1296 1121 1335 praesertim
1156 1293 1281 1325 diabolo
1313 1303 1369 1324 nos
1396 1330 1397 1333 Ἴ

1070 1728 1101 1752 et
1136 1721 1370 1753 incredulitatis
1394 1757 1397 1762 Δ

1394 1763 1397 1767 ’
1421 1765 1503 1796 cisse
1533 1771 1649 1806 putant
1671 1775 1705 1796 se
1728 1764 1842 1804 officio,
1871 1765 1898 1796 si
1923 1775 1986 1795 non
2010 1764 2232 1796 consenserint
2253 1764 2288 1796 in
2312 1764 2390 1796 alio-

1397 2327 1398 2352 ]
1424 2323 1563 2354 minibus
1593 2322 1783 2360 serviamus,

2272 311 2394 344 Filium

1426 355 1512 386 enim
1534 355 1619 394 regis
1641 354 1747 394 gratia
1770 362 1800 384 et
1824 354 1996 384 autoritate
2020 354 2195 394 plurimum
2221 354 2392 396 valentem,

1426 397 1496 437 quis
1520 396 1639 427 dixerit
1663 396 1748 427 ultro
1769 406 1804 427 se
1827 397 1859 427 in
1884 396 2055 428 discrimen
2081 397 2166 427 vitae
2190 402 2221 428 et
2244 397 2277 428 ιιι
2301 407 2391 438 aper-

1400 464 1401 470 ,
1428 446 1497 470 tum
1518 439 1628 469 mortis
1654 438 1843 479 periculum,
1867 446 1912 470 tot
1937 439 2121 470 hominibus
2140 439 2226 470 illius
2249 440 2392 472 actiones

1426 481 1677 522 explorantibus,
1707 489 1737 512 et
1763 489 1853 521 patre
1875 482 1944 522 ipso
1967 482 2076 518 Saule,
2099 483 2330 521 coniecturum,
2353 482 2392 514 ob

1426 525 1599 555 amicitiam
1630 534 1691 564 qua
1724 524 1882 555 Davidem
1914 525 2198 564 complectebatur.
2243 525 2394 558 Profecto

1426 567 1544 598 sciebat
1566 566 1769 598 Ionatbanus
1790 578 1824 598 se
1849 578 1910 598 non
1935 568 2004 598 sine
2028 567 2213 598 discrimine
2237 578 2329 607 posse
2351 568 2392 599 ad

1428 609 1587 641 Davidem
1622 610 1752 640 venire:
1787 616 1818 640 et
1853 610 1915 641 iam
1952 610 2033 641 iram
2067 610 2170 650 patris
2199 616 2347 642 senserat
2374 621 2392 642 e

1426 652 1517 682 euius
1540 652 1687 683 manibus
1712 653 1766 683 vix
1790 658 1953 684 evaserat:
1977 652 2031 684 sed
2053 652 2265 685 nihilomiuus
2289 652 2392 685 Davi-

1426 695 1496 725 dem
1528 696 1698 734 quaesivit,
1727 702 1757 726 et
1787 695 1826 726 ad
1858 706 1930 726 eum
1964 696 2062 727 venit.
2117 695 2181 727 Sed
2212 697 2244 726 in
2275 696 2392 736 quibus

1426 738 1501 768 locis
1533 737 1687 768 obsecro?
1741 737 1778 768 In
1810 737 1955 773 saltibus.
1990 745 2023 768 et
2053 737 2187 769 desertis
2218 739 2249 769 in
2274 739 2391 778 quibus

1426 780 1534 811 nullae
1565 781 1769 818 munitiones,
1801 786 1833 812 et
1862 791 1903 812 ne
1934 780 2089 812 habitatio
2119 780 2248 821 quidem
2272 782 2304 812 in
2328 792 2391 822 qua

1425 823 1637 862 exciperetur.
1683 824 1771 854 Eant
1793 824 1891 862 igitur
1914 824 1977 855 iam
2003 823 2166 863 perfidiosi
2191 824 2337 856 homines
2359 831 2392 856 et

1424 876 1497 896 suas
1516 865 1724 897 difficultates
1743 873 1775 898 ct
1794 867 1961 907 angustias
1981 873 2180 906 praetexant.
2204 877 2304 906 quum
2328 877 2391 898 non

1425 914 1552 939 tantum
1587 908 1773 940 hominibus
1807 908 1863 940 scd
1897 909 1957 949 ipsi
1992 909 2090 940 etiam
2126 909 2194 940 Deo
2229 909 2391 950 perfidiosi

1424 950 1554 989 fuerint,
1585 958 1617 982 et
1647 952 1686 983 ab
1709 952 1813 983 officio
1837 952 2044 983 recesserint:
2069 951 2249 983 cuiusmodi
2273 952 2391 984 multos

1424 994 1508 1024 male
1538 994 1668 1025 feriatos
1692 994 1840 1026 homines
1864 995 1975 1026 videas
1998 996 2137 1026 frontem
2162 994 2337 1034 perfricare
2359 1001 2392 1026 et

1425 1047 1507 1067 vana
1528 1037 1647 1077 effugia
1667 1047 1821 1078 quaerere
1845 1047 1944 1077 quum
1968 1037 2138 1077 evangelio
2160 1037 2390 1075 renuntiarint,

1424 1085 1455 1110 et
1486 1080 1705 1119 improborum
1736 1080 1900 1120 iniquitati
1929 1080 2165 1111 consenserint.
2211 1078 2268 1112 Sic
2298 1079 2393 1112 bodie

1424 1122 1560 1153 Iudaeos
1575 1122 1723 1154 videmus
1735 1123 1805 1154 istis
1823 1123 1922 1154 larvis
1941 1133 2032 1154 suam
2055 1123 2254 1164 impietatem
2275 1128 2394 1164 tegere,

1423 1176 1456 1196 sc
1486 1165 1625 1196 libenter
1649 1165 1733 1205 quod
1758 1171 1882 1198 rectum
1907 1171 1955 1197 cst
1979 1173 2184 1205 sequuturos,
2207 1165 2262 1196 scd
2286 1176 2320 1197 se
2344 1171 2392 1198 tot

1425 1208 1572 1239 hostibus
1591 1207 1735 1248 undique
1753 1207 1958 1248 circumdari,
1982 1215 2027 1239 tot
2048 1208 2198 1247 periculis
2221 1209 2332 1248 premi,
2357 1215 2392 1240 ut

1426 1250 1530 1281 Deum
1561 1251 1715 1282 tentaturi
1744 1252 1820 1291 sint,
1852 1258 1884 1282 et
1908 1262 1985 1282 suae
2009 1251 2113 1282 famae
2137 1253 2293 1282 iacturam
2318 1261 2389 1291 pas·

1424 1295 1502 1332 suri,
1531 1300 1562 1324 et
1593 1294 1821 1326 offendiculum
1855 1293 1965 1325 multis
1994 1293 2121 1324 allaturi
2145 1295 2172 1325 si
2194 1305 2285 1326 secus
2308 1294 2388 1326 fecs-

1425 1336 1499 1367 rint.
1535 1336 1590 1368 Sic
1615 1337 1708 1367 multi
1733 1337 1878 1368 iocantur
1901 1342 1933 1368 et
1956 1337 2064 1367 larvas
2086 1336 2265 1368 obtendunt
2289 1347 2390 1377 quum

1424 1389 1494 1410 sese
1525 1379 1652 1410 fortiter
1683 1384 1715 1411 et
1745 1379 1998 1420 magnanimiter
2029 1390 2140 1419 gerere
2169 1379 2326 1410 deberent
2355 1379 2390 1410 in

1424 1421 1486 1453 fido
1523 1432 1580 1454 sua
1611 1422 1716 1462 palam
1745 1422 1934 1454 asserenda:
1971 1430 2001 1452 et
2034 1422 2204 1461 perfidiose
2234 1421 2390 1455 adversus

1424 1465 1531 1496 Deum
1562 1471 1593 1496 et
1624 1465 1771 1496 homines
1794 1471 1910 1505 agunt:
1942 1471 1975 1495 et
1998 1464 2058 1496 sibi
2082 1465 2120 1495 ad
2140 1464 2275 1504 quodvis
2297 1465 2389 1506 flagi·

1425 1508 1506 1539 tium
1525 1507 1667 1539 habenas
1686 1509 1893 1548 permittunt:
1917 1514 1949 1538 et
1967 1509 1992 1538 si
2018 1507 2126 1538 miseri
2149 1507 2261 1539 fideles
2282 1518 2389 1548 perse-

1396 1554 1397 1558 ’
1424 1551 1614 1591 quutionem
1647 1551 1825 1591 patiuntur,
1856 1551 1924 1581 sive
1954 1557 2052 1588 metu,
2083 1550 2152 1582 sive
2175 1550 2238 1581 alio
2263 1551 2389 1589 affectu,

1424 1594 1595 1633 patiuntur
1624 1594 1830 1625 innocentem
1859 1594 2050 1634 sauguinem
2081 1592 2212 1630 effundi,
2241 1599 2274 1624 et
2296 1593 2390 1625 modo

1423 1647 1515 1667 suam
1551 1637 1637 1677 apud
1668 1637 1816 1668 homines
1844 1636 2050 1667 autoritatem
2082 1636 2260 1674 retineant,
2297 1637 2388 1676 parvi

1423 1679 1543 1710 faciunt
1576 1679 1697 1719 perfide
1725 1679 1882 1712 adversus
1906 1679 2012 1710 Deum
2041 1684 2074 1710 et
2101 1678 2249 1711 homines
2278 1688 2389 1720 agere:

1423 1727 1479 1753 aut
1509 1723 1536 1753 si
1561 1733 1623 1754 non
1648 1732 1685 1753 eo
1710 1732 1811 1762 usque
1835 1721 2051 1762 improbitatis
2075 1721 2217 1759 veniant,
2243 1722 2322 1753 satis
2345 1722 2389 1754 fe·

1422 1819 1495 1839 rum
1530 1808 1753 1840 crudelitatem
1788 1813 1820 1839 et
1851 1808 1911 1838 Dei
1942 1812 2180 1847 contemptum:
2215 1812 2247 1838 et
2280 1813 2389 1839 tamen

1422 1850 1546 1882 duabus
1565 1851 1652 1882 sellis
1671 1851 1795 1889 sedent,
1819 1856 1850 1881 et
1869 1850 1983 1890 quovis
2006 1857 2104 1881 vento
2126 1850 2285 1881 feruntur.
2308 1849 2389 1881 Illos

1421 1893 1550 1934 quidem
1575 1894 1676 1925 fateor
1699 1893 1794 1924 rebus
1817 1892 1965 1925 secundis
1988 1899 2019 1923 ct
2043 1893 2214 1933 prosperis,
2243 1899 2279 1924 ut
2301 1893 2390 1924 viros

1422 1937 1586 1972 simulent,
1610 1936 1758 1967 fidelibus
1784 1936 1982 1973 conversari,
2006 1942 2037 1966 et
2057 1935 2096 1966 de
2117 1945 2152 1966 se
2174 1935 2278 1966 multa
2298 1935 2391 1976 polli-

1422 1980 1501 2011 ceri:
1532 1979 1587 2010 sed
1618 1990 1715 2019 quum
1748 1978 1842 2010 rebus
1874 1977 2018 2009 adversis
2048 1983 2141 2019 terga
2170 1977 2326 2017 dederint,
2357 1984 2389 2009 et

1423 2028 1554 2053 neutros·
1585 2033 1618 2053 se
1649 2022 1864 2062 praebuerint,
1895 2021 2091 2052 satisfecisse
2120 2031 2153 2052 se
2175 2020 2281 2052 officio
2303 2021 2388 2053 arbi-

1423 2070 1559 2096 trantur.
1612 2065 1707 2096 Hanc
1732 2066 1832 2105 igitur
1863 2063 2043 2096 doctrinam
2074 2073 2133 2095 nos
2163 2063 2254 2096 decet
2283 2063 2388 2105 magis

1423 2161 1530 2182 amore
1554 2151 1774 2191 proximorum
1799 2150 1965 2186 fuerimus,
1989 2159 2086 2189 quam
2109 2149 2171 2180 fuit
2192 2148 2269 2180 olim
2293 2148 2387 2181 Iona-

1424 2193 1542 2225 thauus
1555 2195 1586 2225 in
1601 2193 1742 2225 amicitia
1756 2191 1902 2231 Davidis,
1921 2196 1954 2223 et
1973 2191 2067 2222 fidem
2092 2191 2278 2232 frangamus
2290 2201 2387 2232 quam

1424 2236 1493 2267 Deo
1524 2236 1731 2277 promisimus
1761 2235 1801 2267 ad
1828 2234 1959 2265 honoris
1986 2234 2087 2274 ipsius
2115 2240 2147 2265 et
2168 2233 2290 2274 gloriae
2313 2244 2386 2275 pro-

1424 2280 1636 2319 pagationem,
1660 2285 1810 2318 metuque
1833 2277 1936 2308 territi
1954 2277 2059 2308 Deum
2084 2277 2246 2308 reiicimus
2268 2282 2306 2309 ut
2328 2277 2387 2309 ho-

1817 2319 1923 2351 Deum
1955 2319 2030 2350 olim
2062 2320 2219 2350 rationem
2254 2331 2272 2351 a
2296 2320 2387 2352 nobis

1425 2365 1636 2403 repetiturum
1671 2374 1771 2404 quum
1807 2363 1922 2394 ultimo
1957 2361 2013 2393 illo
2043 2361 2094 2393 dic
2122 2372 2252 2394 causam
2281 2362 2387 2395 dicere

1424 2417 1481 2437 nos
1501 2407 1585 2447 apud
1605 2407 1708 2447 ipsius
1731 2405 1872 2438 tribunal
1896 2404 2066 2446 oportebit,
2089 2411 2121 2436 et
2139 2405 2246 2436 larvas
2264 2415 2385 2443 omnes,

1424 2450 1540 2488 quibus
1553 2461 1586 2480 sc
1600 2450 1693 2481 multi
1715 2455 1857 2486 tuentur,
1881 2448 2100 2489 periculorum
2125 2457 2240 2488 nempe
2262 2453 2384 2480 metum

1423 2492 1634 2524 detecturiim.
1670 2491 1888 2531 Quamobrem
1913 2491 1940 2521 si
1963 2491 2037 2531 quis
2059 2500 2093 2522 se
2115 2500 2223 2522 coram
2236 2490 2307 2522 Deo
2329 2501 2384 2522 ex-

1423 2535 1528 2565 cusari
1558 2546 1649 2575 posse
1681 2540 1788 2575 putat,
1819 2533 1904 2574 quod
1934 2533 1973 2565 ab
2003 2533 2092 2564 omni
2122 2533 2266 2574 periculo
2296 2539 2386 2566 tutus

1423 2587 1492 2608 esse
1512 2577 1589 2608 velit
1609 2584 1640 2608 ct
1663 2577 1834 2614 indemnis,
1856 2586 1890 2608 se
1913 2577 1945 2607 in
1971 2576 2030 2607 hoc
2053 2575 2201 2616 exemplo
2213 2575 2386 2608 Ionathani

1423 2620 1594 2657 intueatur,
1619 2627 1650 2651 et
1663 2621 1802 2652 officium
1817 2619 1934 2651 diseat:
1954 2619 2007 2659 qui
2028 2629 2091 2650 non
2112 2619 2216 2650 solum
2237 2618 2384 2651 fortunas

1423 2662 1478 2694 sed
1509 2663 1606 2694 vitam
1639 2663 1741 2703 ipsam
1771 2662 1950 2695 certissimo
1979 2661 2122 2702 periculo
2151 2665 2183 2692 et
2205 2660 2384 2693 discrimini

2514 1094 2533 1285 Ξ

2511 1309 2537 1727 l

2507 1729 2532 2209 ἔ

2510 1284 2527 1302 :¹
