2551 3044
431 201 494 233 475

425 304 455 328 et
468 304 595 327 omnem
610 293 744 334 gloriam
759 293 827 324 eius
840 293 931 332 quasi
956 293 1067 324 florem
1091 291 1171 333 agri,
1193 292 1390 323 exsiccatum

425 348 494 370 esse
515 338 643 367 foenum
657 342 689 366 et
708 334 859 366 cecidisse
873 336 1000 366 florem:
1019 335 1093 375 quia
1112 335 1244 375 spiritus
1258 334 1390 365 Domini

424 379 567 413 sufflavit
599 379 629 409 in
661 388 716 409 eo:
748 377 864 408 deinde
891 378 1003 408 adiicit
1030 377 1127 419 paulo
1152 383 1230 417 post,
1256 377 1391 408 verbum

424 422 487 454 Dei
500 431 631 453 manere
645 421 678 451 in
697 427 878 452 aeternum:
905 420 967 451 nisi
982 421 1068 451 Petri
1089 421 1391 460 interpretationem

423 466 595 500 sciremus,
636 463 782 496 doctrina
817 463 871 494 illa
907 462 1070 494 videretur
1105 462 1198 494 valde
1232 462 1327 494 exilis
1360 468 1391 494 et

424 518 544 549 parvae
570 506 727 543 utilitatis,
757 507 781 536 si
808 506 997 545 pracsertim
1022 506 1077 537 illa
1100 516 1182 546 quae
1205 504 1281 536 alibi
1305 515 1390 537 com-

423 556 648 582 memorantur
670 548 918 583 eonsideremus.
944 559 1059 589 nempe
1084 549 1189 580 Deum
1212 548 1336 580 coelum
1359 554 1390 578 et

423 600 543 625 terram
566 602 816 627 concussurum,
838 597 871 622 et
895 593 960 622 fore
985 598 1020 622 ut
1044 598 1172 622 terrena
1195 591 1258 622 ista
1281 591 1391 622 omnia
1416 614 1417 619 ,

1209 197 1414 230 HOMILIA
1438 196 1633 230 LXXXIV.

423 636 620 670 dilabantur.
645 633 900 674 qaandoquidem
926 633 1006 664 nihil
1031 635 1160 665 firmum
1183 639 1216 665 et
1237 641 1390 664 constans
1416 648 1417 651 ¹

425 679 487 710 nisi
511 678 599 709 Deus
630 688 722 714 unus,
753 677 868 708 horum
898 678 1028 717 inquam
1053 676 1267 709 consideratio
1292 687 1349 707 nos
1373 686 1390 706 a

427 722 495 753 Deo
529 721 635 761 potius
670 719 849 751 deterreret
883 730 979 759 quam
1015 719 1054 750 ad
1084 720 1189 760 ipsum
1218 718 1389 750 accedendi

424 765 576 796 fiduciam
607 763 706 793 daret.
753 761 818 794 Sed
849 773 946 803 quum
980 762 1096 793 Petrus
1127 762 1225 794 verba
1256 762 1311 793 illa
1334 772 1388 792 ex—

422 807 547 848 plicans
567 805 654 843 dicit,
678 815 738 836 nos
759 806 832 836 licet
855 816 873 836 a
897 812 1015 837 natura
1038 805 1118 836 nihil
1142 805 1205 836 nisi
1229 804 1390 843 corruptio

423 852 534 886 simus,
553 856 585 880 et
599 848 716 889 exiguo
730 854 892 880 momento
905 858 1110 886 marcescere,
1131 855 1237 879 tamen
1257 847 1390 878 seminis

423 893 511 924 illius
545 891 722 931 incorrupti
753 891 894 922 efficacia
927 890 1137 928 corroborari,
1172 899 1206 921 ut
1236 891 1269 920 in
1300 889 1390 920 nobis

424 935 535 966 divina
562 935 667 965 virtus
691 939 853 974 appareat,
887 934 1101 973 virtutemque
1124 944 1216 964 suam
1241 933 1273 963 in
1298 932 1389 962 nobis

424 983 563 1015 exserat,
598 976 676 1008 adeo
711 975 839 1016 quidem
874 980 911 1008 ut
942 977 1001 1008 flos
1031 975 1084 1007 ille
1115 975 1389 1016 pulchritudinem

422 1031 514 1052 suam
550 1030 616 1051 non
645 1019 685 1050 ad
715 1020 800 1050 diem
832 1030 932 1050 unum
961 1024 1018 1050 aut
1048 1019 1184 1050 alterum
1218 1028 1320 1057 neque
1350 1016 1389 1047 ad

423 1063 543 1095 multos
566 1072 676 1099 annos,
707 1062 763 1094 sed
786 1062 820 1093 in
845 1067 1036 1102 perpetuum
1062 1062 1207 1098 retineat,
1239 1070 1389 1100 magnam

423 1105 676 1138 consolationem
712 1105 920 1145 percipimus:
955 1105 981 1136 si
1016 1104 1147 1144 quidem
1182 1114 1240 1133 nos
1275 1109 1391 1133 natura

423 1148 622 1188 corruptioni
651 1148 807 1179 obnoxios
836 1153 869 1178 et
891 1148 961 1178 flori
983 1147 1162 1178 simillimos
1186 1146 1303 1177 scimus
1328 1145 1390 1175 Dei
1414 1162 1415 1166 =

423 1193 545 1223 virtute
579 1191 610 1222 in
645 1197 812 1222 aeternum
847 1191 1044 1227 confirmari,
1085 1196 1117 1220 et
1151 1189 1390 1229 corruptionem

423 1233 603 1266 naturalem
635 1233 667 1264 in
702 1233 976 1272 incorruptionem
1000 1240 1031 1264 et
1053 1232 1188 1271 gloriam
1224 1238 1389 1262 aeternam

424 1277 624 1309 commutari.
679 1276 773 1307 Hanc
813 1276 853 1307 ob
887 1285 1016 1307 causam
1052 1275 1207 1315 propheta
1242 1275 1294 1306 Ps.
1330 1273 1390 1305 102

425 1319 502 1351 dicit
535 1319 630 1351 coelos
657 1319 762 1358 perire
795 1321 822 1349 et
853 1318 933 1349 sicut
963 1318 1168 1349 metinwntzon
1198 1320 1390 1356 veterascere,

425 1366 599 1402 terramque
628 1364 654 1393 ei
676 1371 873 1401 quaecunque
899 1361 930 1392 ιή
953 1372 988 1392 ea
1011 1364 1081 1392 sunt
1098 1361 1214 1400 perire,
1246 1360 1390 1400 nihilque

424 1406 555 1437 firmum
579 1405 612 1435 in
635 1414 673 1434 ea
696 1409 848 1444 perstare,
873 1403 1051 1443 mundique
1074 1413 1184 1434 omnes
1208 1402 1334 1433 delitias
1358 1403 1389 1433 in

424 1449 550 1480 fumum
571 1447 724 1484 abituras,
744 1446 912 1486 solumque
925 1446 1031 1477 Deum
1050 1446 1100 1477 sui
1114 1456 1239 1486 semper
1252 1445 1388 1477 similem

426 1501 495 1522 esse
519 1495 549 1520 et
572 1489 606 1520 in
629 1494 800 1520 aeternum
824 1499 1022 1528 permanere.
1058 1488 1123 1520 Sed
1148 1489 1216 1519 istis
1240 1488 1391 1519 videntur

425 1533 574 1565 homines
598 1532 642 1563 ita
665 1531 768 1570 deiici,
800 1536 835 1562 ut
858 1531 939 1562 nihil
963 1531 1027 1563 illis
1051 1532 1268 1571 relinquatur:
1293 1531 1390 1570 siqui-

426 1576 501 1608 dem
524 1575 612 1607 solus
634 1574 723 1606 Deus
747 1574 779 1605 in
803 1579 970 1605 aeternum
995 1581 1172 1615 permanet.
1209 1575 1251 1605 At
1275 1574 1392 1605 Petrus

425 1618 518 1650 docet
549 1618 694 1649 homines
719 1617 781 1648 Dei
812 1617 911 1648 verbo
941 1618 1166 1649 confirmatum
1191 1617 1239 1654 iri,
1270 1622 1301 1648 et
1327 1616 1391 1647 Ι)ο-

424 1662 551 1693 minum
588 1661 738 1692 timentes
773 1659 805 1690 in
845 1664 1014 1691 aeternum
1050 1671 1067 1691 a
1099 1660 1240 1691 Domino
1270 1659 1391 1690 stabili-

428 1712 498 1735 tum
522 1703 571 1734 iri.

515 1745 622 1777 David
642 1746 740 1786 igitur
763 1745 910 1777 homines
933 1756 1002 1777 esse
1022 1746 1155 1777 vanitati
1179 1750 1211 1777 ct
1230 1744 1394 1776 mendacio

427 1789 583 1821 obnoxios
599 1788 716 1825 dicens,
738 1799 772 1819 se
788 1788 894 1828 ipsum
913 1787 1149 1828 condemnavit,
1167 1793 1197 1819 et
1211 1787 1293 1818 bono
1306 1788 1395 1827 prin-

427 1832 509 1872 cipio
532 1831 640 1871 nixus,
665 1830 703 1862 ad
728 1830 835 1862 Deum
859 1831 1008 1871 precibus
1031 1831 1185 1871 confugit,
1214 1839 1242 1861 et
1268 1831 1301 1861 in
1326 1841 1394 1870 spe—

426 1875 523 1906 lunca
553 1884 622 1905 sese
645 1873 685 1904 ad
709 1878 837 1914 tempus
859 1874 1036 1912 continuit,
1066 1879 1153 1905 metu
1178 1873 1342 1913 perculsus
1366 1881 1397 1903 ct

427 1916 609 1955 formidine,
634 1917 709 1948 lieet
732 1927 898 1956 nunquam
922 1916 1077 1948 memoria
1096 1916 1273 1947 exciderint
1295 1915 1397 1946 factae

428 1961 490 2001 ipsi
514 1971 570 2000 per
594 1959 779 1991 Samuelem
803 1959 1042 2000 promissiones.
1079 1959 1121 1990 Et
1144 1959 1205 1989 fuit
1227 1959 1328 1998 ipsius
1352 1959 1399 1988 in-

429 2003 530 2044 signis
550 2002 628 2034 fides
647 2008 678 2033 et
697 2002 896 2042 inconcussa,
915 2001 970 2034 sed
991 2013 1055 2033 non
1075 2008 1183 2033 tamen
1203 2001 1398 2038 ιὶνωσθηιοςε

429 2045 547 2086 quippe
571 2045 627 2084 qui
650 2045 854 2076 imminentia
877 2045 938 2076 sibi
961 2044 1104 2085 pericula
1125 2044 1271 2081 senserit,
1306 2048 1336 2074 ct
1360 2044 1398 2075 iis

429 2095 584 2128 tanquam
608 2087 704 2118 homo
727 2093 908 2118 commotus
937 2087 988 2119 sit.
1034 2087 1104 2119 Hoc
1132 2087 1316 2127 exemplum
1343 2097 1399 2118 uos

431 2131 522 2163 decet
545 2130 680 2168 imitari,
714 2136 746 2161 et
777 2140 952 2170 agnoscere
975 2130 1083 2161 Deum
1107 2141 1164 2161 nos
1188 2130 1312 2161 virtute
1343 2139 1400 2160 sua

431 2179 598 2214 regentem
622 2173 725 2204 facere
738 2173 820 2203 utin
834 2173 935 2214 ipsius
949 2173 1063 2204 timore
1081 2177 1114 2205 et
1128 2171 1311 2204 obedientia
1330 2182 1399 2212 per-

431 2226 633 2253 severemus,
664 2222 700 2246 ut
722 2216 809 2247 vitae
833 2216 932 2256 ipsius
956 2215 1130 2257 participes
1151 2216 1282 2255 fiamus,
1311 2219 1343 2246 et
1366 2214 1399 2245 in

431 2259 536 2291 medio
560 2258 775 2298 quarumlibet
799 2264 1028 2299 tempestatum
1058 2263 1090 2290 et
1115 2258 1327 2299 procellarum
1351 2257 1400 2287 iu-

432 2302 574 2334 columes
587 2301 627 2332 ad
640 2308 768 2341 portum
783 2301 906 2333 felicem
921 2300 1130 2334 deveniamus
1143 2310 1150 2332 :
1163 2306 1195 2333 et
1207 2300 1289 2341 lapsi
1303 2300 1399 2331 etiam

432 2346 464 2376 in
490 2345 542 2376 via
565 2344 604 2376 ab
626 2344 695 2384 ipso
718 2344 890 2384 erigamur.
925 2344 1144 2384 Quamobrem
1163 2342 1399 2375 observandum

432 2393 481 2419 est
505 2387 666 2418 Davidem
699 2387 759 2417 etsi
784 2386 880 2418 fidem
905 2387 1055 2425 retinuit,
1079 2391 1187 2419 tamen
1211 2396 1329 2426 magna
1352 2385 1400 2415 in-

432 2431 587 2462 firmitate
610 2429 780 2461 laborasse.
826 2429 904 2460 Nam
937 2441 976 2461 ex
1007 2434 1098 2470 parto
1120 2429 1271 2470 periculis
1294 2427 1401 2459 immi-

433 2472 585 2504 uentibus
617 2473 766 2503 territum
796 2472 961 2509 videmus,
994 2472 1049 2504 scd
1085 2472 1146 2504 alia
1176 2483 1216 2503 ex
1240 2475 1331 2512 parte
1355 2470 1402 2501 vi-

433 2515 541 2548 cissim
565 2514 627 2546 Dei
652 2514 749 2546 verbo
772 2516 1018 2553 confirmatum,
1043 2516 1076 2546 in
1100 2515 1300 2547 orationibus
1323 2512 1401 2545 assi-

434 2558 532 2590 duum
556 2558 669 2595 fuisso,
704 2568 808 2598 neque
838 2567 982 2598 unquam
1010 2558 1154 2589 animum
1185 2556 1402 2597 despondisse,

434 2601 593 2641 fidemque
628 2600 785 2632 adversus
823 2601 982 2641 quaslibet
1020 2601 1215 2632 tentationes
1249 2606 1402 2639 tanquam

434 2643 676 2685 septemplicem
706 2643 855 2683 clypeum
883 2643 1053 2682 obiecisse,
1089 2654 1188 2684 quum
1222 2643 1257 2674 in
1286 2640 1402 2673 mediis

2349 197 2413 229 476

1444 290 1687 323 difficultatibus
1717 289 1788 321 Deo
1819 289 1924 321 laudis
1954 290 2147 322 sacrificium
2178 296 2331 331 tanquam
2363 301 2416 322 re-

1443 340 1570 376 portata
1595 334 1658 364 iam
1686 332 1823 364 victoria
1850 333 1949 364 vovit.
1990 332 2102 369 Haec,
2134 333 2283 373 inquam,
2315 333 2415 366 veluti

1443 378 1503 409 sibi
1534 375 1695 408 contraria
1720 375 1753 406 in
1778 375 1904 406 Davide
1937 380 2015 406 sunt
2047 374 2265 413 observanda,
2300 386 2415 418 nempe

1444 420 1523 451 fides
1537 419 1638 459 ipsius
1650 428 1724 449 cum
1737 417 1926 449 infirmitate
1939 418 2119 456 coniuncta,
2139 428 2179 449 ne
2196 418 2231 449 in
2247 419 2415 459 angustias

1443 462 1564 493 similes
1605 461 1742 492 coniecti
1783 460 2042 500 despondeamus
2083 471 2226 501 unquam
2260 461 2415 494 animum.

1444 505 1527 536 Nam
1562 505 1587 534 si
1623 503 1714 534 nulla
1744 503 1916 535 formidine
1947 503 2117 544 perculsus
2147 502 2256 535 David
2291 503 2415 545 fuisset,

1444 557 1543 587 quum
1576 546 1674 577 variis
1706 545 1943 577 calamitatibus
1967 555 2191 583 exerceamur,
2223 546 2414 585 diceremus,

1444 591 1498 622 Me
1533 589 1705 626 miserum,
1739 588 1815 628 quid
1850 600 1901 620 me
1931 589 2049 620 afflicto
2080 589 2227 620 futurum
2259 594 2323 626 est,
2358 589 2414 630 qui

1444 639 1567 663 tantam
1588 631 1810 662 infirmitatem
1826 632 1941 668 sentio,
1965 638 1995 662 et
2019 630 2058 662 ad
2078 630 2215 663 Davidis
2234 631 2330 663 fidem
2351 641 2414 664 non

1443 675 1572 711 accedo,
1615 684 1710 714 quem
1742 684 1815 705 cum
1850 675 1949 705 tantis
1978 673 2222 706 difficultatibus
2256 674 2414 706 luctatum

1445 718 1580 758 legimus
1609 723 1642 747 et
1670 727 1835 756 nunquam
1862 716 2072 757 perterritum
2104 727 2207 756 neque
2237 717 2414 749 deiectum:

1442 772 1500 800 ego
1515 770 1589 791 vero
1607 759 1816 791 vehementer
1830 759 2000 799 percellor:
2025 769 2062 791 ac
2079 759 2211 799 proinde
2225 759 2288 791 Dei
2303 759 2414 792 favore

1443 814 1574 844 prorsus
1603 802 1756 843 indignus
1779 801 1898 834 videor.
1947 801 2012 833 Nos
2036 802 2167 842 inquam
2192 802 2253 833 isto
2278 801 2415 834 Davidis

1442 845 1591 886 exemplo
1615 845 1723 885 potius
1746 851 1942 876 terreremur
1966 854 2062 885 quam
2087 844 2338 876 consolationem
2362 855 2414 877 ae-

1442 889 1621 929 ciperemus
1657 894 1689 918 et
1719 898 1737 918 a
1768 886 1839 918 Deo
1869 888 1976 928 p'otius
2007 887 2207 918 resiliremus
2244 897 2339 928 quam
2374 887 2414 919 ad

1443 932 1548 971 ipsum
1580 929 1727 971 precibus
1751 930 2006 972 confugeremus
2057 928 2122 961 Sed
2151 940 2252 970 quum
2278 929 2416 962 Davidis

1443 973 1652 1005 difficultates
1673 973 1765 1004 nobis
1785 978 2021 1013 proponuntur,
2045 979 2076 1003 et
2100 983 2164 1003 non
2188 973 2286 1004 fuisse
2309 973 2416 1014 ipsum

1414 1023 1417 1034 ³
1442 1016 1622 1054 ἀιάισθητον
1641 1015 1798 1054 videmus,
1821 1016 1900 1056 quin
1924 1016 2029 1056 potius
2052 1015 2085 1046 in
2105 1020 2228 1046 tantam
2247 1014 2417 1056 perturba-

1443 1060 1564 1090 tionem
1594 1059 1738 1096 venisse,
1773 1064 1808 1089 ut
1836 1069 1948 1089 omnes
1980 1058 2126 1089 homines
2150 1058 2322 1090 mendaces
2345 1068 2416 1090 esse

1443 1102 1572 1139 diceret,
1593 1101 1766 1141 Deumque
1786 1098 1880 1132 illum
1898 1102 1930 1132 in
1944 1101 2043 1132 tantis
2055 1101 2214 1141 angustiis
2234 1101 2273 1131 ad
2287 1100 2417 1142 aliquod

1443 1152 1570 1185 tempus
1589 1155 1657 1175 esse
1672 1144 1821 1182 voluisse,
1846 1144 1985 1176 sciamus
2003 1154 2062 1174 nos
2075 1143 2150 1175 licet
2162 1144 2262 1175 variis
2274 1143 2416 1184 agitatos

1443 1187 1600 1228 procellis,
1620 1193 1652 1218 et
1668 1187 1804 1218 summis
1817 1187 1976 1227 angustiis
1988 1196 2168 1227 oppressos,
2189 1197 2253 1217 non
2266 1192 2416 1226 oportere

1444 1238 1553 1262 tamen
1584 1240 1727 1270 unquam
1750 1230 1896 1260 animum
1920 1229 2136 1269 despondere,
2166 1229 2220 1261 sed
2244 1228 2284 1259 ad
2310 1229 2417 1260 Deum

1445 1274 1526 1305 votis
1547 1273 1736 1304 ardentibus
1756 1282 1937 1313 assurgere,
1957 1279 1990 1303 ut
2011 1278 2108 1310 mem,
2127 1278 2159 1303 et
2177 1272 2266 1303 omni
2284 1281 2417 1313 corrup-

1445 1317 1530 1358 tione
1554 1316 1677 1347 liberet.
1722 1315 1836 1355 Neque
1865 1318 1952 1346 enim
1983 1315 2045 1345 alio
2070 1314 2138 1345 loco
2162 1314 2269 1346 David
2294 1319 2418 1346 temere

1445 1359 1531 1396 dicit,
1556 1358 1652 1399 pedes
1672 1368 1745 1390 suos
1765 1357 1798 1388 in
1823 1358 1928 1388 lutum
1954 1358 2136 1388 immersos.
2170 1356 2263 1396 Quae
2286 1357 2417 1398 quidem

1445 1402 1544 1433 verba
1567 1401 1605 1433 de
1629 1401 1725 1432 rebus
1745 1401 1890 1432 externis
1914 1401 2014 1440 accipi
2037 1402 2188 1440 possunt}
2208 1399 2265 1431 sed
2284 1400 2418 1431 minime

1446 1444 1580 1476 dubium
1612 1453 1702 1483 esse,
1733 1444 1812 1483 quin
1836 1443 1938 1484 ipsius
1963 1443 2091 1474 animus
2114 1442 2266 1474 maximis
2288 1450 2418 1483 pertur-

1446 1487 1630 1519 bationibus
1648 1487 1790 1527 agitatus
1803 1487 1853 1518 sit.
1889 1486 2002 1526 Neque
2016 1495 2091 1517 vero
2105 1491 2214 1516 tamen
2234 1484 2288 1517 diu
2307 1484 2418 1517 David

1445 1531 1507 1562 isto
1538 1530 1605 1561 luto
1629 1528 1881 1569 perturbationis
1904 1528 2025 1566 haesit,
2054 1527 2110 1559 sed
2136 1528 2242 1559 Deum
2270 1527 2419 1569 precibus

1446 1573 1644 1611 sollicitavit,
1668 1577 1701 1603 et
1723 1571 1899 1603 exauditus
1922 1577 1980 1603 est.
2014 1571 2126 1610 Quare
2144 1571 2178 1601 in
2202 1576 2346 1602 nostram
2369 1569 2420 1602 in-

1446 1616 1657 1648 structionem
1682 1615 1727 1645 ita
1751 1614 1923 1655 loquutum
1946 1614 2108 1646 Davidem
2130 1623 2360 1655 agnoscamus:
2387 1617 2420 1645 et

1447 1658 1542 1690 Pauli
1574 1658 1754 1689 doctrinam
1779 1657 1978 1689 conformem
2007 1656 2054 1688 illi
2079 1656 2272 1688 reducamus
2295 1656 2420 1687 in-me·

1447 1702 1598 1740 moriam;
1621 1701 1676 1741 qui
1699 1700 1728 1732 2.
1742 1700 1781 1732 ad
1795 1700 1982 1732 Corinthios
1999 1699 2090 1731 docet
2103 1698 2209 1731 Deum
2229 1708 2304 1731 suos
2326 1708 2420 1730 exer-

1448 1749 1572 1777 centem
1613 1745 1710 1775 variis
1744 1743 1999 1780 calamitatibus,
2042 1742 2126 1774 nolle
2165 1746 2272 1773 tamen
2314 1747 2350 1773 ut
2387 1741 2422 1772 in

1449 1787 1708 1828 desperationem
1723 1786 1865 1824 veniant,
1885 1785 1940 1817 sed
1964 1791 2001 1816 ut
2014 1785 2118 1825 potius
2137 1784 2325 1816 ardentibus
2347 1787 2421 1825 pre-

1450 1830 1539 1862 cibus
1567 1830 1606 1860 ad
1631 1830 1736 1861 Deum
1767 1828 1967 1869 confugiant.
2012 1828 2066 1860 Sic
2092 1827 2199 1859 David
2224 1826 2356 1859 Psalmo
2380 1825 2422 1858 34

1450 1879 1620 1914 postquam
1652 1872 1690 1903 de
1722 1872 1820 1903 variis
1849 1872 1916 1912 egit
1938 1871 2184 1908 calamitatibus,
2215 1870 2331 1910 quibus
2354 1868 2422 1901 dies

1451 1922 1481 1947 et
1513 1921 1623 1947 noctes
1654 1914 1877 1946 indesinenter
1900 1913 2121 1951 exercebatur,
2153 1913 2216 1944 ait:
2246 1911 2368 1944 Venite
2390 1917 2423 1944 et

1452 1970 1509 1989 vos
1539 1958 1694 1990 erudiam.
1739 1957 1813 1997 Ipse
1847 1967 1924 1988 sane
1954 1961 2002 1988 tot
2030 1956 2191 1988 malorum
2220 1954 2423 1996 experientia

1452 2001 1563 2033 doctus
1595 2001 1800 2040 loquebatur,
1831 2004 1863 2031 et
1893 1999 1931 2031 de
1961 1999 2057 2030 rebus
2080 1998 2139 2030 sibi
2164 1998 2260 2039 probe
2283 1997 2422 2039 cognitis

1452 2044 1530 2076 alios
1553 2043 1729 2075 erudiebat.
1773 2042 1817 2074 Se
1839 2042 1939 2083 igitur
1961 2042 2076 2074 merito
2101 2042 2309 2081 loquuturum
2333 2039 2421 2072 dicit.

1453 2086 1535 2126 Sed,
1559 2097 1629 2124 oro,
1653 2085 1764 2126 quales
1788 2085 1888 2125 ipsius
1915 2095 2078 2116 sermones
2102 2084 2203 2115 futuri
2226 2082 2324 2115 sunt?
2369 2082 2422 2114 Ex

1454 2134 1543 2170 parto
1562 2139 1654 2161 suam
1674 2128 1898 2160 infirmitatem
1918 2127 2048 2167 detegit,
2068 2137 2108 2158 ne
2129 2136 2186 2158 nos
2200 2125 2315 2157 iisdem
2328 2124 2422 2156 malis

1453 2172 1584 2203 exerciti
1602 2171 1858 2212 despondeamus
1878 2171 2032 2208 animum,
2057 2174 2088 2201 et
2108 2169 2147 2201 ab
2170 2168 2274 2200 officio
2297 2167 2422 2200 resilia-

1454 2226 1524 2246 mus
1543 2215 1614 2245 Deo
1634 2225 1693 2246 nos
1717 2213 1814 2245 variis
1837 2211 2074 2245 calamitatibus
2097 2211 2282 2243 deiiciente:
2306 2209 2422 2242 deinde

1454 2269 1492 2288 ex
1527 2258 1630 2288 altera
1664 2262 1756 2297 parte
1790 2255 1886 2287 fidem
1921 2265 2012 2287 suam
2043 2254 2200 2291 declarat,
2229 2263 2293 2293 qua
2317 2252 2423 2285 veluti

1454 2300 1533 2331 duee
1557 2299 1595 2331 ad
1609 2300 1715 2331 Deum
1730 2299 1907 2337 accesserit,
1934 2298 2157 2338 fiduciamque,
2181 2307 2273 2328 suam
2297 2296 2331 2327 in
2353 2295 2423 2337 ipso

1453 2342 1633 2380 collocarit,
1665 2348 1695 2373 et
1727 2341 1874 2382 precibus
1899 2341 2070 2373 sollicitare
2093 2350 2157 2372 non
2181 2339 2364 2376 erubuerit,
2391 2341 2424 2369 et

1454 2385 1518 2416 illis
1539 2384 1667 2425 quidem
1690 2395 1755 2416 non
1774 2384 1875 2420 irritis
1894 2394 1998 2424 neque
2015 2383 2182 2415 inanibus:
2206 2381 2334 2422 quando
2352 2380 2423 2422 qui-

1455 2427 1527 2458 dem
1561 2438 1616 2467 spe
1647 2434 1679 2459 et
1708 2427 1824 2459 fidncia
1854 2427 1982 2459 divinae
2013 2425 2188 2458 voluntatis
2218 2425 2333 2465 plenus
2361 2423 2423 2465 ipsi

1454 2471 1644 2503 sacrificium
1679 2471 1858 2511 gratiarum
1888 2468 2022 2500 aetionis
2045 2468 2142 2500 audet
2164 2477 2295 2505 vovere,
2324 2476 2422 2508 quum

1455 2523 1495 2544 ex
1519 2513 1666 2544 omuibus
1691 2511 1843 2553 perieulis
1866 2512 2021 2544 liberatus
2040 2511 2146 2543 fuerit.

1540 2554 1646 2586 David
1678 2556 1777 2596 igitur
1807 2555 1838 2586 in
1869 2554 2005 2586 summis
2036 2565 2144 2586 rerum
2167 2563 2299 2585 suarum
2320 2562 2422 2593 angu-

1455 2597 1540 2634 stiis,
1564 2608 1632 2628 sese
1657 2598 1784 2629 divinae
1809 2597 1961 2629 bonitatis
1983 2596 2102 2628 fiducia
2124 2595 2296 2629 sustinuit:
2326 2594 2422 2636 longe

1456 2639 1584 2671 illorum
1615 2640 1782 2672 dissimilis
1816 2641 1870 2681 qui
1907 2639 2138 2672 tentationibus
2169 2638 2271 2671 variis
2299 2636 2422 2680 agitati,
