2551 3044
352 186 392 218 67

359 283 414 323 qui
438 281 611 313 autoritate
633 279 718 321 apud
741 279 876 321 populos
898 280 1020 320 pollent
1044 286 1175 320 peccent
1198 279 1318 319 saepis-

361 326 439 356 sime
474 324 658 364 pertinacia,
701 330 734 354 et
767 329 898 363 peccata
932 323 1070 363 peccatis
1104 319 1317 359 accumulent,

362 367 503 398 levitatis
526 372 558 398 et
581 366 774 397 temeritatis
797 372 906 396 notam
936 366 1048 407 fugere
1071 365 1251 406 cupientes:
1282 373 1318 395 ac

361 408 495 450 proinde
526 409 558 440 in
589 409 737 440 instituto
773 409 840 440 sive
874 407 954 440 bene
989 409 1057 440 sive
1092 408 1174 439 male
1207 413 1318 447 coepto

362 459 509 494 pergant.
538 451 607 483 Nae
631 452 686 491 qui
709 450 749 481 ad
773 461 881 482 rerum
903 451 1119 491 gubernacula
1141 449 1264 487 sedent,
1288 455 1319 480 et

363 495 485 536 primas
504 494 595 526 sedes
609 500 766 534 occupant
779 493 982 534 prudentiam
996 494 1029 524 in
1043 493 1182 524 consiliis
1202 491 1320 524 debent

363 536 525 574 adhibere,
550 536 680 577 nequid
694 542 815 567 temere
837 535 947 568 dicant
968 536 1129 568 faciantve
1153 536 1242 566 cuius
1265 545 1320 566 eos

363 579 478 611 deinde
502 579 673 620 poeniteat.
703 578 834 610 Matura
856 579 964 619 itaque
988 578 1216 610 deliberatione
1239 587 1320 618 opus

363 628 412 654 est
431 628 604 662 antequam
635 622 809 662 quidquam
842 621 1082 662 aggrediantur.
1126 622 1169 652 At
1197 620 1224 651 si
1255 630 1319 651 non

363 676 401 696 ea
431 672 558 696 servata
589 672 636 696 est
666 664 842 695 moderatio
873 674 968 704 quam
999 665 1148 704 oportuit,
1179 674 1219 693 an
1247 662 1318 694 ideo

362 708 539 749 pertinacia
569 706 741 748 tegendum
771 712 820 738 est
850 706 1025 738 admissum
1057 717 1112 747 per
1143 706 1319 746 incogitan-

366 751 442 782 tiam
474 750 606 788 malum,
641 757 671 781 et
703 749 858 781 adversus
886 749 992 780 Deum
1027 757 1057 780 et
1093 749 1237 780 homines
1272 747 1319 779 bis

363 801 453 824 terve
487 791 693 833 peccandum,
729 797 765 823 ut
798 802 883 823 unus
917 792 1026 832 lapsus
1061 791 1210 831 tegatur?
1264 790 1319 822 Sic

365 837 467 867 facere
502 836 560 867 hoe
600 835 668 866 loco
702 834 833 866 Saulem
880 834 1040 866 videmus:
1082 834 1190 873 Quare
1232 833 1319 865 istud

364 878 548 918 exemplum
572 878 690 909 intueri
721 877 838 909 debent
867 878 921 918 qui
952 877 990 908 ad
1022 887 1128 908 rerum
1161 876 1319 917 gnberna-

364 921 435 953 cula
458 920 578 957 sedent,
603 927 635 952 et
657 926 810 960 tanquam
840 920 872 950 in
901 920 1031 960 speculo
1062 919 1320 951 animadvertere

364 970 519 1003 quantum
543 964 584 995 sit
608 969 774 1003 peccatum
797 963 969 1000 temeritas,
993 971 1028 994 ut
1050 962 1153 994 alieno
1173 961 1320 1002 exemplo

362 1006 443 1037 nihil
467 1012 587 1038 temere
610 1006 771 1046 suscipere
795 1004 927 1037 discant.
974 1007 1021 1037 Ac
1043 1006 1069 1037 si
1093 1005 1166 1045 quid
1190 1015 1247 1044 per
1270 1004 1319 1035 in-

363 1049 571 1090 cogitantiam
596 1048 809 1089 peccaverint,
833 1059 866 1079 se
886 1048 1030 1079 homines
1049 1059 1116 1079 esse
1136 1052 1319 1088 agnoscant,

366 1102 401 1123 ac
437 1091 568 1132 proinde
603 1102 642 1122 ne
677 1090 871 1131 palinodiam
913 1101 1027 1122 canere
1068 1092 1151 1130 ipsos
1192 1089 1318 1130 pudeat.

365 1134 452 1174 Quin
477 1134 572 1166 etiam
597 1133 636 1164 ad
668 1133 813 1174 singulos
843 1133 940 1164 etiam
972 1133 1050 1164 haec
1078 1133 1219 1164 doctrina
1247 1142 1319 1173 per-

364 1178 444 1209 tinet
463 1177 681 1216 cniuscunque
701 1175 822 1207 ordinis
841 1182 896 1206 aut
916 1175 1084 1216 dignitatis
1098 1176 1193 1206 viros.
1217 1175 1319 1206 Pauci

364 1221 450 1252 enim
474 1230 537 1251 non
559 1225 693 1260 peccant
716 1219 893 1250 temerariis
916 1219 1073 1250 consiliis:
1098 1229 1177 1258 quae
1200 1218 1226 1249 si
1251 1229 1320 1258 per-

365 1262 514 1294 tinaciter
537 1262 617 1293 tueri
642 1261 766 1298 volunt,
797 1272 898 1301 neque
930 1272 947 1291 a
978 1262 1139 1302 proposito
1170 1261 1317 1292 recedere

364 1312 487 1337 mutato
517 1304 660 1342 consilio,
695 1309 817 1336 certum
853 1310 901 1335 est
932 1304 1019 1334 varia
1050 1303 1111 1335 Dei
1143 1303 1259 1335 iudicia
1287 1308 1318 1334 et

365 1348 590 1388 castigationes
613 1347 645 1378 in
667 1357 700 1378 se
723 1347 943 1383 accersituros,
974 1347 1141 1387 Deumque
1164 1346 1318 1387 gravibus

365 1391 476 1432 poenis
499 1390 587 1421 illam
611 1389 792 1429 superbiam
817 1395 849 1420 et
871 1390 1087 1429 arrogantiam
1118 1389 1317 1429 puniturum.

365 1433 583 1473 Quamobrem
607 1432 768 1463 discamus
791 1432 817 1462 si
840 1431 966 1472 quando
991 1443 1008 1462 a
1032 1436 1118 1463 recta
1148 1431 1198 1462 via
1226 1431 1317 1463 aber-

366 1476 544 1508 raverimus
575 1474 614 1506 ad
640 1474 744 1506 Deum
776 1484 834 1505 nos
865 1480 1033 1506 vocantem
1063 1475 1188 1512 reverti,
1219 1480 1253 1505 ut
1284 1474 1317 1504 in

367 1519 453 1550 viam
488 1524 606 1550 rectam
642 1517 680 1548 ab
714 1517 783 1556 ipso
818 1516 1022 1548 deducamur.
1075 1517 1209 1548 Interim
1243 1527 1319 1548 vero

366 1561 445 1593 Saul
469 1559 628 1601 quoddam
653 1560 775 1590 timoris
798 1558 860 1590 Dei
883 1559 1023 1600 signum,
1052 1570 1144 1600 prece
1175 1559 1228 1591 illa
1257 1565 1317 1591 tes-

365 1610 463 1641 tatur,
498 1603 613 1634 Iehova
637 1601 723 1633 Deus
747 1601 887 1642 Israelis,
921 1602 989 1634 cedo
1021 1603 1183 1643 inteyrum,
1219 1602 1248 1633 id
1270 1607 1319 1633 est

366 1647 460 1678 facito
483 1651 520 1677 ut
542 1646 692 1676 innoxius
715 1644 915 1676 absolvatur:
945 1644 985 1675 da
1007 1650 1109 1676 sortes
1132 1656 1232 1681 veras,
1262 1650 1318 1676 aut

366 1689 578 1729 perfectionis.
623 1687 759 1719 Minime
789 1697 865 1718 sane
894 1687 1027 1719 dubium
1057 1694 1104 1719 est
1134 1688 1208 1727 quin
1238 1687 1318 1719 bene

366 1738 447 1763 esset
470 1730 548 1762 Saul
573 1740 744 1770 persuasus
769 1729 838 1760 Deo
868 1730 1034 1770 probatam
1059 1730 1097 1761 iri
1121 1731 1319 1761 sortitionem

366 1774 454 1805 illam
484 1775 570 1804 inter
593 1783 625 1804 se
655 1779 686 1803 et
708 1771 926 1803 Ionathanum
957 1772 1059 1804 filium
1091 1778 1121 1804 ct
1151 1773 1318 1813 populum:

367 1817 442 1857 quin
473 1816 569 1848 etiam
600 1815 691 1846 facile
721 1820 768 1846 est
797 1814 936 1846 iudicare
967 1815 1055 1846 illum
1084 1827 1101 1846 a
1125 1815 1194 1846 Deo
1224 1816 1319 1847 fuisse
1344 1818 1345 1823 ’

368 1859 407 1891 ad
431 1859 462 1890 id
487 1857 669 1898 impulsum.
715 1857 797 1888 Nam
822 1863 945 1898 poterat
975 1858 1116 1898 cogitare
1147 1859 1319 1889 maximam

367 1912 404 1934 eo
429 1901 478 1933 die
501 1901 598 1932 fuisse
617 1900 724 1941 populi
745 1901 1042 1941 transgressionem,
1065 1900 1319 1941 quandoquidem

368 1955 436 1976 sese
460 1943 617 1984 polluerat
640 1953 752 1974 carnes
783 1943 940 1983 sanguine
970 1943 1096 1982 mixtas,
1126 1949 1237 1975 contra
1260 1943 1321 1974 Dei

367 1997 552 2028 expressam
577 1986 689 2026 legem,
719 1985 924 2017 comedendo.
966 1985 1083 2017 Debuit
1111 1986 1220 2026 itaque
1244 1986 1321 2017 Saul

368 2030 406 2061 dc
430 2029 483 2060 illa
506 2029 587 2069 legis
611 2028 782 2060 violatione
805 2029 886 2060 serio
910 2029 1060 2070 cogitare.
1085 2028 1206 2059 Verum
1231 2029 1322 2060 istius

368 2072 482 2113 flagitii
511 2082 574 2103 non
605 2072 766 2102 meminit:
797 2071 851 2102 scd
881 2071 948 2112 ipse
977 2082 1049 2103 cum
1079 2071 1146 2102 filio
1178 2082 1194 2102 a
1223 2071 1322 2102 latere

368 2126 443 2152 uno,
468 2114 604 2155 populus
628 2121 734 2145 autem
757 2113 796 2144 ab
821 2114 920 2146 altero
940 2114 1062 2146 divisus
1081 2119 1144 2145 est:
1170 2115 1321 2145 nimirum

368 2158 526 2198 proiectas
554 2162 655 2188 sortes
685 2158 717 2187 in
752 2156 906 2197 populum
934 2166 1064 2188 casuras
1097 2156 1322 2188 arbitrabatur.

369 2200 431 2232 Hic
456 2201 554 2240 igitur
578 2206 710 2240 apparet
741 2199 922 2230 admirabili
946 2199 1006 2231 Dei
1030 2199 1161 2231 consilio
1192 2205 1222 2230 et
1252 2210 1323 2239 pro-

368 2243 513 2274 videntia
543 2253 608 2273 rem
643 2242 725 2273 hane
760 2248 858 2272 totam
894 2246 1034 2283 gestam:
1070 2242 1167 2273 immo
1201 2246 1232 2273 et
1263 2242 1324 2272 Dei

368 2286 472 2327 ipsius
497 2285 612 2325 spiritu
644 2285 786 2325 linguam
811 2285 920 2316 Saulis
950 2285 1170 2323 gubernatam.
1216 2284 1324 2324 Quare
1349 2281 1351 2303 ἶ

369 2328 510 2369 precatio
533 2327 587 2358 illa
611 2326 720 2359 Saulis
750 2337 813 2358 non
838 2328 898 2358 fuit
921 2328 1093 2359 temeraria
1115 2337 1218 2368 neque
1247 2327 1325 2358 ficti-

371 2372 429 2402 tia:
462 2377 496 2402 ut
526 2370 668 2410 plerique
698 2370 800 2401 solent
830 2371 934 2401 Deum
967 2370 1114 2410 precibus
1142 2369 1325 2406 sollicitare,

372 2413 427 2445 sed
450 2413 608 2445 simulatis
632 2418 663 2444 et
688 2413 881 2444 temerariis:
907 2413 983 2453 quin
1003 2413 1066 2444 imo
1086 2413 1206 2445 vellent
1224 2413 1326 2453 ipsius

373 2457 432 2488 Dei
458 2456 656 2487 voluntatem
681 2456 859 2487 obscurare.
905 2455 984 2487 Saul
1007 2466 1082 2487 vero
1106 2466 1169 2487 non
1194 2461 1327 2486 temera-

373 2500 436 2530 rias
460 2509 552 2530 voces
577 2498 665 2535 fudit,
697 2498 751 2530 sed
777 2499 867 2530 firmo
898 2499 992 2530 nixus
1023 2504 1073 2530 est
1103 2498 1324 2530 fundamento:

372 2542 404 2572 id
417 2542 522 2582 ipsum
547 2551 717 2580 persuasus
730 2541 811 2581 quod
832 2551 850 2572 a
869 2540 1041 2573 Salomone
1061 2541 1210 2581 deinceps
1228 2541 1326 2581 scrip-

375 2585 414 2615 tis
439 2583 589 2615 traditum
615 2589 672 2621 est,
703 2589 805 2615 sortes
828 2584 860 2614 in
881 2584 987 2616 sinum
1011 2584 1133 2624 proiici,
1157 2583 1211 2616 sed
1236 2594 1253 2614 a
1276 2583 1325 2614 Ie-

372 2626 458 2658 hova
482 2636 550 2658 esse
574 2627 714 2666 ipsarum
747 2632 846 2658 totam
878 2627 1051 2658 rationem:
1082 2627 1196 2668 quibus
1222 2625 1326 2658 verbis

1215 183 1418 218 HOMILIA
1441 186 1480 218 L.

2290 188 2330 220 68

1343 283 1347 313 λ
1370 280 1477 311 innuit
1500 278 1654 312 Salomon
1677 287 1796 312 sortem
1819 291 1901 321 quae
1934 280 1987 312 vel
2015 281 2049 312 in
2080 281 2247 321 gremium,
2278 282 2329 314 vel

1371 323 1404 353 in
1429 333 1544 354 urnam
1574 323 1742 355 coniicitur
1773 323 1877 355 videri
1910 323 2038 364 quidem
2069 324 2243 362 fortuitam,
2273 325 2329 357 sed

1371 370 1479 396 tamen
1497 366 1566 396 eius
1589 365 1741 398 iudicium
1764 373 1797 397 et
1819 367 1942 398 exitum
1966 376 1984 396 a
2008 366 2148 397 Domino
2172 365 2327 406 pendere;

1370 407 1462 440 cuius
1485 407 1673 440 admiranda
1695 416 1726 440 et
1750 408 1924 440 ineffabilis
1947 415 1996 440 est
2018 408 2232 449 providentia.
2256 409 2328 442 Hoc

1371 450 1472 491 igitur
1496 450 1576 482 Saul
1606 451 1740 492 agnovit
1770 457 1802 482 et
1832 451 2000 492 amplexus
2029 458 2086 483 est.
2132 451 2222 491 Quae
2252 463 2330 484 sane

1371 493 1513 524 maxima
1541 494 1641 533 ipsius
1673 494 1775 525 virtus
1803 494 1880 525 ruit:
1911 494 2099 534 praesertim
2131 504 2207 526 vero
2230 505 2329 535 quum

1344 538 1347 589 j
1372 535 1410 566 de
1432 535 1561 576 capitali
1584 535 1742 576 supplicio
1764 543 1913 576 ageretur
1931 542 1963 568 et
1984 537 2049 568 vita
2068 537 2206 577 propria,
2230 547 2328 577 quam

1344 591 1347 623 f
1372 578 1457 609 ultro
1478 578 1619 610 sortibus
1650 579 1788 616 subiicit,
1820 589 1884 610 non
1914 579 2022 610 minus
2053 590 2148 620 quam
2181 579 2327 611 aliorum.

1372 620 1589 660 Quamobrem
1614 621 1718 652 Deum
1743 627 1834 660 rogat
1856 627 1892 653 ut
1913 621 2075 662 integram
2099 622 2204 660 faciat,
2228 622 2259 654 id
2278 626 2327 654 est

1373 671 1406 694 ut
1431 663 1599 694 veritatem
1623 663 1787 703 producat,
1810 668 1842 695 et
1865 664 2011 703 perficiat
2029 671 2132 696 totum
2151 665 2327 705 negotium,

1373 716 1412 737 ne
1435 706 1578 737 insontes
1601 716 1658 746 pro
1680 706 1825 737 sontibus
1848 716 1966 746 poenas
1990 706 2096 738 luant:
2125 706 2181 739 sed
2204 714 2240 739 ut
2262 709 2327 740 ius-

1372 754 1424 779 tus
1458 747 1652 786 absolvatur,
1686 749 1800 780 noxius
1834 759 1911 780 vero
1944 748 2186 781 condemnetur.
2238 750 2327 782 Lau-

1372 790 1478 822 danda
1500 790 1640 831 profecto
1663 791 1696 822 in
1716 801 1791 832 rege
1815 790 1927 822 virtus.
1969 791 2012 822 Et
2034 796 2142 823 tamen
2166 792 2243 824 vitia
2265 793 2328 825 alia

1372 834 1466 874 longe
1496 834 1647 874 graviora
1676 844 1741 865 non
1775 833 2060 865 animadvertebat.
2105 833 2218 875 Itaque
2251 835 2327 867 hinc

1372 876 1543 913 discamus,
1574 886 1610 907 eo
1642 876 1821 908 accuratius
1845 876 1883 907 de
1907 875 1997 907 nobis
2020 886 2090 908 esse
2111 876 2328 918 cogitandum,

1372 929 1433 959 quo
1467 918 1593 951 facilius
1626 918 1775 950 labimur.
1821 918 1926 960 Saepe
1959 919 2042 950 enim
2074 919 2106 950 in
2136 919 2328 959 quibusdam

1371 962 1490 1002 optimo
1514 961 1621 993 studio
1645 961 1742 999 ducti,
1765 967 1874 993 tamen
1898 962 1932 992 in
1954 961 2026 993 aliis
2055 963 2267 994 caecutimus:
2295 967 2328 994 et

1371 1004 1476 1045 siquid
1499 1004 1573 1036 boni
1596 1004 1703 1044 aliqua
1732 1015 1771 1035 ex
1801 1012 1892 1045 parte
1913 1004 2094 1042 fecerimus,
2126 1005 2189 1036 Dei
2212 1015 2329 1037 nomen

1372 1047 1502 1087 ineptiis
1535 1047 1653 1078 nostris
1686 1047 1908 1087 profanamus:
1950 1057 2031 1087 quae
2072 1054 2179 1079 tamen
2221 1049 2330 1080 omnia

1372 1094 1463 1130 grata
1487 1100 1556 1121 esse
1585 1095 1616 1120 et
1639 1097 1768 1130 accepta
1792 1089 1836 1120 illi
1861 1089 2098 1121 arbitrabimur.
2140 1090 2240 1131 Atqui
2264 1101 2329 1122 non

1371 1133 1405 1163 in
1435 1138 1571 1164 externa
1602 1132 1706 1172 specie
1729 1132 1928 1164 haerendum
1957 1137 2016 1172 est,
2047 1143 2149 1173 neque
2178 1133 2257 1165 satis
2286 1144 2329 1165 ex

1372 1182 1462 1215 parte
1494 1182 1613 1207 rectam
1645 1175 1732 1206 viam
1764 1175 1921 1212 insistere,
1951 1174 1989 1206 ab
2020 1175 2084 1206 alia
2108 1186 2182 1207 vcro
2207 1176 2326 1208 nostris

1371 1217 1629 1258 corruptionibus
1659 1217 1842 1258 indulgere:
1889 1217 1944 1249 sed
1976 1217 2114 1258 diligens
2144 1218 2327 1250 adhibenda

1371 1261 1477 1292 cautio
1506 1267 1563 1299 est,
1594 1266 1626 1291 et
1653 1261 1757 1292 omnis
1787 1260 1960 1292 assentatio
1983 1260 2144 1301 fugienda,
2175 1271 2214 1292 ne
2238 1261 2329 1294 nobis

1372 1304 1449 1344 ipsis
1472 1303 1675 1343 imponamus
1697 1302 1869 1334 adulando.
1900 1302 2009 1342 Quare
2032 1313 2243 1344 agnoscamus
2266 1304 2329 1336 Dei

1371 1347 1520 1386 spiritum
1544 1357 1601 1377 nos
1625 1345 1676 1377 hic
1699 1346 1734 1377 in
1751 1345 1860 1378 Saulis
1883 1356 2020 1387 persona
2044 1346 2125 1378 velle
2149 1346 2271 1383 docere.
2296 1351 2328 1378 et

1371 1389 1403 1420 in
1428 1400 1464 1420 eo
1488 1394 1641 1429 tanquam
1666 1389 1698 1419 in
1721 1388 1849 1429 speculo
1880 1393 2014 1420 naturae
2044 1394 2170 1420 nostrae
2207 1389 2328 1430 fragili-

1373 1437 1471 1463 tatem
1494 1431 1725 1462 demonstrare.
1755 1431 1877 1463 Sumus
1900 1431 1984 1462 enim
2008 1431 2046 1462 ad
2069 1431 2188 1463 malum
2212 1431 2327 1472 procli-

1373 1486 1436 1511 ves,
1471 1474 1545 1506 licet
1570 1473 1646 1505 boni
1668 1473 1830 1515 quidpiam
1854 1474 2102 1506 admisceamus:
2131 1480 2164 1506 et
2186 1485 2251 1506 non
2273 1474 2328 1506 de-

1371 1523 1445 1549 sunt
1463 1517 1598 1557 speciosi
1617 1522 1803 1557 praetextus
1819 1517 1934 1557 quibus
1947 1517 2114 1548 veritatem
2128 1517 2327 1549 obvelemus:

1372 1570 1474 1600 neque
1503 1560 1588 1591 enim
1618 1570 1760 1600 unquam
1789 1559 1852 1591 nisi
1877 1559 1907 1591 vi
1931 1559 2069 1599 quadam
2093 1559 2220 1592 adducti
2243 1559 2329 1600 quod

1371 1604 1493 1635 iustum
1528 1608 1576 1634 est
1610 1609 1640 1633 et
1674 1612 1811 1642 aequum
1845 1602 2078 1642 amplectimur.
2130 1602 2194 1634 Hic
2226 1602 2327 1643 igitur

1371 1645 1532 1677 Dominus
1556 1645 1646 1677 nobis
1669 1645 1818 1685 patefacit
1840 1645 1916 1685 quid
1943 1645 1975 1676 in
1995 1644 2095 1676 Saule
2120 1645 2328 1685 laudandum,

1371 1688 1446 1729 quid
1482 1688 1747 1728 vituperandum:
1785 1687 2043 1728 quandoquidem
2077 1688 2136 1719 etsi
2170 1687 2329 1728 quaedam

1371 1732 1405 1763 in
1428 1730 1483 1762 illo
1507 1731 1612 1762 virtus
1635 1737 1778 1771 apparet,
1806 1730 1911 1762 multa
1941 1735 2047 1762 tamen
2079 1730 2158 1762 vitia
2186 1731 2330 1762 latebant

1371 1774 1504 1811 occulta,
1528 1784 1608 1813 quae
1632 1773 1782 1814 deinceps
1805 1780 1969 1813 apparent.
2016 1773 2083 1813 Ipsi
2106 1779 2213 1804 tamen
2238 1772 2329 1805 Deus

1370 1818 1479 1858 parcit
1503 1816 1541 1848 ad
1566 1822 1710 1856 tempus:
1740 1822 1776 1847 ut
1800 1816 1832 1846 in
1864 1826 1900 1847 eo
1923 1815 1985 1847 Dei
2016 1815 2265 1848 misericordiam
2295 1820 2328 1848 et

1371 1859 1560 1900 patientiam
1591 1859 1784 1896 intueamur,
1815 1869 1878 1889 non
1909 1869 2035 1899 semper
2064 1858 2229 1898 punientis
2258 1859 2327 1899 ipso

1372 1907 1535 1934 momento
1558 1912 1620 1942 quo
1643 1906 1807 1942 peccatum
1831 1909 1894 1932 est:
1927 1905 1962 1932 ut
1985 1901 2024 1933 ad
2047 1908 2248 1942 peccatorum
2273 1911 2329 1942 ag-

1373 1945 1529 1977 nitionem
1553 1944 1760 1976 adducamur.
1793 1943 2011 1983 Quamobrem
2036 1954 2135 1984 quum
2159 1943 2248 1974 Deus
2271 1954 2328 1975 au-

1373 1999 1439 2019 rem
1464 1987 1566 2025 nobis,
1598 1992 1632 2018 ut
1662 1987 1706 2018 ita
1729 1986 1843 2024 dicam,
1875 1986 2097 2018 tantummodo
2121 1986 2328 2024 vellicaverit,

1375 2031 1423 2061 vel
1449 2030 1583 2071 digitum
1608 2029 1648 2060 ad
1671 2041 1728 2061 nos
1753 2029 1912 2061 feriendos
1943 2029 2090 2067 moverit,
2120 2038 2329 2069 agnoscamus

1374 2073 1464 2105 illum
1496 2083 1514 2104 a
1544 2072 1636 2104 nobis
1670 2076 1879 2113 provocatum
1913 2071 1953 2104 ad
1986 2072 2078 2110 iram,
2112 2078 2143 2103 et
2175 2071 2236 2112 ipsi
2270 2081 2330 2103 nos

1374 2116 1588 2155 subiicientcs,
1611 2120 1643 2147 et
1667 2120 1795 2156 peccata
1819 2115 2038 2152 abhorrentes,
2069 2114 2109 2146 ad
2132 2113 2224 2146 illum
2253 2124 2329 2146 con-

1375 2164 1547 2190 vertamur.

1459 2200 1555 2240 Quod
1590 2199 1738 2240 deinceps
1771 2201 1925 2241 sequitur,
1963 2199 2094 2232 Saulem
2129 2198 2329 2239 deprehenso

1349 2243 1563 2281 :Ionathan0,
1595 2243 1801 2283 quaesivisse,
1834 2242 1911 2283 quid
1942 2241 2090 2274 fecisset?
2124 2247 2155 2273 et
2178 2242 2329 2274 Ionatha-

1377 2298 1453 2317 num
1478 2296 1545 2317 rem
1576 2290 1675 2317 totam
1707 2291 1742 2316 ut
1772 2291 1842 2317 erat
1869 2285 1915 2316 illi
1945 2284 2147 2322 indicavisse,
2177 2295 2330 2326 magnam

1377 2329 1548 2360 lonatbani
1582 2327 1822 2368 simplicitatem
1855 2333 1887 2360 et
1926 2328 1992 2359 inte
2018 2327 2145 2358 ritatem
2178 2332 2330 2359 testatur:

1350 2379 1352 2410 ;
1377 2371 1435 2403 etsi
1459 2383 1491 2402 sc
1517 2382 1579 2403 non
1603 2371 1746 2411 agnoscit
1770 2371 1961 2411 peccavisse.
1986 2394 1998 2401 l
2017 2369 2203 2401 ihilominus
2222 2377 2330 2402 tamen

1377 2414 1542 2445 sciendum
1571 2414 1630 2445 etsi
1661 2412 1740 2445 Saul
1769 2413 1888 2444 limites
1918 2413 2009 2453 aequi
2040 2419 2071 2443 et
2090 2412 2165 2443 iusti
2189 2417 2330 2452 praeter-

1377 2457 1458 2493 ierit,
1493 2457 1644 2497 populum
1675 2456 1894 2488 exsecratione
1917 2454 2130 2495 obstringens,
2162 2455 2215 2495 qui
2238 2466 2329 2487 man-

1378 2498 1485 2530 datum
1516 2499 1616 2539 ipsius
1648 2499 1813 2531 violasset:
1850 2498 1952 2529 Deum
1985 2503 2091 2529 tamen
2122 2497 2261 2529 voluisse
2295 2500 2332 2529 ut

1352 2552 1353 2566 π
1378 2543 1555 2573 exsecratio
1587 2541 1641 2572 illa
1671 2541 1808 2581 caderet,
1839 2540 1967 2580 vimque
1997 2551 2088 2572 suam
2120 2540 2273 2572 retineret
2298 2540 2331 2571 in

1378 2584 1557 2616 Ionathano
1583 2583 1689 2617 Saulis
1719 2583 1797 2615 filio:
1828 2593 1908 2624 quae
1938 2593 2032 2615 causa
2063 2583 2124 2614 fuit
2153 2593 2209 2615 eur
2240 2582 2330 2614 illum

1380 2631 1530 2665 tanquam
1572 2627 1701 2658 noxium
1735 2631 1819 2658 sorte
1854 2625 1946 2657 Deus
1986 2625 2182 2666 deprehendi
2218 2624 2328 2657 voluit.
