2551 3044
334 196 374 228 39
1137 189 1339 222 HOMILIA
1361 188 1505 221 XLVII.
2271 189 2315 222 40

337 298 442 323 castra
474 289 718 320 Philistinorum
751 287 944 328 pervasisse:
979 286 1017 316 de

341 342 405 364 tina
428 332 598 363 dicendum
631 331 691 362 erit
723 330 876 370 pluribus,
901 329 972 360 Deo
996 329 1140 360 faciente.

339 376 414 406 dum
447 385 520 406 vero
552 375 674 405 interea
699 373 888 404 miraculose
919 372 1022 403 Deum
1054 371 1104 402 hic
1128 376 1304 410 operatum,

340 417 423 458 quod
452 426 516 448 tam
549 416 709 448 numerosi
741 415 847 447 hostes
883 420 1015 455 tamque
1052 420 1206 454 potentes,
1241 417 1303 442 ter-

340 461 391 492 riti
435 461 550 491 fuerint
591 460 714 491 obiecto
747 457 830 498 quod
865 457 986 488 nullam
1021 457 1151 487 terroris
1185 454 1302 485 occasi-

340 513 434 535 onem
463 503 604 534 haberet.
663 501 748 541 Quid
787 499 884 541 ergo?
940 500 1006 531 Nae
1038 500 1124 530 Deus
1158 499 1201 527 ita
1232 498 1304 528 fecit

340 546 546 577 manifestum
575 556 609 576 se
639 546 670 575 in
709 544 855 575 manibus
884 543 1008 574 animos
1042 542 1206 572 hominum
1247 539 1303 570 ha-

340 589 431 620 bere:
472 596 503 619 et
544 589 670 619 efficere
704 593 739 618 ut
776 587 829 626 qui
867 586 993 616 leonum
1034 586 1135 615 instar
1168 581 1304 614 audaces

340 640 448 666 erant.
481 632 569 662 nullo
600 636 810 670 persequente
837 627 974 659 latebras
1007 635 1169 668 quaerant.
1205 630 1237 656 et
1264 635 1303 656 ex
1328 643 1331 670 ι

341 681 429 706 metu
452 681 484 705 et
513 673 644 714 ignavia
665 672 792 713 prodire
815 682 880 702 non
911 671 1062 705 audeant,
1095 671 1164 700 licet
1197 667 1304 699 nullus

341 717 539 758 insequatur.

342 761 477 791 salntem
508 759 692 800 quaesituri,
720 758 792 789 licet
834 757 936 788 nullos
967 757 1168 795 insequentes
1198 754 1304 785 hostes

342 803 490 834 habeant.
549 802 768 841 Quamobrem
816 800 905 830 facile
941 799 1118 829 iudicamus
1153 797 1302 827 Ionatha-

341 856 419 877 num
457 856 520 876 non
563 844 723 884 accepisse
756 853 847 874 omen
884 841 970 872 istud
1000 842 1060 872 nisi
1092 848 1197 871 mente
1227 850 1302 871 eon-

342 890 478 929 cepisset
512 888 618 918 Deum
650 897 708 918 sua
738 885 873 918 consilia
903 893 933 915 et
963 891 1096 916 conatus
1121 886 1301 913 fortunam-
1328 900 1329 919 3

342 942 423 963 rum.
448 932 495 962 Ac
519 930 653 961 minime
676 929 761 960 istud
785 927 914 968 quidem
934 926 1189 967 intelligendum,
1213 925 1303 965 quasi

341 973 546 1005 Ionathanus
576 984 633 1004 sua
664 972 835 1012 prudentia
872 971 967 1001 nixus
1002 978 1055 1000 aut
1093 968 1211 999 viribus
1244 967 1329 998 hoel

341 1027 516 1058 aggressus
540 1017 592 1052 sit,
616 1015 681 1053 sed,
707 1021 741 1046 ut
765 1020 839 1045 ante
859 1012 1008 1048 diximus,
1034 1013 1130 1042 fuisse
1155 1017 1245 1042 extra
1268 1021 1302 1041 se

340 1061 490 1100 positum,
522 1067 551 1090 et
583 1069 600 1089 a
625 1058 695 1089 Deo
724 1057 806 1088 hanc
830 1063 970 1087 mentem
995 1055 1154 1094 accepisse
1178 1060 1300 1085 certum

341 1110 397 1134 est.
443 1102 676 1133 Verumtamen
701 1101 760 1131 etsi
785 1099 924 1130 multum
949 1099 982 1128 in
1006 1098 1061 1128 illo
1086 1098 1145 1127 t'nit
1167 1097 1301 1127 infirmi-

341 1146 415 1177 tatis
451 1151 481 1177 et
509 1145 626 1175 anxius
656 1143 754 1174 animi
786 1142 901 1178 haesit,
936 1141 1017 1171 bono
1047 1147 1155 1170 tamen
1187 1139 1300 1170 funda-

339 1195 448 1220 mento
478 1194 509 1218 et
538 1187 697 1228 principio
727 1185 899 1216 nitebatur.
946 1184 1058 1214 Fidem
1092 1183 1174 1213 enim
1201 1182 1301 1212 maxi-

341 1242 426 1263 mam
450 1231 510 1262 ista
533 1231 602 1261 eius
625 1229 664 1260 ad
685 1229 882 1268 armigerum
909 1227 1005 1257 verba
1026 1231 1203 1256 testantur:
1230 1225 1301 1256 Non

341 1277 383 1307 est
418 1273 665 1313 impedimentum
697 1270 824 1302 [chorae
857 1270 934 1309 quin
966 1271 1063 1299 servet
1093 1278 1159 1299 cum
1194 1267 1302 1298 multis

344 1320 397 1349 aul
427 1316 549 1356 paucis.

344 1359 525 1392 Ionathano
548 1358 674 1398 cognita
699 1356 759 1387 Dei
783 1355 937 1396 potentia,
968 1365 1007 1385 ex
1031 1364 1092 1393 qna
1116 1359 1200 1384 totus
1224 1363 1300 1393 pen-

346 1403 444 1435 deret.
465 1406 588 1432 certum
619 1407 667 1431 est
691 1399 781 1430 illum
813 1399 871 1429 isto
898 1407 1046 1428 sermone
1070 1397 1200 1427 minime
1223 1406 1300 1427 usu-

347 1456 417 1476 rum
441 1444 548 1480 fuisse,
579 1442 767 1483 praesertim
793 1442 823 1471 in
849 1446 914 1471 tam
938 1440 1085 1479 angustis
1110 1440 1203 1470 rebus
1227 1448 1300 1470 con—
1328 1450 1329 1476 ῃ

1328 1484 1329 1503 l
1355 1481 1398 1512 Et
1422 1481 1460 1510 de
1483 1479 1655 1510 Ionathani
1679 1483 1796 1509 conatu
1821 1478 1985 1519 hactenus,
2017 1478 2055 1509 de
2079 1490 2141 1519 quo
2164 1479 2315 1521 deinceps

348 1488 508 1519 stitutum.
554 1486 636 1516 Nam
661 1484 752 1516 facile
775 1490 823 1515 est
847 1483 942 1514 rebus
965 1482 1112 1513 secundis
1136 1481 1301 1512 utentibus

349 1530 409 1562 Dei
445 1530 600 1560 virtutem
636 1526 836 1567 praedicare:
877 1533 907 1556 et
947 1525 1038 1555 illum
1075 1536 1164 1564 posse
1198 1525 1301 1555 solum

347 1583 457 1605 omnes
487 1571 626 1602 hostium
659 1575 791 1601 conatus
815 1569 972 1608 frangere,
1002 1573 1033 1598 ct
1057 1568 1120 1598 illis
1144 1568 1301 1603 resistere,

347 1616 421 1647 licet
451 1613 592 1645 mundus
616 1623 687 1644 cum
712 1612 775 1643 illis
805 1611 1030 1651 conspirasset,
1062 1610 1212 1649 profiteri.
1260 1612 1302 1640 At

347 1658 460 1689 mortis
485 1656 668 1688 discrimine
688 1661 870 1695 apparente,
893 1653 965 1693 quis
989 1653 1028 1684 de
1049 1653 1116 1684 Deo
1139 1659 1204 1683 tam
1228 1663 1302 1684 con-

348 1701 483 1732 fidenter
516 1699 602 1738 loqui
638 1703 750 1738 potest.
786 1697 845 1727 nisi
877 1696 929 1736 qui
966 1695 1046 1726 altas
1078 1696 1150 1726 fidei
1182 1695 1304 1726 radices

349 1742 434 1784 egit?
481 1742 568 1773 Sane
599 1741 653 1781 qui
683 1741 714 1771 in
747 1739 853 1770 Deum
884 1748 975 1770 suam
1005 1749 1132 1769 omnem
1157 1738 1304 1769 fiduciam

348 1785 491 1821 collocat,
516 1784 608 1815 facile
631 1783 768 1814 audaces
791 1788 823 1813 et
843 1781 1028 1812 temerarios
1048 1782 1212 1811 invasores
1232 1791 1304 1812 con·
1330 1778 1331 1782 ’

349 1834 487 1860 temnet:
521 1837 584 1858 non
616 1826 746 1866 quidem
777 1830 812 1856 ut
835 1824 941 1855 solent
964 1824 1124 1854 temerarii
1150 1824 1305 1861 homines,

349 1872 402 1911 qui
435 1880 538 1910 neque
566 1874 653 1900 metu
685 1868 747 1899 Dei
779 1867 969 1903 retinentur,
1006 1877 1107 1906 neque
1141 1866 1174 1896 in
1206 1860 1332 1906 ipsius}

349 1915 524 1946 bonitatem
555 1916 698 1952 sperant:
731 1910 787 1942 sed
811 1915 932 1941 temore
955 1920 989 1940 se
1011 1909 1043 1940 in
1068 1910 1200 1948 quaevis
1224 1910 1307 1949 peri-

349 1957 421 1989 cula
450 1955 633 1987 coniiciunt,
665 1960 697 1985 et
724 1953 850 1984 nullum
882 1963 1011 1983 sensum
1036 1951 1209 1982 modestiae
1233 1952 1306 1982 reti-

350 2007 438 2033 nent,
473 1998 583 2038 quales
614 1998 633 2027 ii
665 2006 801 2037 quorum
831 1995 950 2035 alioqui
981 1994 1110 2026 laudata
1142 2005 1201 2025 vox
1237 1994 1305 2024 illa:

349 2043 412 2074 Hic
440 2040 663 2081 prandeamus,
696 2045 849 2079 tanquam
879 2037 964 2078 apud
989 2038 1108 2068 inferos
1131 2037 1306 2068 coenaturi.

353 2127 405 2158 sed
431 2137 527 2162 mera,
553 2131 587 2156 nt
611 2125 687 2162 dixi,
712 2124 886 2155 temeritas.
932 2123 1003 2154 Non
1028 2123 1073 2153 ita
1094 2122 1306 2153 Ionathanus:

352 2171 442 2201 cuius
472 2168 679 2199 consiliorum
715 2168 808 2205 longe
839 2166 901 2197 alia
934 2167 993 2196 fuit
1025 2166 1114 2201 ratio,
1149 2173 1180 2196 et
1215 2165 1308 2205 longe

353 2213 433 2243 alins
465 2212 546 2242 finis.

353 2266 452 2286 unum
487 2255 573 2284 vitae
603 2264 678 2284 suae
702 2263 789 2293 spem
816 2252 926 2283 reiicit.

354 2308 445 2338 posse
468 2297 558 2327 illum
583 2307 645 2327 non
668 2297 775 2326 minus
799 2304 868 2325 eum
895 2295 1005 2334 paucis
1024 2303 1118 2334 qnam
1137 2304 1210 2325 cum
1231 2293 1311 2323 mul-

355 2342 395 2371 tis
427 2339 610 2370 hominibus
639 2350 776 2373 servare,
807 2338 865 2369 etsi
897 2337 1000 2367 nullas
1024 2337 1092 2376 ipse
1116 2336 1208 2371 vires,
1241 2336 1310 2366 nul-

356 2384 420 2414 lutn
451 2382 620 2413 consilinm
653 2382 785 2411 adferat.
835 2382 938 2419 Atque
962 2379 1040 2411 haee
1064 2385 1111 2410 est
1134 2379 1229 2410 huius
1253 2378 1310 2409 loci

356 2426 522 2461 sententia,
565 2431 595 2455 et
637 2424 723 2454 utilis
765 2422 838 2453 inde
873 2423 1017 2453 doctrina
1050 2421 1199 2453 eruenda.

360 2468 564 2508 Iosapliatnm
597 2466 713 2497 bonum
739 2466 829 2496 illum
855 2475 963 2505 regem
989 2465 1136 2496 videmus
1159 2475 1233 2495 suos
1256 2464 1312 2494 mi-

356 2511 427 2541 lites
451 2511 647 2542 confirmare.
673 2520 769 2548 quum
796 2509 910 2548 ingens
934 2508 1088 2539 adversus
1112 2507 1216 2547 ipsum
1240 2506 1311 2537 hos-

359 2555 438 2584 titnn
474 2563 629 2583 numerus
662 2552 885 2590 conspirasset,
921 2560 1056 2590 quorum
1088 2560 1220 2581 numero
1250 2550 1312 2579 iam

359 2597 419 2626 iam
456 2595 624 2626 videbatur
656 2593 854 2625 obruendus:
891 2603 994 2632 neque
1028 2594 1112 2624 enim
1145 2599 1214 2623 erat
1248 2591 1312 2622 ulla

359 2649 429 2677 spe-
459 2637 616 2668 evasionis
650 2648 690 2667 ex
723 2643 811 2667 tanta
846 2641 876 2666 ct
912 2642 975 2666 tam
1008 2635 1166 2667 horrenda
1196 2641 1311 2674 strage,

1050 296 1112 326 quo
1142 284 1191 315 die
1217 293 1302 315 cras·
1328 288 1330 297 ’

1186 326 1304 357 Notan-
1328 332 1329 339 ¹

596 715 649 748 Sic
691 715 842 746 dicuntur
875 714 1009 754 improbi
1053 713 1196 743 homines
1229 711 1329 752 fuga¹

606 1315 649 1346 Et
688 1313 797 1354 procul
833 1312 930 1343 dubio
964 1312 1025 1342 nisi
1061 1311 1155 1351 probe
1190 1311 1329 1355 fuisset,

1329 1652 1549 1690 ,iussisseque
1591 1656 1626 1680 nt
1665 1659 1773 1680 arcam
1808 1650 1941 1680 Domini
1983 1649 2178 1687 admoveret,

1332 2039 1334 2062 ἶ
1360 2038 1411 2068 rit.

352 2085 447 2124 Atqui
474 2094 537 2114 n‹›n
562 2083 639 2113 haec
663 2081 816 2113 fortitudo
841 2085 871 2111 ct
896 2080 1146 2119 magnanimitas
1165 2079 1307 2116 dicenda,
1333 2078 1334 2085 ¹

592 2211 674 2242 Nam
705 2220 722 2240 a
752 2209 822 2240 Deo
851 2215 937 2240 totns
961 2207 1129 2248 dependet,
1160 2209 1189 2238 in
1215 2218 1308 2247 quem
1334 2203 1335 2212 ¹

975 2250 1143 2291 Deumque
1167 2251 1310 2291 agnoscit
1335 2263 1336 2282 z

1257 2421 1311 2452 Sic
1336 2416 1337 2424 ¹

1355 283 1575 314 Nihilominus
1611 289 1716 314 tamen
1752 282 1806 314 ille
1839 283 1873 314 in
1909 292 2008 313 unum
2035 283 2139 314 Deum
2175 285 2314 326 respicit,

1355 326 1447 357 cuius
1472 326 1624 356 virtutem
1648 334 1681 356 et
1709 325 1887 366 potentiam
1917 325 2015 356 nullis
2047 335 2137 365 posse
2169 327 2316 360 terminis

1354 368 1511 399 contineri
1535 369 1640 400 docet:
1671 379 1707 400 ac
1739 368 1871 409 proinde
1900 378 1963 398 non
1987 368 2120 398 effertur
2144 369 2231 409 regia
2253 379 2314 401 sua

1354 411 1521 451 dignitate,
1545 421 1646 451 neque
1665 411 1730 442 suis
1750 411 1906 442 militibus
1925 410 2066 447 confidit,
2087 420 2222 450 quorum
2243 411 2314 444 sine

1355 452 1425 484 Deo
1460 453 1563 484 nullas
1602 454 1688 485 vires
1722 453 1789 484 fore
1823 454 1974 494 agnoscit.
2029 453 2176 493 Denique
2219 454 2314 495 longe

1354 496 1447 544 aliter
1469 506 1503 527 se
1526 496 1625 536 gessit
1647 506 1742 536 quam
1773 496 1877 527 solent
1899 507 1991 536 reges
2007 499 2069 527 'aut
2093 497 2314 537 imperatores,

1355 549 1408 579 qui
1432 539 1599 570 victoriam
1623 549 1662 570 ex
1686 549 1815 569 suorum
1841 539 1979 570 militum
2002 549 2148 577 numero,
2174 540 2221 571 vel
2246 540 2314 571 ala-

1354 582 1468 612 critate
1497 588 1529 612 et
1557 581 1745 612 fortitudine
1769 581 1963 612 metiuntur:
1992 592 2027 612 ac
2058 582 2191 622 proinde
2213 593 2312 623 quum

1356 631 1401 654 tot
1436 634 1590 664 equorum
1625 624 1736 661 millia,
1772 629 1818 654 tot
1850 624 2055 662 munitiones,
2090 630 2137 655 tot
2171 633 2313 658 armatos

1356 667 1474 697 milites
1505 674 1684 706 recensent,
1711 666 1771 697 sibi
1802 666 1884 696 nihil
1915 667 2122 698 metuendum
2153 668 2313 700 arbitran-

1356 717 1417 740 tur.
1466 709 1532 740 Nae
1555 709 1706 740 mortales
1730 708 1910 740 istiusmodi
1935 709 2064 740 auxiliis
2087 709 2126 741 ad
2146 711 2313 743 victoriam

1355 751 1612 792 consequendam
1636 751 1798 792 indigent:
1823 751 1878 783 sed
1903 751 1998 791 longe
2021 752 2113 783 aliter
2136 752 2234 792 Deus,
2258 755 2312 794 qui

1354 806 1372 827 a
1402 796 1490 826 nullo
1521 795 1703 826 mortalium
1726 794 1900 834 quidquam
1933 800 2114 826 mutuatur:
2144 796 2200 827 sed
2223 798 2313 829 euius

1355 848 1470 869 manus
1501 838 1579 869 satis
1608 843 1655 869 est
1687 843 1798 877 potens
1828 836 1867 867 ad
1897 847 1970 868 suos
2001 838 2034 868 in
2068 838 2180 877 quovis
2204 839 2312 871 discri-

1356 883 1441 912 mine
1475 880 1685 911 adiuvandos.
1731 880 1947 919 Quamobrem
1979 880 2075 911 altius
2103 881 2219 912 animis
2243 893 2313 913 nos-

1355 925 1413 954 tris
1446 924 1528 955 hanc
1557 923 1734 954 doctrinam
1765 923 1949 963 infigamus,
1984 923 2050 954 Deo
2082 923 2160 954 nihil
2186 923 2315 956 obstare

1356 977 1446 1006 posse
1470 967 1642 1006 quominus
1675 966 1740 996 suis
1763 973 1981 1005 opportunum
2005 976 2132 1006 semper
2155 967 2314 998 auxilium

1355 1009 1486 1040 adferat.
1534 1009 1616 1039 Nam
1646 1018 1742 1048 quum
1776 1008 1943 1039 hominum
1974 1019 2103 1048 operam
2127 1009 2258 1041 adhibet
2280 1011 2315 1041 in

1355 1053 1420 1084 suis
1451 1051 1669 1086 sublevandis,
1706 1061 1822 1091 magno
1853 1051 1924 1082 illos
1957 1051 2079 1082 honore
2110 1052 2226 1084 afficit:
2260 1054 2316 1085 sed

1357 1103 1462 1126 tamen
1489 1106 1551 1125 non
1577 1095 1652 1125 t'acit
1675 1094 1783 1133 aliqua
1807 1101 1937 1125 coactus
1962 1095 2159 1126 necessitate.
2195 1095 2317 1136 Ecquis

1355 1138 1439 1168 enim
1463 1137 1596 1171 dubitat,
1620 1137 1684 1167 imo
1709 1136 1779 1176 quis
1802 1147 1863 1167 non
1890 1137 1984 1168 habet
2009 1147 2066 1176 pro
2091 1145 2176 1168 certo
2196 1137 2314 1177 Deum,

1355 1187 1389 1211 ut
1419 1191 1470 1211 res
1501 1190 1612 1210 omnes
1635 1179 1766 1215 creavit,
1798 1179 1841 1210 ita
1864 1180 1959 1210 etiam
1984 1179 2047 1210 illis
2071 1180 2118 1210 uti
2142 1191 2233 1221 posse
2256 1191 2314 1222 pro

1354 1234 1412 1255 suo
1435 1223 1567 1254 arbitrio
1591 1222 1629 1252 ad
1654 1232 1710 1253 nos
1734 1221 1868 1253 tuendos
1891 1229 1923 1252 et
1945 1223 2192 1262 conservandos,
2215 1234 2313 1263 quum

1356 1267 1386 1297 in
1420 1266 1520 1306 ipsius
1549 1265 1731 1296 obedientia
1762 1270 1948 1296 constanter
1971 1265 2252 1301 ambulaverimus.
2283 1272 2315 1298 et

1356 1318 1544 1349 quocunque
1569 1308 1731 1338 vocaverit
1757 1306 1916 1347 intrepide
1937 1308 2199 1347 perrexerimus?
2245 1309 2316 1341 Nae

1355 1354 1380 1382 si
1412 1351 1529 1382 animis
1553 1351 1671 1381 nostris
1699 1349 1820 1381 isthaec
1844 1351 2012 1388 haeserint,
2044 1351 2167 1382 nullum
2192 1353 2314 1392 pericu-

1357 1395 1431 1428 lum,
1467 1394 1577 1425 nullus
1611 1393 1725 1424 mortis
1759 1399 1864 1424 metus
1898 1404 1956 1424 nos
1990 1393 2029 1424 ab
2063 1394 2166 1425 officio
2196 1396 2315 1435 poterit

1356 1448 1500 1472 avocare,
1531 1447 1566 1467 ae
1599 1446 1637 1466 ne
1672 1436 1721 1466 vel
1754 1435 1917 1466 tantillum
1947 1436 2076 1476 quidem
2100 1447 2314 1469 commovere.

1356 1523 1461 1554 adhuc
1486 1521 1633 1562 pluribus
1657 1522 1758 1552 actui-i
1783 1531 1904 1552 sumus.

1443 1566 1605 1605 Deinceps
1636 1574 1711 1595 vero
1743 1563 1821 1595 Saul
1854 1563 1970 1594 dieitur
1999 1563 2162 1596 audivisse
2197 1566 2316 1597 tumul-

1357 1616 1423 1640 tum
1449 1608 1481 1638 in
1511 1608 1633 1643 castris,
1665 1613 1695 1637 et
1717 1617 1879 1637 summum
1911 1606 2106 1638 sacerdotem
2132 1607 2315 1646 advocasse,

2221 1657 2317 1691 atque

1356 1694 1459 1734 ephod
1492 1693 1653 1729 indueret,
1686 1692 1927 1732 Dominumque
1955 1693 2182 1724 sciscitaretur.
2228 1693 2317 1725 Inte-

1356 1738 1416 1768 rim
1448 1747 1525 1767 vero
1549 1736 1644 1767 etiam
1669 1745 1768 1775 quum
1793 1734 2012 1766 Ionathanum
2037 1735 2147 1767 abesse
2171 1736 2317 1767 animad-

1357 1785 1508 1814 verteret,
1541 1779 1668 1809 iussisse
1703 1777 1841 1809 eundem
1873 1778 2009 1817 requiri:
2039 1786 2071 1809 et
2098 1779 2193 1810 simul
2218 1780 2317 1810 etiam

1356 1822 1554 1855 sacerdotem
1576 1831 1706 1851 manum
1736 1830 1826 1851 suam
1858 1821 2008 1861 recipere,
2040 1826 2071 1852 et
2095 1821 2230 1853 ulterius
2253 1832 2318 1853 non

1358 1864 1514 1906 progredi.
1564 1863 1715 1895 Diximus
1746 1873 1824 1894 vero
1849 1863 1941 1894 initio
1964 1863 2063 1895 huius
2087 1864 2239 1896 historiae
2262 1864 2317 1896 ob-

1358 1907 1565 1944 servandum,
1601 1906 1705 1937 Deum
1743 1907 1787 1937 ita
1816 1906 1984 1937 misertum
2015 1917 2084 1938 esse
2115 1907 2224 1947 populi
2257 1907 2317 1945 sui,

1358 1958 1393 1982 ut
1419 1950 1509 1982 Sauli
1545 1956 1653 1980 tamen
1684 1959 1846 1979 summum
1879 1949 2017 1981 dedecus
2047 1953 2079 1980 et
2109 1950 2317 1991 ignominiam

1359 1993 1522 2029 inusserit,
1547 2000 1642 2031 atque
1665 1992 1753 2022 omni
1778 1991 1872 2023 laude
1895 1991 2065 2033 indignum
2091 2003 2160 2024 esse
2179 1992 2319 2024 declara-

1456 2036 1540 2067 Nam
1572 2034 1699 2065 videtur
1729 2034 1806 2066 Saul
1838 2039 1924 2065 metu
1955 2046 1989 2066 se
2017 2035 2050 2066 in
2081 2036 2194 2066 castris
2217 2035 2319 2067 conti-

1360 2081 1477 2115 nuisse,
1502 2083 1535 2109 et
1558 2077 1709 2118 progredi
1734 2088 1797 2108 non
1817 2087 1916 2109 ausus
1939 2078 2047 2115 fuisse,
2072 2077 2145 2108 dnm
2172 2078 2319 2109 Ionatha-

1361 2133 1420 2153 nus
1450 2122 1546 2152 etiam
1577 2120 1674 2151 audet
1705 2119 1861 2151 adversus
1892 2125 2016 2151 tantum
2046 2121 2223 2152 exercitum
2247 2131 2319 2162 pro-

1360 2164 1459 2206 gredi,
1494 2170 1525 2194 et
1561 2169 1607 2194 tot
1640 2168 1781 2194 armatos
1815 2167 1848 2194 et
1878 2163 2054 2194 instructos
2084 2163 2202 2194 milites
2232 2164 2319 2195 solus

1361 2208 1488 2238 adoriri.
1534 2205 1642 2238 Saulis
1677 2210 1794 2242 tamen,
1831 2205 1939 2243 fateor,
1973 2216 2012 2236 ex
2044 2215 2080 2235 eo
2114 2205 2200 2237 facto
2235 2207 2320 2238 fama

1362 2251 1571 2281 vehementer
1599 2254 1693 2280 aucta
1723 2254 1791 2279 est:
1823 2255 2046 2279 verumtamen
2074 2248 2208 2288 spiritus
2231 2260 2320 2281 sane-

1363 2300 1413 2323 tus
1448 2302 1506 2324 nos
1541 2291 1632 2322 docet
1662 2291 1741 2321 nihil
1778 2291 1830 2321 hic
1861 2290 1992 2321 Saulem
2028 2291 2179 2330 potuisse.
2215 2302 2320 2333 neque

1362 2336 1430 2366 eius
1462 2335 1584 2366 viribus
1615 2339 1670 2364 aut
1694 2333 1867 2373 prudentia
1889 2332 2062 2373 quidquam
2087 2341 2214 2373 gestum
2236 2345 2319 2367 esse:

1362 2378 1416 2409 sed
1447 2388 1548 2418 quum
1573 2376 1744 2408 Ionathani
1768 2375 1902 2407 consilia
1932 2380 1963 2406 et
1993 2376 2167 2407 eorundem
2199 2378 2320 2409 exitum

1364 2421 1588 2460 perspexisset,
1620 2418 1858 2459 persequendos
1888 2417 1996 2449 hostes
2024 2428 2092 2450 esse
2124 2419 2213 2450 illum
2239 2420 2321 2452 iudi-

1363 2474 1459 2501 casse,
1485 2462 1700 2503 populumque
1723 2461 1761 2491 ad
1787 2461 2000 2500 insequendos
2024 2461 2132 2493 hostes
2157 2462 2321 2494 hortatum

1364 2517 1441 2540 csse,
1476 2512 1509 2536 ut
1534 2505 1560 2536 si
1592 2505 1660 2536 fieri
1690 2510 1806 2543 posset,
1838 2514 1877 2533 ne
1901 2514 1986 2535 unus
2015 2504 2142 2544 quidem
2167 2515 2206 2536 ex
2232 2511 2323 2538 tanta

1365 2548 1571 2579 multitudino
1602 2551 1793 2586 superesset.
1840 2546 1913 2584 Qua
1943 2547 1975 2577 in
2007 2557 2041 2577 re
2072 2547 2144 2578 fecit
2170 2549 2320 2580 manifes-

1338 2618 1339 2625 ,
1365 2595 1429 2621 tani
1454 2601 1544 2621 suam
1569 2589 1786 2630 arrogantiam
1811 2593 1843 2620 et
1866 2589 2080 2620 temeritatem
2101 2600 2173 2621 cum
2197 2600 2323 2623 summa

1364 2633 1551 2664 crudelitate
1581 2632 1793 2668 coniunctam,
1824 2632 2091 2672 quemadmodum
2116 2633 2251 2665 inferius
2273 2635 2324 2666 vi·
