2551 3044
212 177 251 209 73
854 177 901 208 IN
924 176 950 208 I.
974 176 1063 208 LIB.
1087 174 1284 207 SAMUEL.
1308 175 1406 207 GAP.
1430 175 1522 206 XIV.
2137 174 2177 205 74

211 281 318 306 tamen
341 273 374 304 in
401 283 438 304 ea
468 271 591 313 flagitia
613 270 766 303 labantur
789 281 870 311 quae
893 275 995 302 morte
1018 270 1084 301 sint
1107 279 1162 300 ex-

212 316 343 358 pianda:
374 316 447 348 licet
469 314 594 355 magnis
617 314 757 354 alioquin
782 313 952 345 virtutibus
975 313 1041 344 sint
1064 312 1163 352 insig-

212 371 278 392 nes.
326 360 368 390 At
398 358 533 399 populus
557 357 595 388 de
625 357 720 388 rebus
748 356 833 387 inter
862 366 896 388 se
918 355 1096 387 coniunctis
1119 354 1164 385 lo-

213 403 336 443 quitur:
378 402 504 441 quaerit
538 401 623 431 enim
658 409 756 439 quare
790 399 841 439 qui
876 398 993 439 populo
1027 397 1163 429 salutem

212 445 320 476 attulit
351 449 528 475 moreretur
558 442 597 473 ob
628 446 792 482 gustatum
824 442 1028 472 extremitate
1058 439 1164 471 baculi

212 497 328 529 parum
346 485 472 517 mellis?
496 485 580 516 Nam
593 484 747 525 quomodo
766 484 798 514 id
810 484 857 514 illi
870 482 1027 524 contigit?
1050 482 1165 514 Nonne

213 529 288 561 dum
310 529 416 560 hostes
435 527 624 568 insequitur,
648 530 679 558 et
697 527 764 567 ipse
778 526 842 558 dux
864 526 935 558 aliis
948 537 1004 558 suo
1018 524 1165 565 exemplo

213 572 251 603 ad
276 570 490 612 profligandos
515 571 622 602 hostes
645 569 769 601 animos
793 569 934 600 addens?
959 569 1106 608 Denique
1129 570 1165 598 ut

213 614 274 646 Dei
305 614 493 645 vexillarius
516 617 546 644 et
569 612 701 653 signifer
724 611 837 643 mediis
860 623 892 643 sc
916 611 1059 643 hostibus
1081 610 1162 641 infe-

212 656 306 688 rens?
352 656 420 687 Nae
443 656 532 687 Deus
561 655 723 686 hominem
755 654 845 686 illum
872 654 1007 694 impulit,
1035 653 1164 693 vimque

212 709 302 731 suam
326 699 358 729 in
382 699 436 729 illo
471 698 622 736 exseruit,
656 703 809 737 tanquam
842 697 868 728 si
904 707 999 728 manu
1033 695 1164 737 propria

213 741 366 773 duxisset.
390 741 490 772 Porro
509 741 586 772 dum
598 740 674 771 facit
692 740 842 778 officium,
865 740 1031 779 Deumque
1051 738 1163 770 ducem

212 785 365 825 sequitur,
397 794 510 824 parum
544 783 648 814 mellis
682 781 880 823 degustavit:
923 792 1025 822 neque
1059 781 1090 812 id
1123 790 1162 811 ex

212 827 335 859 malitia
365 831 420 858 aut
449 826 649 858 contumacia
671 825 756 856 fecit.
802 824 909 864 Quare
933 835 994 855 non
1019 823 1164 864 peccavit

212 869 368 901 adversus
400 878 523 909 regem:
555 868 616 899 nisi
647 868 727 898 forte
755 868 882 899 crimini
914 867 959 898 illi
982 866 1164 907 ignorantia

212 912 307 944 edicti
338 917 490 943 vertatur.
535 910 752 950 Quamobrem
787 910 813 942 si
848 910 953 950 capite
984 909 1162 950 puniretur,

213 965 320 986 nonne
342 954 376 985 in
400 954 507 985 Deum
537 954 642 994 ipsum
665 963 807 984 essemus
830 952 946 988 iniurii,
975 955 1006 983 et
1028 951 1162 992 gratiam

210 998 309 1038 ipsius
339 1007 434 1037 quam
457 997 490 1027 in
514 995 694 1027 Ionathano
726 995 876 1035 patefecit
899 995 990 1026 nobis
1014 994 1158 1025 obscura-

211 1039 341 1071 remus?
387 1039 472 1070 Hinc
501 1038 654 1070 discimus
684 1037 847 1077 sigillatim
877 1038 959 1069 facta
982 1036 1164 1077 expendere

210 1093 290 1123 quae
321 1083 453 1113 veniunt
476 1081 509 1112 in
532 1081 792 1117 controversiam,
824 1084 854 1111 et
884 1080 922 1112 de
946 1079 1059 1120 quibus
1082 1079 1163 1110 iudi-

212 1125 359 1163 candum,
383 1128 414 1156 et
436 1124 595 1155 sententia
614 1123 745 1154 ferenda
769 1127 826 1154 est.
851 1123 933 1154 Nam
958 1123 984 1153 si
1007 1122 1163 1153 eiusmodi

212 1167 295 1199 facta
325 1168 444 1198 fuerint
467 1176 547 1206 quae
570 1166 630 1197 Dei
655 1165 759 1203 verbo,
790 1170 820 1196 et
844 1165 982 1196 naturali
1006 1165 1164 1205 aequitate

212 1210 474 1247 condemnentur,
517 1214 609 1240 extra
650 1219 744 1239 omne
778 1208 910 1239 dubium
944 1208 1045 1248 posita
1078 1211 1162 1248 sunt,

213 1253 329 1293 quippe
348 1251 589 1283 irremissibilia.
615 1250 679 1282 Sed
702 1251 728 1282 si
751 1256 863 1282 contra
885 1250 948 1282 tale
972 1250 1090 1282 factum
1109 1250 1164 1281 ali-

213 1294 295 1335 quod
328 1295 506 1335 eontigerit,
547 1293 630 1334 quod
665 1304 766 1333 neque
801 1293 982 1334 improbum
1016 1293 1066 1330 sit,
1105 1303 1164 1324 nec

213 1337 356 1369 absolute
386 1348 404 1368 a
434 1337 504 1368 Deo
534 1336 773 1374 condemnetur,
808 1335 863 1367 sed
897 1335 963 1367 sola
995 1335 1164 1366 hominum

211 1380 452 1420 imaginatione,
486 1379 574 1410 nullo
607 1383 713 1410 tamen
738 1378 798 1409 Dei
831 1377 926 1409 verbo
949 1379 1162 1418 comprobata,

213 1424 341 1461 nitatur,
373 1427 495 1454 certum
530 1428 576 1453 est
608 1433 664 1452 nos
698 1421 791 1452 alicui
827 1421 978 1452 sacientes
1012 1420 1163 1452 iniuriam

211 1465 266 1506 qui
300 1465 361 1496 sibi
395 1475 457 1496 non
493 1470 540 1496 est
574 1464 649 1495 mali
683 1464 837 1501 conscius,
873 1463 1024 1495 adversus
1058 1463 1163 1504 ipsum

210 1508 317 1539 Deum
347 1508 413 1539 fore
443 1507 585 1544 iniurios,
616 1513 712 1546 atque
742 1506 820 1537 adeo
843 1507 946 1546 ipsum
972 1506 1036 1537 fore
1059 1506 1164 1537 vindi-

211 1561 280 1582 cem
311 1555 342 1582 et
364 1550 502 1582 ultorem
531 1550 617 1580 illius
641 1549 788 1580 iniuriae.
835 1548 1050 1588 Quamobrem
1075 1553 1163 1580 tanto

210 1593 301 1625 nobis
334 1593 435 1624 maior
469 1592 651 1624 adhibenda
685 1592 790 1623 cautio
815 1591 865 1623 hic
891 1596 947 1628 est,
982 1602 1021 1622 ne
1045 1595 1164 1623 temere

210 1635 249 1667 de
277 1635 450 1676 incognitis
474 1635 671 1667 sententiam
695 1635 845 1671 feramus,
876 1634 925 1666 vel
948 1633 1068 1666 calculo
1091 1644 1163 1665 nos-

210 1682 259 1710 tro
283 1679 543 1716 condemnemus,
567 1677 651 1718 quod
675 1681 782 1708 tamen
807 1676 954 1708 excusari
975 1676 1025 1709 vel
1049 1686 1164 1717 appro-

210 1721 280 1753 bari
309 1725 431 1762 potest:
461 1731 502 1752 ne
532 1721 593 1760 ipsi
616 1720 686 1751 Deo
718 1719 834 1751 bellum
864 1719 981 1750 inferre
1013 1719 1096 1751 velle
1120 1720 1165 1751 vi-

214 1763 361 1796 deamur:
392 1763 443 1795 cui
466 1763 594 1794 tandem
619 1762 799 1802 aliquando,
824 1761 976 1802 quidquid
1000 1766 1164 1802 praetexa-

213 1817 295 1846 mus,
318 1805 481 1838 reddenda
504 1806 565 1837 erit
588 1810 714 1836 nostrae
738 1805 927 1836 temeritatis
949 1806 1038 1836 ratio.

298 1849 441 1881 Tandem
465 1848 545 1880 Saul
575 1848 691 1880 dicitur
719 1848 879 1879 recessisse
908 1858 927 1878 a
943 1847 1165 1887 persequendis

212 1891 411 1924 Philistaeis:
433 1892 488 1932 qui
511 1891 584 1922 finis
607 1901 716 1922 eorum
740 1890 883 1921 omnium
906 1900 987 1929 quae
1010 1889 1165 1922 hactenus

212 1939 288 1966 sunt
316 1946 334 1966 a.
357 1935 449 1966 nobis
479 1934 652 1974 explicata:
684 1943 798 1972 nempe
823 1932 929 1964 Deum
958 1932 1087 1973 quidem
1110 1944 1166 1965 vo-

211 1977 310 2010 luisse
333 1977 487 2018 populum
510 1986 605 2008 suum
627 1986 768 2008 asserere
792 1975 825 2006 in
848 1975 1038 2014 libertatem,
1067 1986 1164 2016 seque

212 2020 322 2061 populi
356 2021 406 2051 sui
439 2019 640 2051 defensorem
671 2023 702 2049 et
734 2022 946 2058 protectorem
977 2018 1165 2058 patefacere,

213 2066 245 2094 et
279 2074 297 2094 a
330 2062 503 2104 tyrannide
537 2061 795 2098 Philistaeorum,
831 2071 928 2100 quam
962 2060 1017 2092 diu
1050 2071 1164 2101 passus

213 2110 291 2143 erat,
314 2105 464 2136 liberare:
489 2104 543 2136 sed
567 2114 631 2135 non
655 2107 763 2135 tamen
786 2102 914 2143 plenam
937 2107 967 2135 et
990 2104 1163 2144 perfectam

213 2147 305 2180 Sauli
328 2148 366 2179 de
389 2147 535 2179 hostibus
559 2146 723 2178 victoriam
748 2145 936 2177 concedere:
966 2145 1163 2187 quandoqui-

213 2190 285 2221 dem
309 2189 516 2231 proculdubio
545 2189 662 2230 dignus
686 2194 753 2220 erat
776 2188 881 2228 potius
909 2198 1033 2220 summa
1055 2189 1164 2220 confu-

214 2233 301 2264 sione
332 2238 363 2264 et
392 2233 553 2270 dedecore,
585 2233 669 2272 quod
700 2231 885 2262 Samuelem
915 2231 1073 2271 patienter
1100 2242 1163 2263 non

214 2281 437 2316 exspectasset.
462 2274 678 2314 Quamobrem
698 2273 787 2305 Deus
810 2274 869 2304 hac
892 2274 992 2314 ipsius
1011 2274 1164 2306 victoriae

212 2328 372 2349 remoram
401 2317 553 2353 iniiciens,
586 2327 658 2347 eum
688 2317 732 2347 ita
762 2316 904 2357 castigat,
935 2321 970 2348 ut
993 2317 1068 2348 velit
1091 2328 1163 2348 eum

214 2360 317 2392 adhuc
336 2360 402 2401 pati
420 2359 538 2400 aliquid
559 2369 577 2390 a
596 2359 789 2397 Philistaeis,
812 2359 865 2399 qui
884 2362 1038 2400 perpetuo
1057 2360 1163 2399 ipsum

213 2408 390 2443 torqueant,
421 2413 486 2433 non
511 2402 550 2432 ad
574 2412 693 2433 annum
724 2412 824 2432 unum
848 2406 904 2432 aut
934 2402 1079 2440 alterum,
1108 2402 1163 2433 sed

213 2445 365 2485 quamdiu
395 2455 494 2485 regno
517 2444 665 2484 potietur,
697 2443 780 2484 quod
804 2444 940 2475 obtinuit
963 2455 1062 2476 annos
1086 2455 1163 2485 qua-

214 2488 380 2529 draginta:
422 2497 458 2519 ac
498 2486 632 2527 proinde
665 2491 837 2527 perpetuas
870 2497 943 2518 cum
977 2487 1163 2519 Philistaeis

213 2531 326 2562 habuit
349 2529 609 2566 concertationes,
641 2534 671 2560 et
701 2528 830 2569 quidem
853 2540 888 2560 eo
912 2540 1012 2570 usque
1035 2541 1085 2561 res
1109 2530 1163 2561 de-

213 2574 313 2614 venit,
344 2578 378 2604 ut
401 2574 469 2613 ipse
500 2571 630 2603 tandem
658 2583 737 2603 cum
754 2572 818 2603 filio
841 2571 1020 2603 Ionathano
1043 2583 1061 2604 a
1084 2573 1162 2603 Phi-

212 2615 333 2648 listaeis
352 2626 462 2647 caesus
481 2619 513 2646 et
531 2614 651 2656 praelio
669 2614 759 2646 fusus
778 2615 968 2653 occubuerit,
993 2615 1162 2647 vehemen

1218 274 1266 300 ter
1296 269 1397 301 auctis
1428 269 1562 309 pcccatis
1592 270 1667 308 suis,
1700 278 1798 309 quum
1833 269 1975 299 maxime
2009 267 2101 299 illum
2135 267 2176 299 ad

1219 311 1323 342 Deum
1343 312 1487 343 converti
1507 317 1678 351 oporteret,
1701 318 1730 342 et
1750 311 1789 342 ad
1803 311 1864 342 Dei
1883 311 2068 351 obsequium
2088 321 2175 343 com-

1217 355 1300 394 poni.
1348 354 1410 385 Illc
1435 364 1510 384 vere
1533 359 1646 385 contra
1681 360 1808 395 peccata
1832 354 1970 394 peccatis
1993 353 2174 393 cumulans,

1217 402 1247 427 et
1271 401 1355 428 totus
1379 397 1410 427 in
1434 396 1497 427 illis
1530 397 1698 428 immersus
1729 397 1788 428 sibi
1812 397 1908 427 etiam
1933 396 2082 427 ultimum
2107 396 2176 427 exi-

1217 439 1297 469 tium
1321 439 1497 471 accersivit.
1543 439 1666 471 Idcirco
1690 440 1788 479 igitur
1811 439 1863 470 hic
1886 439 2003 470 dicitur
2022 438 2100 470 Saul
2126 449 2175 470 re-

1217 482 1349 513 cessisse
1372 491 1390 512 a
1413 481 1639 521 persequendis
1664 482 1818 513 hostibus.

1302 525 1464 564 Deinceps
1488 533 1563 554 vero
1587 525 1731 564 sequitur
1750 524 1885 555 duarum
1905 534 2013 554 rerum
2037 534 2174 563 summa,

1216 567 1355 607 primum
1386 567 1514 606 quidem
1546 566 1637 597 Sauli
1667 577 1803 607 regnum
1834 567 1989 597 obtinenti
2022 577 2174 607 prospere

1216 609 1324 640 omnia
1348 609 1557 641 successisse:
1588 614 1620 639 et
1651 619 1838 649 quoeunque
1861 609 1968 649 copias
1992 609 2084 640 duxit
2106 610 2174 641 vic-

1216 652 1329 683 toriam
1348 651 1387 683 de
1406 651 1549 682 hostibus
1567 656 1762 691 reportasse:
1787 651 1902 683 deinde
1921 662 1996 683 vero
2015 651 2173 691 quaedam

1215 694 1421 735 genealogiae
1441 694 1540 734 ipsius
1560 694 1715 734 repetitio.
1750 694 1834 725 Nam
1852 694 1925 726 licet
1944 694 2006 725 iam
2027 699 2100 725 ante
2124 695 2174 725 vi-

1216 737 1373 768 dissemus
1398 736 1530 768 Saulem
1561 747 1579 767 a
1602 737 1681 767 Kiso
1712 736 1842 768 duxisse
1865 741 1980 774 ortum,
2009 736 2173 767 nihilomi-

1217 791 1276 812 nus
1289 784 1396 811 tamen
1417 780 1468 810 hic
1488 780 1648 819 repetitur,
1672 784 1704 809 et
1722 779 1861 810 filiorum
1886 780 1997 819 ipsius,
2019 779 2175 810 filiarum-

1216 834 1277 863 que
1307 823 1404 854 etiam
1436 822 1568 853 nomina
1597 822 1840 861 exprimuntur:
1872 822 1949 862 quin
1980 829 2008 852 et
2033 821 2174 853 Abneris

1215 865 1370 906 principis
1394 864 1527 895 militiae
1550 865 1659 905 ipsius,
1684 869 1714 895 et
1734 864 1828 895 Neris
1851 864 2007 903 patruelis
2031 864 2110 896 Saul
2135 865 2172 895 fit

1215 908 1336 939 mentio
1359 907 1544 939 honorifica.
1580 907 1678 938 Porro
1702 907 1753 938 hie
1773 917 1881 938 sacrae
1905 907 2080 946 scripturae
2102 916 2173 938 mos

1216 957 1264 982 est
1287 955 1318 982 et
1341 950 1454 990 stylus,
1478 954 1512 980 ut
1535 960 1635 989 quum
1658 950 1696 980 de
1719 950 1757 980 iis
1778 950 1923 980 meminit
1943 949 1996 989 qui
2016 949 2069 980 diu
2089 949 2173 981 inter

1217 993 1362 1025 homines
1391 993 1530 1032 aliquam
1565 992 1753 1033 dignitatem
1788 992 2002 1027 obtinuerant,
2038 992 2084 1024 sic
2116 1002 2170 1023 eos

1215 1040 1381 1077 proponat,
1412 1039 1448 1066 ut
1480 1035 1595 1065 deinde
1624 1035 1724 1065 veluti
1759 1034 1893 1074 quodam
1929 1034 2065 1065 obducto
2099 1034 2171 1066 velo

1215 1083 1312 1119 tegat,
1344 1089 1382 1109 ne
1406 1079 1437 1109 in
1462 1077 1627 1108 hominum
1652 1077 1790 1117 amplius
1814 1077 1967 1108 memoria
1992 1081 2170 1108 versentur.

1216 1121 1365 1161 Exempli
1389 1121 1502 1161 gratia,
1525 1121 1570 1151 sie
1590 1119 1682 1152 Caini
1707 1119 1856 1157 sobolem,
1881 1120 1925 1151 sic
1945 1119 2103 1157 Ismaelis,
2127 1120 2172 1150 sic

1215 1165 1311 1195 etiam
1336 1163 1437 1195 Esavi
1461 1163 1700 1194 commemorari
1734 1162 1887 1200 videmus,
1920 1161 2002 1202 quod
2027 1162 2115 1192 Deus
2137 1162 2172 1193 in

1217 1206 1393 1238 Abrahami
1413 1206 1549 1246 gratiam
1569 1216 1662 1236 suum
1682 1206 1822 1236 savorem
1834 1205 1867 1235 in
1881 1204 1961 1235 duas
1981 1205 2173 1244 posteriores

1216 1249 1289 1281 illas
1323 1248 1461 1280 familias
1496 1248 1670 1279 effudisset.
1724 1247 1786 1278 sed
1820 1248 1949 1277 illarum
1981 1253 2104 1278 tantum
2136 1248 2173 1278 fit

1216 1292 1318 1323 obiter
1339 1292 1371 1322 in
1395 1291 1493 1322 saeris
1517 1291 1643 1327 mentio,
1676 1295 1710 1320 ut
1739 1290 1886 1330 deinceps
1915 1289 2076 1320 oblivione
2099 1300 2173 1330 qua-

1217 1335 1289 1366 dam
1320 1334 1539 1365 involvantur.
1592 1333 1643 1363 Ex
1673 1333 1788 1372 quibus
1820 1332 2006 1363 discendum
2042 1332 2170 1373 longius

1216 1388 1311 1418 quam
1332 1377 1365 1407 in
1386 1380 1585 1416 praesentem
1604 1375 1758 1406 mundum
1782 1376 1917 1406 intueri:
1941 1386 1980 1405 ne
2003 1375 2037 1405 in
2060 1385 2171 1406 eorum

1218 1430 1351 1451 numero
1381 1420 1481 1450 simus
1509 1418 1546 1450 de
1575 1418 1688 1458 quibus
1718 1418 1872 1458 propheta
1903 1418 1935 1448 in
1966 1417 2097 1449 Psalmo
2127 1418 2173 1448 lo-

1216 1464 1332 1503 quitur,
1356 1462 1409 1502 qui
1429 1462 1461 1493 in
1480 1461 1529 1492 his
1549 1461 1642 1492 terris
1661 1460 1795 1491 honores
1814 1465 1981 1500 quaerunt,
2005 1467 2036 1490 et
2054 1470 2171 1491 nomen

1216 1516 1311 1537 suum
1341 1505 1435 1545 longe
1466 1504 1591 1543 lateque
1623 1503 1753 1534 extendi
1784 1503 1913 1533 volunt:
1949 1513 1999 1541 ne,
2028 1503 2170 1542 inquam,

1216 1555 1281 1579 tam
1301 1547 1400 1579 stulta
1419 1546 1593 1587 cupiditate
1606 1546 1737 1577 honoris
1756 1546 1945 1585 flagremus:
1966 1544 2020 1576 sed
2033 1545 2171 1576 sufficiat

1217 1591 1307 1622 nobis
1330 1590 1450 1630 scripta
1479 1600 1547 1620 esse
1570 1589 1700 1620 nomina
1724 1592 1833 1618 nostra
1855 1588 1887 1618 in
1911 1588 1992 1618 libro
2015 1588 2111 1624 vitae,
2141 1592 2173 1618 et

1217 1645 1274 1665 nos
1304 1633 1338 1664 in
1368 1632 1430 1664 Dei
1457 1632 1597 1663 filiorum
1627 1631 1737 1662 haberi
1769 1641 1911 1661 numero.
1961 1630 2035 1661 Huc
2068 1630 2171 1671 igitur

1216 1676 1332 1707 animis
1363 1675 1480 1706 nostris
1510 1674 1589 1705 ferri
1620 1674 1780 1709 debemus,
1810 1683 1924 1713 nempe
1958 1673 1992 1703 in
2027 1677 2172 1712 paratam

1215 1719 1302 1750 illam
1326 1718 1417 1750 nobis
1438 1722 1600 1749 aeternam
1624 1716 1862 1747 haereditatem.
1898 1715 2007 1754 Quare
2027 1715 2109 1746 absit
2131 1715 2172 1746 iis

1215 1761 1419 1793 invideamus
1443 1771 1520 1800 quos
1544 1760 1669 1800 magnis
1693 1758 1731 1789 ad
1750 1764 1876 1798 tempus
1897 1762 2024 1789 evectos
2042 1757 2172 1789 honori-

1215 1805 1275 1836 bus
1305 1804 1337 1835 in
1369 1803 1488 1834 mundo
1520 1802 1720 1842 triumphare
1754 1801 1978 1840 conspicimus,
2003 1805 2034 1831 et
2057 1800 2173 1840 quibus

1216 1857 1294 1879 aura
1327 1846 1467 1878 secunda
1501 1845 1631 1885 aspirat,
1666 1854 1834 1883 rerumque
1872 1844 2014 1874 omnium
2045 1847 2174 1883 optatus

1216 1894 1362 1921 eventus.
1407 1889 1569 1919 Futurum
1599 1887 1684 1918 enim
1714 1891 1762 1917 est
1784 1890 1819 1916 ut-
1841 1890 2003 1916 momento
2027 1885 2080 1916 illa
2103 1885 2174 1916 feli-

1216 1933 1296 1964 citas
1318 1935 1458 1963 corruat.
1503 1930 1674 1962 Caeterum
1699 1934 1730 1960 et
1761 1929 1925 1959 terrestria
1948 1929 2009 1959 ista
2031 1938 2066 1960 ac
2090 1933 2172 1959 tem-

1215 1975 1344 2016 poraria
1374 1974 1527 2005 beneficia
1551 1973 1610 2003 Dei
1641 1982 1710 2003 esse
1732 1972 1764 2002 in
1788 1971 1910 2001 honore
1932 1975 2080 2011 oportere
2104 1980 2171 2001 ma-

1216 2018 1335 2059 gnique
1358 2017 1427 2048 fieri
1451 2016 1525 2047 hinc
1547 2020 1692 2055 apparet:
1717 2015 1790 2045 licet
1812 2023 1883 2044 eum
1906 2013 2128 2053 spiritualibus
2141 2017 2174 2044 et

1216 2061 1353 2092 aeternis
1375 2059 1491 2091 collata
1524 2059 1616 2098 parvi
1636 2057 1698 2088 sint
1718 2057 1880 2087 momenti.
1918 2056 2043 2086 Verum
2063 2062 2173 2086 tamen

1215 2103 1342 2134 nullum
1374 2113 1409 2134 ac
1441 2113 1480 2133 ne
1504 2100 1665 2131 tantillum
1689 2099 1815 2139 quidem
1840 2099 1901 2129 Dei
1925 2098 2114 2130 beneficium
2137 2098 2172 2128 in

1214 2146 1333 2178 caduca
1356 2150 1388 2176 et
1412 2143 1597 2175 transitoria
1620 2143 1681 2174 ista
1705 2142 1769 2172 vita
1794 2142 1883 2182 parvi
1907 2140 2087 2172 faciendum
2106 2145 2171 2172 est:

1215 2188 1269 2220 sed
1299 2188 1403 2228 potius
1438 2187 1470 2217 in
1505 2196 1629 2217 summo
1662 2184 1843 2215 habendum
1878 2184 2008 2221 honore,
2043 2190 2079 2215 ut
2109 2183 2172 2214 Dei

1215 2241 1332 2262 nomen
1362 2231 1395 2261 in
1426 2230 1492 2261 suis
1523 2229 1614 2259 donis
1643 2237 1769 2267 semper
1798 2227 2006 2267 glorificetur.
2060 2227 2101 2257 Et
2133 2225 2172 2256 de

1217 2274 1326 2306 Saulis
1349 2272 1538 2314 genealogia
1561 2271 1726 2301 haetenus.

1300 2315 1393 2355 Quod
1413 2315 1452 2345 ad
1466 2315 1627 2345 Abnerem
1653 2313 1776 2348 attinet,
1801 2310 1945 2351 pluribus
1968 2311 2118 2351 deinceps
2132 2311 2171 2342 de

1215 2359 1284 2400 ipso
1307 2357 1467 2399 agendum
1493 2362 1555 2387 est:
1588 2363 1617 2386 et
1647 2356 1717 2395 quis
1748 2354 1846 2394 ipsius
1874 2353 2117 2394 gubernationis
2140 2358 2173 2385 et

1215 2400 1503 2432 administrationis
1527 2398 1622 2429 fuerit
1645 2398 1767 2428 exitus:
1799 2395 1853 2428 sed
1883 2396 1937 2427 illa
1967 2397 2115 2428 tractatio
2139 2397 2172 2427 in

1215 2455 1307 2476 suum
1332 2444 1436 2474 locum
1459 2447 1507 2473 est
1530 2440 1710 2471 reiieienda.
1746 2439 1839 2478 Quod
1862 2449 1938 2470 vero
1961 2438 2078 2470 dicitur
2091 2438 2170 2470 Saul

1216 2485 1368 2527 quamdiu
1404 2495 1537 2524 reguum
1574 2483 1712 2514 obtinuit
1747 2482 1907 2513 continuis
1942 2482 2032 2513 bellis
2073 2482 2170 2513 fuisse

1215 2533 1395 2568 occupatus,
1420 2528 1451 2557 in
1471 2526 1583 2566 primis
1602 2524 1846 2561 observandum,
1866 2534 1927 2564 qua
1945 2525 2067 2555 ratione
2080 2524 2172 2556 Deus

1216 2571 1366 2612 populum
1398 2579 1492 2601 suum
1515 2568 1704 2604 exercuerit,
1739 2568 1834 2598 etiam
1858 2577 1956 2607 quum
1982 2578 2057 2598 suae
2081 2567 2172 2599 boni-

1216 2614 1291 2645 tatis
1315 2623 1392 2653 erga
1414 2612 1520 2652 ipsum
1545 2621 1605 2641 nou
1631 2610 1728 2641 dubia
1751 2610 1843 2650 signa
1865 2610 1961 2640 dedit.
1996 2610 2101 2642 Antea
2125 2614 2173 2644 vi-
