2551 3044
142 193 201 224 457

142 288 238 319 batur
267 287 370 327 ipsum
397 285 487 317 Sauli
519 283 700 314 tradituros.

144 335 191 361 ost
216 330 383 361 hominum
406 325 603 368 ingratitudo
627 325 658 354 in
684 322 895 357 Ceilensibus,
921 322 971 360 qni
999 321 1098 351 Davi-

145 373 226 410 dem,
260 382 278 402 a
311 382 372 411 quo
408 369 590 409 nuperrime
623 375 749 397 summo
786 365 938 395 beneficio
973 364 1127 394 fuerant<

144 415 248 447 affecti
279 412 437 453 prodituri
461 412 556 442 fuisse
579 409 740 440 dicuntur.
787 407 868 437 Nam
894 417 991 446 quum
1017 406 1100 436 obsi-

144 457 237 488 dione
256 460 488 496 premerentur,
513 459 543 482 et
562 452 704 482 faucibus
723 451 866 489 ipsorum
888 460 974 480 mors
998 449 1101 478 immi·
1125 473 1127 491 ς

145 505 250 538 neret,
281 498 431 537 nullaque
460 505 532 535 spes
562 494 674 525 salutis
706 499 891 532 appareret,
924 491 1028 521 David
1061 502 1099 521 ex
1125 496 1127 504 ¹

143 541 324 581 improviso,
349 549 450 579 neque
474 543 603 576 rogatus
626 536 811 571 advenerat,
836 536 889 565 sed
916 534 1000 564 ultro
1023 534 1101 573 ipsis

143 583 359 616 laborantibus
388 580 542 612 auxilium
567 579 696 615 tulerat,
726 578 804 608 adeo
828 585 861 607 nt
887 577 946 617 ipsi
971 586 1102 616 magno-

143 636 217 666 pere
247 624 388 655 devincti
420 630 535 658 essent,
566 626 598 652 et
628 622 761 660 quaevis
785 631 841 660 pro
866 620 933 659 ipso
959 619 1101 658 pericula

141 669 248 700 subire
289 670 486 697 tenerentur.
542 664 625 695 Nam
667 663 784 703 exigua
826 662 966 693 militum
1003 672 1100 692 manu

140 712 255 751 ingens
275 709 413 740 hostium
433 718 547 748 agmen
567 706 763 746 profligarat,
787 712 816 735 et
838 706 935 735 vitani
962 704 1101 744 periculo

141 752 340 784 imminentis
360 751 473 781 mortis
492 749 660 786 obiecerat,
684 748 850 788 suppetias
870 749 948 787 ipsis
969 747 1100 777 laturus.

141 796 249 836 Quare
283 805 346 825 non
383 793 534 824 videntur
567 791 630 831 ipsi
665 792 743 821 satis
783 801 935 829 magnam
979 790 1101 820 referre

140 838 276 879 gratiam
302 837 340 867 de
365 842 455 866 tanto
480 840 608 874 accepto
629 833 782 864 beneficio
806 834 962 873 potuisse:
987 843 1100 862 verum

142 891 247 912 tamen
269 879 374 910 triduo
394 885 463 918 post
482 884 647 916 acceptum
666 876 855 907 beneficium
877 885 977 915 quum
998 874 1102 915 parati

141 929 217 955 sunt
258 922 492 953 benefactorem
533 920 565 950 in
602 919 704 950 hostis
739 924 929 958 potestatem
966 918 1103 955 tradere,

141 976 247 997 nonne
277 974 421 996 summae
449 961 693 1002 ingratitudinis
717 972 788 992 cum
814 971 940 991 summa
963 960 1101 991 crudeli-

140 1014 206 1039 tate
243 1007 432 1039 coniunctae
460 1007 504 1036 rei
537 1005 610 1036 facti
642 1011 727 1035 sunt.
781 1004 845 1035 scd
877 1004 936 1034 ista
966 1014 1102 1034 comme-

140 1057 307 1082 morantur
327 1049 442 1081 idcirco
462 1056 499 1079 ut
522 1046 749 1078 benefaciendo
773 1047 932 1077 discamus
957 1046 1103 1076 homines

140 1104 203 1125 non
244 1092 377 1123 intueri:
422 1089 681 1131 quandoquidem
723 1089 902 1120 mercedem
945 1089 997 1119 hic
1038 1098 1100 1118 non

140 1136 291 1167 debemus
322 1139 519 1174 exspectare.
564 1133 637 1163 Non
669 1132 767 1163 semel
794 1132 900 1162 David
925 1142 982 1171 pro
1009 1131 1101 1161 bene-

140 1179 231 1210 factis
264 1178 396 1208 iniurias
432 1186 542 1216 passus
576 1180 633 1210 est,
668 1182 699 1205 et
730 1186 784 1215 spe
809 1175 948 1211 delusus,
983 1181 1013 1204 et
1044 1184 1101 1213 pro

142 1222 222 1253 bono
258 1220 376 1251 malum
408 1220 466 1258 ipsi
499 1229 668 1257 repensum
701 1223 766 1255 est,
804 1217 858 1248 sed
891 1217 1101 1247 nihilominus

141 1271 248 1295 tamen
271 1263 304 1293 in
327 1262 493 1293 vocatione
515 1260 666 1300 perstitit.
701 1260 788 1291 Hinc
812 1261 918 1299 itaque
941 1260 1102 1290 discamus

139 1306 279 1337 fideliter
309 1305 346 1335 ad
379 1303 590 1344 quodcunque
620 1313 698 1342 opus
722 1302 812 1333 Deus
844 1314 902 1333 nos
926 1302 1100 1339 vocaverit,

139 1358 269 1389 operam
301 1354 443 1378 nostram
467 1357 598 1384 navare,
622 1352 850 1386 cognoscentes
875 1356 931 1376 nos
955 1345 1029 1376 licet
1053 1345 1101 1375 in-

140 1391 240 1433 gratis
270 1395 302 1422 et
330 1389 472 1430 indignis
496 1388 688 1425 hominibus,
722 1388 799 1419 1111111
826 1387 1006 1423 debeamus,
1031 1387 1102 1418 Deo

140 1440 247 1465 tamen
277 1444 333 1464 nos
363 1432 531 1464 devinctos
561 1442 646 1469 esse,
679 1432 729 1462 cui
762 1431 893 1462 omnino
923 1430 1102 1471 parendum

141 1482 197 1509 est.
233 1477 279 1507 Ac
297 1476 323 1507 si
347 1475 451 1507 officio
476 1480 585 1506 nostro
609 1473 752 1505 defuncti
776 1474 917 1513 patimur
941 1473 979 1504 ab
1003 1473 1104 1504 homi-

139 1519 235 1550 nibus
259 1518 535 1559 ingratitudinem,
559 1523 589 1548 et
613 1517 632 1547 ii
657 1528 736 1556 quos
761 1516 850 1547 nobis
875 1516 985 1547 multis
1009 1515 1102 1546 bene-

142 1563 223 1593 ficiis
252 1561 513 1596 devinxeramus,
545 1570 602 1591 nos
626 1570 683 1600 pro
708 1559 875 1590 referenda
899 1559 1003 1599 gratia
1026 1569 1102 1589 con-

142 1605 282 1635 tumeliis
312 1611 344 1634 et
373 1604 500 1634 iniuriis
531 1602 693 1633 afficiunt:
727 1613 765 1633 ne
789 1601 907 1634 idcirco
931 1608 1040 1632 tamen
1063 1601 1103 1631 ab

141 1648 267 1687 incepto
297 1647 498 1681 desistamus,
529 1646 583 1676 sed
616 1645 765 1676 alacriter
792 1653 982 1685 pergamus:
1014 1650 1046 1674 et
1077 1644 1102 1674 si

142 1695 259 1721 natura
294 1695 401 1720 nostra
431 1688 642 1729 repugnavit,
674 1693 784 1728 utpote
814 1688 958 1724 infirma,
997 1687 1103 1718 Deum

141 1742 308 1773 precemur
336 1732 382 1763 uti
407 1742 466 1762 nos
488 1732 556 1771 ipse
579 1737 671 1770 regat
694 1737 726 1761 et
749 1732 780 1761 in
801 1731 903 1761 officio
930 1732 1102 1761 contineat.

141 1776 235 1807 Hanc
254 1774 294 1805 ob
312 1785 439 1806 causam
453 1774 574 1805 Paulus
597 1773 708 1804 fideles
732 1774 923 1804 exhortatur
947 1783 986 1803 ne
1011 1773 1105 1803 bene-

141 1818 285 1849 faciendo
309 1817 478 1848 declinent.
520 1816 664 1847 Noverat
689 1817 772 1846 enim
796 1816 851 1846 ille
872 1826 966 1856 quam
991 1815 1104 1846 multis

141 1869 173 1892 ct
191 1871 285 1901 qnam
306 1861 402 1891 variis
422 1859 641 1891 occasionibus
665 1858 811 1889 homines
835 1859 873 1889 ab
897 1859 1002 1889 officio
1026 1868 1103 1888 avo-

140 1909 270 1935 centur:
294 1913 393 1942 quum
414 1902 602 1942 praesertim
626 1903 756 1932 inanem
780 1912 909 1941 operam
934 1911 968 1931 se
992 1900 1103 1931 ludere

141 1946 199 1978 sibi
231 1945 433 1985 persuadent,
465 1952 496 1975 et
520 1946 709 1984 praesertim
734 1945 760 1975 si
784 1955 841 1983 pro
866 1944 1102 1974 benefactorum

141 1989 408 2029 compensatione,
440 1988 582 2021 iniurias,
614 1994 644 2018 et
670 1987 882 2018 contumelias
905 1992 1104 2026 exspectent,

141 2037 173 2063 et
203 2043 265 2062 non
298 2036 423 2061 tantum
447 2030 583 2061 iniurias
607 2029 660 2061 sed
687 2030 782 2060 etiam
808 2030 996 2069 saepissime
1020 2040 1102 2059 mor-

141 2080 204 2106 tem
234 2075 336 2114 ipsam
367 2074 388 2103 ii
418 2073 452 2103 in
486 2083 564 2113 quos
588 2073 689 2104 multa
712 2078 790 2104 sunt
812 2072 927 2103 collata
950 2072 1105 2103 beneficia

141 2123 295 2157 tanquam
346 2117 379 2146 in
432 2115 580 2146 inimicos
626 2115 873 2155 capitalissimos
919 2115 1103 2145 moliantur.

142 2159 265 2190 Paulus
307 2159 404 2198 igitur
438 2164 565 2189 tantum
601 2158 768 2189 hominum
805 2158 1038 2197 malignitatem
1074 2162 1105 2187 et

143 2201 410 2242 ingratitudinem
442 2201 719 2239 animadvertens,
749 2202 809 2238 ait,
841 2211 908 2239 nos,
938 2199 1105 2240 quidquid,

145 2243 296 2276 acciderit
325 2249 472 2283 oportere
504 2244 665 2284 patienter
694 2243 757 2274 ista
787 2243 935 2279 tolerare,
966 2248 997 2273 et
1022 2254 1105 2273 nun—

145 2297 240 2326 quam
271 2285 499 2317 benefaciendo
530 2286 712 2326 defatigari,
742 2291 774 2316 et
797 2286 904 2317 Deum
929 2286 1034 2325 ipsum
1060 2286 1106 2315 in-

146 2333 272 2360 tuentes
294 2329 402 2359 oeulos
425 2329 463 2360 ab
486 2329 635 2360 omnibus
658 2329 697 2359 iis
720 2329 834 2368 quibus
859 2328 898 2359 ab
921 2328 1027 2359 officio
1051 2327 1104 2358 de-

146 2377 349 2408 terreremur,
374 2379 530 2403 avertere.

234 2415 339 2453 Atque
379 2413 535 2445 hactenus
568 2413 607 2445 de
640 2413 837 2445 Ceilensium
871 2412 1106 2453 ingratitudine

148 2456 305 2487 adversus
327 2455 493 2491 Davidem,
523 2467 619 2496 quem
648 2467 743 2488 suum
768 2462 876 2487 tamen
900 2456 1106 2487 liberatorem

148 2497 317 2538 perfidiose
345 2498 376 2529 in
400 2498 508 2530 Saulis
538 2499 639 2530 hostis
662 2499 762 2539 ipsius
787 2509 901 2530 manus
925 2504 1019 2529 erant
1042 2504 1106 2528 tra-

149 2541 258 2572 dituri.
302 2540 402 2571 Porro
429 2541 590 2573 subtiliter
613 2552 676 2573 non
701 2547 750 2573 est
773 2541 1013 2581 disputandum,
1037 2541 1106 2571 fue-

148 2584 257 2614 rintne
286 2582 333 2614 illi
357 2582 514 2615 Davidem
539 2594 598 2615 nec
622 2595 661 2615 ne
684 2584 844 2622 tradituri,
870 2584 896 2615 si
921 2583 1029 2614 Saulis
1053 2583 1107 2613 ad-

149 2631 280 2657 ventum
294 2631 518 2665 exspectasset,
541 2627 574 2656 in
587 2637 651 2666 qua
671 2631 778 2658 tamen
797 2627 899 2658 otiosa
920 2626 1108 2666 quaestione

783 187 828 217 IN
855 186 877 217 I.
904 185 991 216 LIB.
1016 184 1213 216 SAMUEL.
1240 184 1335 215 CAP.
1360 185 1489 216 XXIII.

750 280 873 311 Deinde
904 284 935 309 et
960 278 1099 309 notanda
1124 288 1126 294 ’

2050 182 2110 212 453

1153 277 1244 307 multi
1264 279 1311 308 5111
1332 278 1452 318 ingenii
1473 288 1605 309 acumen
1626 277 1808 318 sophisticis
1828 275 2111 317 imaginationibus

1153 325 1314 351 ostentare
1338 322 1450 351 solent.
1492 322 1660 360 Quaerunt
1685 321 1769 350 enim
1795 320 1924 360 quinam
1950 319 2018 349 fieri
2040 328 2111 357 pos-

1153 363 1191 391 sit
1228 371 1259 393 ut
1299 364 1402 393 David
1439 370 1509 403 post,
1539 364 1703 394 liberatam
1738 364 1848 393 urbem
1881 362 1918 392 ab
1947 360 2112 392 obsidione

1155 405 1399 436 Pliilistinorum
1432 406 1614 445 prodendus
1647 407 1740 436 fucrit
1771 406 1809 435 ab
1842 404 1968 441 ineolis,
2000 411 2053 434 aut
2078 410 2113 433 ut

1154 448 1220 486 ipse
1263 448 1364 478 victor
1402 456 1467 488 post
1511 449 1695 488 profligatos
1735 448 1843 478 hostes
1877 447 1987 477 urbem
2024 446 2112 476 exire

1154 497 1294 529 cogatur,
1326 492 1407 529 quod
1440 492 1555 521 rationi
1588 492 1680 531 plane
1711 500 1889 530 repugnare
1914 489 2111 519 existimant.

1155 532 1218 562 Sed
1251 533 1571 572 inconiprvlicnsibile
1596 534 1685 564 nobis·
1712 533 1770 563 Dei
1795 532 1960 563 consilium
1988 531 2038 561 hic
2061 531 2112 561 01)-

1154 576 1349 605 servandum
1383 582 1439 612 cst,
1469 577 1506 606 ‹le
1538 578 1574 607 i1s
1604 587 1682 615 (111110
1714 576 1899 614 contingere
1930 581 2111 614 potuerunt.

1154 617 1235 647 Nam
1266 628 1471 657 quaecunque
1497 619 1641 649 11011111105
1665 618 1841 649 accidentia
1865 617 1973 647 dicunt
1998 622 2027 646 et
2053 618 2112 646 tor-

1154 660 1244 697 mita,
1269 666 1343 690 sunt
1369 666 1474 691 tamen
1500 661 1753 692 c‹=1·tissimal)0i
1778 661 1916 695 decreta,
1942 667 1977 689 ut
2000 660 2025 689 si
2052 658 2111 688 Dei

1153 702 1322 733 consilium
1355 704 1558 743 inspicimus,
1590 704 1669 734 nihil
1701 704 1831 734 0111111110
1861 713 1936 733 casu
1969 702 2016 732 vel
2053 701 2113 731 for-

1154 747 1234 775 tuito
1258 746 1326 775 fieri
1351 753 1471 776 certum
1497 747 1555 776 sit:
1586 746 1639 776 scd
1665 757 1761 785 quum
1786 756 1898 776 sensus
1924 744 2023 775 nostri
2048 754 2111 773 non

1154 788 1279 827 possint
1318 796 1447 827 proptor
1484 789 1671 819 tenuitatem
1705 796 1767 818 tam
1800 789 1865 818 alta
1896 794 1927 818 et
1958 785 2113 827 profunda

1155 830 1217 860 Dei
1252 830 1371 861 iudicia
1407 832 1608 870 perscrutari,
1644 841 1724 870 quae
1760 841 1822 861 non
1858 830 2000 870 capiunt,
2035 828 2112 868 ipsis

1155 879 1230 903 sunt
1261 873 1431 903 adoranda.
1478 875 1647 904 Caeterum
1673 874 1705 903 in
1729 873 1910 904 istiusmodi
1934 872 2112 911 scripturae

1155 916 1327 956 phrasibus
1358 916 1591 946 observandum
1618 916 1722 946 Deum
1756 926 1788 946 se
1813 915 1851 946 ad
1877 915 1977 945 nostri
2001 920 2112 953 captus

1155 958 1319 989 modulum
1347 959 1596 996 accommodare,
1629 959 1726 988 veluti
1751 969 1847 997 quum
1873 958 1949 988 dicit
1972 957 1997 987 si
2022 966 2111 986 man-

1155 1002 1234 1032 seris
1253 1001 1285 1031 in
1307 1000 1385 1031 urbo
1408 1001 1564 1038 1110110115,
1589 1001 1634 1030 sin
1656 1012 1731 1031 vere
1755 1001 1904 1036 exiveris,
1931 1001 2013 1030 vitae
2038 1005 2113 1028 tuae

1155 1044 1313 1074 consules.
1348 1043 1444 1083 Atqui
1471 1051 1561 1074 extra
1585 1054 1679 1073 omne
1703 1043 1835 1074 dubium
1861 1049 1909 1072 est
1933 1043 2002 1072 Deo
2027 1051 2112 1071 com-

1153 1094 1280 1126 pertum
1309 1098 1377 1117 esse
1401 1086 1550 1126 quamdiu
1576 1097 1633 1116 nos
1657 1087 1688 1116 in
1713 1087 1806 1116 terris
1832 1086 1909 1115 velit
1934 1086 2051 1120 vivere,
2083 1090 2113 1113 et

1154 1129 1271 1159 habere
1314 1129 1454 1159 rationes
1490 1130 1605 1168 quibus
1640 1129 1739 1159 vitam
1776 1135 1918 1159 1105111111
1957 1132 2112 1167 protegat,

1153 1171 1207 1202 sed
1232 1178 1339 1202 tamen
1365 1172 1453 1202 Deus
1479 1172 1545 1201 vult
1570 1182 1625 1202 nos
1650 1172 1735 1201 intra
1760 1181 1944 1201 mensuram
1967 1175 2112 1199 nostram

1154 1215 1303 1245 retineri:
1329 1214 1410 1245 hanc
1434 1214 1472 1245 ob
1496 1225 1623 1245 causan]
1646 1225 1743 1253 quum
1770 1214 1927 1244 Dominus
1951 1211 2027 1243 dicit
2048 1211 2114 1241 Da-

1155 1257 1271 1293 videm,
1302 1257 1328 1287 si
1361 1258 1529 1288 mansisset
1562 1258 1594 1287 in
1625 1257 1702 1287 urbe
1726 1256 1815 1287 Ceila
1844 1256 1941 1286 fuisse
1974 1253 2112 1294 proden-

1154 1300 1230 1330 dum
1245 1300 1283 1331 ab
1296 1300 1417 1335 incolis,
1440 1311 1503 1330 non
1518 1298 1764 1339 intelligendum
1778 1304 1827 1329 est.
1847 1297 1938 1338 quasi
1951 1296 2112 1327 Dominus

1154 1354 1218 1374 non
1249 1347 1357 1382 posset
1388 1343 1482 1373 aliter
1511 1343 1688 1381 disponere,
1721 1348 1752 1371 et
1780 1341 1903 1371 animos
1934 1340 2111 1370 incolarum

1154 1386 1292 1425 flectere,
1317 1384 1371 1416 sed
1386 1384 1492 1415 Deum
1513 1385 1675 1415 monuisse
1691 1383 1847 1414 Davidem
1873 1383 1909 1413 de
1933 1382 2114 1413 incolarum

1154 1428 1289 1468 perfidia
1317 1439 1356 1458 nc
1388 1432 1507 1458 temere
1530 1438 1564 1458 se
1587 1427 1665 1467 ipsis
1689 1427 1913 1457 committeret.
1960 1423 2114 1463 Quando-

1155 1470 1285 1510 quidem
1314 1470 1414 1508 igitur
1438 1470 1526 1500 Deus
1559 1470 1634 1509 quid
1666 1470 1747 1499 facto
1778 1469 1868 1499 nobis
1897 1478 1975 1507 opus
1999 1468 2040 1498 sit
2064 1466 2114 1496 dc-

1155 1514 1262 1547 clarct,
1295 1512 1561 1553 quemadmodum
1595 1514 1625 1542 111
1657 1512 1754 1543 sacris
1782 1512 1882 1551 ipsius
1912 1509 2113 1550 providentia

1155 1556 1248 1587 nobis
1269 1556 1379 1586 multis
1400 1556 1474 1586 locis
1494 1555 1692 1591 describitur,
1712 1564 1914 1593 summopere
1933 1551 2114 1584 cavendum

1155 1604 1203 1630 est
1228 1609 1267 1629 ne
1287 1604 1406 1629 temere
1426 1598 1526 1628 nubes
1541 1598 1625 1637 ipsas
1643 1597 1885 1627 transscendere
1910 1595 2055 1631 velimus,
2079 1600 2115 1624 ut

1157 1642 1249 1672 mult-i
1274 1641 1402 1672 fanatici
1428 1641 1573 1671 homines
1597 1640 1752 1679 quidlibet
1777 1646 1897 1668 temere
1921 1637 2116 1678 aggrediun—

1156 1690 1218 1721 tur,
1243 1684 1297 1715 sed
1318 1684 1421 1724 potius
1441 1684 1472 1714 in
1494 1683 1709 1714 sollicitudine
1728 1680 1959 1712 ambulandum
1983 1686 2014 1710 et
2039 1678 2115 1718 quid

1156 1727 1259 1759 nostri
1284 1728 1324 1758 sit
1347 1726 1453 1761 officii,
1486 1726 1604 1765 quidve
1630 1725 1719 1755 Deus
1743 1723 1917 1763 praecipiat
1941 1723 2115 1762 diligenter

1155 1769 1400 1810 inquirendum,
1440 1769 1569 1799 interim
1608 1775 1694 1798 certo
1733 1766 1878 1807 persuasi
1909 1766 1975 1795 vias
2004 1775 2115 1795 omnes

1156 1818 1283 1844 nostras
1311 1812 1343 1842 in
1368 1811 1500 1842 Domini
1531 1821 1626 1841 manu
1659 1820 1737 1849 0550,
1763 1809 1846 1848 quod
1871 1809 1939 1848 ipse
1963 1808 2020 1838 sibi
2046 1812 2113 1836 tan-

1156 1867 1253 1896 quam
1282 1856 1445 1895 proprium
1477 1854 1603 1891 retinet,
1632 1853 1698 1883 vita
1729 1862 1860 1882 suorum
1884 1852 1966 1881 tueri
1990 1858 2022 1880 et
2045 1859 2117 1881 con-

1156 1909 1295 1930 servare.
1352 1897 1594 1928 Ambulandum
1635 1896 1733 1935 igitur
1774 1894 1865 1924 nobis
1905 1900 1953 1924 est
1985 1892 2017 1923 in
2054 1892 2116 1923 viis

1156 1941 1297 1977 Domini,
1330 1939 1360 1970 id
1389 1945 1438 1971 est
1467 1939 1545 1969 nihil
1578 1945 1696 1969 temere
1727 1936 1978 1976 suscipiendum,
2003 1934 2057 1966 sed
2083 1935 2115 1964 11]

1157 1984 1288 2014 Domini
1320 1982 1477 2013 mandatis
1507 1992 1576 2012 cum
1609 1982 1721 2011 timore
1743 1987 1773 2009 et
1798 1979 1979 2010 reverentia
2003 1977 2115 2008 ambu-

1157 2026 1296 2057 landum.

1242 2069 1457 2099 Transeamus
1477 2066 1515 2098 ad
1535 2077 1571 2097 ea
1595 2076 1673 2105 quae
1693 2070 1883 2103 sequuntur,
1902 2063 2019 2103 quibus
2039 2062 2116 2093 dici-

1156 2116 1209 2143 tur
1232 2110 1313 2143 Saul
1342 2115 1508 2150 postquam
1533 2108 1710 2139 audivisset
1731 2105 1889 2137 Davidem
1915 2106 2054 2136 exivisse
2079 2105 2117 2135 de

1157 2154 1248 2186 001111
1282 2159 1312 2185 et
1342 2158 1507 2184 servatum
1539 2162 1615 2186 esse,
1648 2151 1686 2181 ab
1717 2150 1845 2189 incepto
1874 2148 2046 2185 destitisse,
2077 2159 2116 2178 ex

1158 2198 1273 2238 quibus
1304 2200 1435 2236 apparet
1459 2205 1521 2225 non
1547 2194 1615 2225 sine
1639 2203 1734 2224 causa
1757 2191 1863 2222 Deum
1887 2190 2005 2221 Davidi
2031 2199 2115 2230 pate-

1158 2240 1277 2277 fecisse,
1301 2239 1367 2269 fore
1390 2244 1426 2269 ut
1449 2238 1476 2268 si
1500 2238 1532 2267 in
1557 2236 1634 2267 urbe
1659 2235 1749 2266 Ceila
1771 2239 1952 2265 remaneret
1978 2234 2016 2264 ab
2040 2233 2118 2272 ipsis

1158 2283 1270 2314 incolis
1300 2281 1493 2322 proderetur
1524 2285 1556 2309 et
1585 2279 1617 2309 in
1643 2277 1750 2309 Saulis
1782 2287 1897 2307 manus
1920 2276 2116 2306 traderetur:

1160 2325 1369 2356 nihilominus
1400 2331 1507 2353 tamen
1538 2322 1612 2352 hinc
1642 2324 1775 2360 apparet
1800 2319 1904 2350 Deum
1927 2319 2025 2349 variis
2048 2319 2117 2358 qui-

1159 2369 1230 2399 dem
1262 2367 1363 2398 modis
1394 2376 1467 2397 suos
1496 2365 1675 2405 explorare,
1705 2362 1760 2393 sed
1791 2368 1899 2392 tamen
1929 2362 1975 2392 sic
2006 2371 2118 2391 omnes

1159 2411 1288 2441 illorum
1313 2409 1507 2440 tentationes
1531 2406 1698 2440 moderari,
1721 2411 1758 2436 ut
1780 2405 1901 2436 bonum
1924 2404 2048 2435 exitum
2072 2404 2117 2433 fa·

1159 2454 1230 2489 ciat,
1260 2458 1291 2483 et
1322 2461 1486 2492 nunquam
1511 2449 1698 2489 permittere
1722 2451 1757 2478 ut
1779 2446 1890 2478 fideles
1913 2457 2011 2486 supra
2036 2446 2120 2476 vires

1159 2496 1356 2535 affligantur:
1403 2493 1485 2524 Nam
1516 2492 1645 2522 obsecro
1669 2490 1739 2529 quis
1763 2489 1869 2520 effecit
1892 2493 1927 2521 ut
1950 2488 2030 2520 Saul
2053 2488 2117 2518 iam

1160 2538 1301 2570 collectis
1320 2536 1450 2572 viribus,
1474 2542 1503 2565 et
1529 2535 1566 2565 ad
1591 2534 1652 2564 iter
1674 2533 1845 2569 accinctus,
1869 2531 2005 2572 gradum
2031 2541 2118 2561 revo-

1161 2587 1257 2618 caret,
1282 2586 1313 2611 et
1333 2580 1371 2611 ab
1395 2580 1520 2617 incepto
1543 2574 1732 2607 desisteret?
1755 2580 1788 2606 et
1809 2585 1907 2614 quum
1921 2573 2039 2604 Davidi
2063 2574 2118 2603 vix

1162 2624 1252 2655 locus
1281 2628 1376 2659 esset,
1407 2631 1468 2661 quo
1500 2621 1634 2660 fugeret,
1665 2624 1697 2649 et
1727 2617 1767 2649 ad
1791 2617 1983 2648 Philistaeos
2006 2615 2117 2647 consu-
