2551 3044
330 215 388 246 251
1150 210 1351 242 HOMILIA
1378 209 1483 241 LXV.
2240 212 2302 244 252

327 316 401 340 rant
425 315 519 338 antea
539 305 699 337 Davidem
724 316 787 336 non
809 306 1013 346 agnoverint.
1059 304 1223 344 Quidquid
1246 306 1289 335 sit
1312 308 1315 314 “

326 362 389 383 non
422 359 518 389 parva
551 349 730 380 tentatione
754 347 915 380 Davidem
941 350 1088 380 affectum
1114 347 1289 378 verisimile

326 402 383 430 est,
408 403 505 432 quum
530 402 564 422 se
588 402 651 422 non
679 391 810 432 agnosci
840 393 1047 432 conspiceret.
1093 390 1287 430 Quanquam

327 447 390 467 non
418 435 624 466 vehementer
649 434 739 464 illum
764 433 803 465 de
825 444 862 465 eo
890 434 1034 465 laborare
1064 433 1285 472 conspicimus.

326 479 438 518 Neque
461 478 545 508 enim
572 477 638 517 regi
659 476 874 507 ministerium
899 487 994 508 suum
1014 476 1187 516 superioris
1207 482 1285 506 tem-

326 522 410 561 poris
452 519 635 560 exprobrat.
682 520 723 550 Et
759 529 836 550 sane
871 520 986 551 merito
1021 526 1143 558 poterat
1181 516 1313 554 David,

327 564 459 595 Saulem
491 561 733 603 ingratitudinis
764 572 924 601 accusare,
955 562 1005 592 his
1028 562 1147 592 verbis:
1172 560 1286 591 Nonne
1310 563 1313 592 ἑ

326 616 359 638 tu
382 617 432 637 me
454 607 551 646 probe
571 604 679 635 nosti?
701 615 808 635 nonne
827 605 855 636 is
873 615 931 645 ego
950 615 1020 635 sum
1042 614 1135 644 quem
1155 614 1171 634 e
1191 603 1285 634 domo
1310 615 1312 619 ·

325 657 459 690 paterna
488 648 639 682 evocasti,
671 654 705 678 ut
735 657 842 678 coram
874 654 903 678 te
933 647 1091 678 citharam
1114 647 1284 686 pulsarem,

326 692 402 723 dum
438 699 468 722 te
502 691 605 721 malus
639 690 770 730 spiritus
804 689 968 730 exagitat?
1015 689 1129 720 Nonne
1162 699 1220 729 ego
1255 695 1286 719 te

327 745 421 774 saepe
454 744 526 766 sum
557 733 729 764 comitatus
759 739 791 763 et
820 733 960 773 armiger
989 739 1064 763 tuus
1092 731 1158 762 fui?
1219 730 1283 763 Sed

327 778 399 809 istis
434 776 582 807 omnibus
616 776 780 806 abstinens
814 775 1003 815 simpliciter
1037 774 1214 814 respondet,
1252 785 1285 805 sc

327 821 390 852 Isai
427 819 684 850 Bethlehemitae
718 818 820 849 filium
853 828 922 849 csse
955 818 1038 849 servi
1073 818 1181 856 ipsius.
1234 816 1283 847 Ex

328 863 443 903 quibus
463 868 596 902 apparet
616 861 773 892 Davidem
794 871 859 891 nen
879 871 911 892 se
931 859 1102 891 admodum
1121 869 1284 891 commen-

327 906 427 942 dasse,
448 915 548 944 neque
569 911 695 944 optasse
716 903 825 939 videri,
846 914 948 944 neque
969 913 1063 943 aegre
1082 902 1194 933 tulisse
1213 907 1285 941 post

327 948 447 988 aliquot
477 947 601 978 dierum
634 946 847 977 ministerium
878 957 941 977 non
966 947 1104 986 agnosci,
1135 950 1166 976 et
1187 954 1284 984 quae-

327 992 421 1023 sitam
467 990 556 1030 prius
597 990 734 1030 gratiam
772 996 933 1020 momento
967 988 1145 1019 evanuisse.
1191 987 1285 1019 Unde

326 1033 507 1074 colligimus
541 1032 632 1063 illum
664 1042 728 1063 non
759 1032 798 1063 ab
823 1031 1004 1062 hominibus
1028 1030 1204 1061 mercedem
1229 1040 1283 1061 ex-

326 1076 532 1117 spectavisse.
568 1085 664 1116 quam
700 1074 820 1105 nullam
855 1080 909 1105 aut
943 1074 1092 1113 exiguam
1125 1074 1189 1104 fore
1219 1073 1285 1103 ani-

326 1118 562 1150 madvertebat:
594 1117 648 1148 sed
679 1128 697 1148 a
722 1117 853 1148 Domini
879 1117 1026 1151 bonitate,
1058 1126 1151 1156 quam
1177 1123 1284 1146 tamen

327 1163 387 1193 sibi
409 1172 471 1192 uon
491 1160 599 1192 deberi
619 1160 696 1191 satis
715 1160 916 1200 agnoscebat.
962 1159 1060 1198 Atqui
1080 1158 1160 1189 Saul
1179 1159 1284 1198 ipsum

327 1205 475 1245 precibus
498 1204 536 1234 ab
561 1203 622 1234 Isai
648 1209 738 1242 patre
758 1202 894 1233 Davidis
914 1202 1104 1233 obtinuerat.
1138 1201 1219 1232 Nam
1240 1202 1285 1231 in-

327 1249 413 1288 quit:
448 1246 520 1278 Stet
552 1246 658 1277 David
683 1247 715 1276 in
739 1251 910 1285 conspectu
934 1254 1022 1275 meo:
1053 1245 1174 1274 invenit
1199 1244 1283 1274 enim

327 1291 463 1331 gratiam
502 1290 534 1320 in
565 1288 664 1319 oculis
695 1287 784 1318 meis.
829 1287 896 1318 Iam
931 1298 1006 1318 vero
1037 1297 1133 1327 quum
1166 1286 1284 1317 honore

328 1333 434 1364 debito
475 1339 523 1363 est
561 1330 757 1367 afficiendus,
799 1330 838 1361 ab
872 1330 940 1370 ipso
975 1340 1036 1360 non
1071 1330 1283 1369 cognoscitur.

328 1375 437 1415 Quare
465 1385 624 1406 summam
649 1374 681 1404 in
706 1373 831 1404 Davide
855 1372 1041 1404 modestiam
1064 1372 1284 1412 conspicimus,

326 1419 382 1459 qui
417 1419 554 1449 honores
588 1416 627 1448 ab
662 1416 846 1447 hominibus
879 1425 942 1446 non
972 1415 1103 1455 expetit,
1138 1415 1196 1445 etsi
1221 1415 1284 1445 iam

327 1460 562 1502 quodammodo
583 1459 745 1496 delibatos,
765 1457 1022 1498 quandoquidem
1037 1459 1068 1488 in
1082 1458 1165 1498 regis
1178 1458 1283 1488 aulam

328 1510 468 1541 venerat,
498 1510 529 1534 et
560 1503 700 1541 armiger
729 1502 826 1540 ipsius
850 1500 951 1532 factus
974 1500 1090 1531 fuerat.
1136 1500 1202 1531 Nae
1226 1500 1285 1531 fuit

329 1547 369 1578 ab
409 1546 585 1577 aulicorum
617 1545 746 1575 illorum
777 1543 917 1574 moribus
946 1543 1170 1580 alienissimus,
1208 1553 1286 1583 quos

329 1589 423 1622 aulici
449 1589 584 1619 honores
609 1595 774 1627 tantopere
793 1586 946 1624 alliciunt,
969 1587 1157 1625 praesertim
1177 1596 1287 1617 eorum

329 1633 385 1673 qui
409 1632 503 1671 longe
527 1631 588 1661 alia
613 1630 735 1660 ratione
760 1629 858 1659 vitam
883 1629 1108 1669 transigerent,
1143 1629 1169 1659 si
1194 1628 1286 1659 modo

329 1676 475 1707 animum
499 1673 617 1704 vellent
640 1672 793 1703 adiicere:
818 1671 872 1702 sed
897 1682 990 1711 quam
1017 1671 1157 1710 primum
1181 1671 1286 1702 aulam

329 1718 379 1749 vel
405 1716 514 1757 procul
537 1715 729 1754 salutarunt,
762 1715 822 1745 iam
847 1714 921 1745 faeti
945 1713 1075 1752 nobiles,
1106 1724 1212 1744 rerum
1237 1714 1288 1744 do-

327 1762 536 1791 mesticarum
561 1768 690 1788 omnem
713 1767 823 1788 curam
848 1757 1010 1793 abiiciunt,
1036 1756 1095 1787 nisi
1119 1757 1204 1796 quod
1224 1767 1288 1787 cor-

328 1803 441 1834 radere
471 1811 598 1841 semper
626 1800 747 1840 aliquid
778 1805 945 1830 conant-ur.
990 1799 1074 1830 Nam
1105 1799 1164 1829 sibi
1193 1799 1287 1830 dede-

329 1846 394 1877 cori
426 1846 492 1876 foi-e
522 1843 720 1874 arbitrantur
750 1843 776 1873 si
808 1842 913 1873 labore
943 1841 1048 1882 aliquo
1079 1842 1178 1872 vitam
1209 1842 1287 1872 tole-

329 1895 448 1926 rarent,
483 1894 513 1917 et
548 1897 638 1917 suam
673 1885 755 1925 apud
793 1885 938 1916 homines
971 1884 1187 1916 conditionem
1223 1885 1287 1915 fore

330 1932 484 1963 viliorem.
510 1930 596 1968 Quin
618 1929 681 1959 imo
702 1928 820 1959 multos
839 1928 972 1958 miseros
992 1927 1155 1958 mendicos
1169 1927 1286 1964 videas,

329 1975 382 2015 qui
406 1974 431 2005 si
456 1973 495 2004 ad
521 1972 638 2003 bellum
664 1971 794 2011 profecti
819 1970 893 2002 sint.
924 1975 956 2001 et
979 1980 1094 2010 urgeas
1119 1977 1155 2000 ut
1177 1969 1215 2000 ad
1241 1980 1287 2000 ar-

327 2024 392 2048 tem
412 2017 551 2056 aliquam
571 2025 603 2045 se
623 2014 794 2054 applicent,
814 2013 1062 2054 ignominiosum
1081 2012 1139 2043 sibi
1154 2012 1289 2043 ducant:

327 2066 358 2091 et
380 2059 516 2090 rusticos
529 2057 685 2098 agricolas
706 2067 724 2086 a
741 2056 825 2087 stiva
845 2055 942 2087 semel
959 2055 1110 2087 abductos
1123 2065 1286 2094 nunquam

327 2101 462 2134 reducas
495 2100 534 2131 ad
577 2099 820 2140 agriculturam:
869 2098 1067 2139 peregrinari
1100 2098 1221 2128 malunt
1256 2098 1288 2128 in

328 2145 443 2177 alienis
475 2144 669 2184 regionibus,
699 2152 796 2181 quam
829 2141 966 2181 aliquam
997 2146 1100 2172 artem
1130 2140 1287 2180 profiteri:

329 2195 370 2225 et,
399 2187 483 2227 quod
513 2186 649 2216 aliorum
674 2185 721 2215 usi
745 2189 820 2215 sunt
844 2183 1032 2220 ministerio,
1061 2190 1153 2223 turpe
1176 2183 1234 2214 sibi
1258 2190 1289 2214 et

330 2229 580 2272 ignominiosum
619 2227 741 2259 ducunt
769 2227 862 2258 alteri
894 2226 1059 2257 inservire.
1105 2225 1170 2257 Sed
1201 2226 1289 2256 varia

330 2280 407 2305 sunt
441 2281 601 2312 tempora:
636 2269 721 2310 quod
755 2269 833 2309 ipsis
867 2274 974 2300 tamen
1010 2269 1068 2300 etsi
1102 2269 1185 2299 fame
1218 2278 1288 2308 pre-

330 2322 463 2347 mantur
486 2313 668 2354 persuaderi
695 2323 757 2343 non
782 2318 904 2352 potest:
937 2322 1009 2342 nam
1036 2322 1068 2343 se
1092 2311 1131 2342 ad
1151 2311 1288 2351 priorem

331 2359 419 2390 illam
444 2358 542 2388 vitam
569 2356 727 2386 redituros
750 2355 808 2385 sibi
833 2355 1034 2394 pollicentur.
1080 2353 1288 2385 Contrarium

332 2411 465 2443 prorsus
485 2399 642 2430 Davidem
664 2405 835 2437 sequutum
857 2397 1010 2434 videmus,
1034 2395 1289 2437 quandoquidem

332 2444 430 2475 nullis
453 2443 564 2473 aulicis
587 2441 708 2473 deliciis
731 2446 777 2471 est
800 2440 961 2476 delinitus,
992 2441 1071 2479 quin
1097 2439 1232 2470 libenter
1256 2438 1289 2469 in

333 2488 462 2518 domum
507 2491 672 2524 paternam
715 2494 753 2514 ex
788 2483 860 2513 aula
895 2482 932 2513 ad
968 2482 1152 2522 pecuariam
1187 2487 1289 2513 artem

334 2527 545 2560 exercendam
570 2537 719 2558 reversus
742 2527 800 2556 sit:
824 2532 855 2556 et
879 2526 951 2556 licet
975 2526 1005 2555 in
1026 2531 1131 2556 castra
1150 2524 1288 2560 redierit.

334 2582 436 2611 neque
460 2580 653 2610 magnopere
676 2579 710 2600 se
734 2567 964 2600 commendarit
987 2574 1021 2598 ut
1045 2568 1181 2607 gratiam
1205 2565 1288 2608 apud

335 2615 454 2645 aulicos
483 2613 543 2644 sibi
567 2618 741 2652 quaereret,
774 2621 874 2651 neque
897 2611 993 2641 etiam
1017 2621 1050 2642 se
1074 2620 1136 2642 non
1160 2609 1288 2651 agnosci

335 2662 526 2696 conquestus
549 2655 598 2687 sit.
645 2655 687 2685 Et
711 2654 749 2684 de
774 2653 898 2684 Davide
922 2653 1086 2685 hactenus.

1425 304 1520 336 Nunc
1542 304 1638 335 etiam
1662 305 1882 346 expendamus
1906 305 2074 336 formulam
2100 305 2186 337 illam
2207 306 2303 338 iuris·

1340 346 1467 378 iurandi
1499 357 1561 386 qua
1591 347 1691 378 utitur
1717 348 1866 380 Abnerus
1886 347 1953 388 regi
1973 347 2188 388 respondens:
2220 348 2304 381 Vivit

1339 391 1447 420 anima
1465 392 1527 425 tua,
1552 399 1616 427 rex,
1638 390 1668 421 si
1685 391 1764 423 novi.
1810 390 1924 422 Aulica
1946 390 2022 422 haec
2043 400 2173 430 prorsus
2192 401 2301 422 assen-

1339 433 1433 467 tatio;
1457 432 1516 463 etsi
1540 442 1642 472 neque
1667 433 1863 473 blasphema,
1887 443 1991 472 neque
2011 432 2071 464 Dei
2093 433 2205 464 honori
2225 444 2299 465 con-

1339 475 1449 511 traria,
1489 485 1591 514 neque
1629 476 1868 507 contumeliosa.
1914 475 1998 506 Nam
2037 484 2164 515 praeter
2199 476 2300 507 iusiu-

1339 517 1476 548 randum
1507 523 1582 548 sunt
1612 518 1708 549 etiam
1738 518 1894 559 quaedam
1919 519 2175 549 asseverationes
2198 519 2299 550 serio-

1338 571 1397 597 res,
1421 559 1534 600 quibus
1557 561 1626 591 sine
1651 561 1832 592 iuramento
1856 559 1978 601 aliquid
2001 562 2106 592 aimus
2128 569 2183 592 aut
2203 572 2300 602 nega-

1338 613 1418 639 mus,
1444 602 1542 633 veluti
1565 603 1592 632 si
1615 603 1686 642 quis
1708 614 1763 643 per
1784 605 1886 635 vitam
1905 613 1996 634 suam
2017 603 2137 644 aliquid
2157 610 2297 635 asserat:

1337 655 1440 686 neque
1464 646 1548 676 vitae
1568 656 1644 676 suae
1662 646 1866 686 imprecatur,
1891 656 1993 686 neque
2012 657 2046 677 se
2066 646 2184 677 idolum
2206 647 2298 678 facit:

1337 688 1391 719 sed
1422 688 1538 718 asserit
1567 687 1650 727 quod
1677 688 1722 719 ait
1743 694 1810 720 tam
1834 699 1957 723 verum.
1992 698 2087 729 quam
2113 699 2225 720 verum
2249 694 2299 721 est

1336 741 1370 761 se
1411 731 1531 762 vivere.
1577 730 1669 762 Licet
1707 731 1814 771 itaque
1848 741 2079 771 nonnunquam
2114 731 2298 764 istiusmodi

1336 773 1491 804 formulas
1530 773 1683 804 adhibere
1716 774 1785 805 sine
1817 774 1878 805 Dei
1912 774 2068 805 laesione:
2111 784 2297 814 quanquam

1337 815 1484 847 nonnihil
1516 815 1697 846 deflectitur
1726 826 1745 847 a
1775 817 1887 858 regula
1917 818 2174 847 iuramentorum
2199 827 2296 857 quam

1336 860 1404 899 ipse
1439 858 1527 889 Deus
1562 859 1767 899 praescripsit
1800 860 1832 890 in
1868 859 1962 890 rebus
1995 860 2201 891 necessariis:
2241 859 2298 899 qui

1336 902 1430 932 iussit
1460 900 1614 941 populum
1639 911 1696 942 per
1718 912 1834 932 nomen
1857 913 1950 934 suum
1976 903 2091 939 iurare,
2122 902 2220 933 Dent.
2247 901 2296 934 13.

1336 944 1508 976 Dominum
1530 943 1634 974 Deum
1655 946 1743 975 tuum
1763 945 1892 984 timebis,
1915 947 1942 975 et
1966 945 2012 975 ille·
2035 945 2092 976 soli
2111 945 2236 985 servies,
2260 954 2297 977 ac

1331 997 1390 1026 per
1429 996 1536 1018 nomen
1569 986 1657 1017 illius
1688 986 1817 1019 iurabis.
1868 989 1976 1027 Atque
2012 988 2089 1019 haec
2124 997 2226 1027 pauca
2258 986 2298 1019 de

1336 1029 1522 1070 quaestione
1556 1028 1609 1060 illa
1639 1028 1809 1065 sufficiant.
1844 1030 1980 1061 liceatne
2009 1030 2091 1070 quod
2123 1030 2299 1062 asserimus

1337 1072 1443 1112 aliqua
1474 1072 1702 1111 protestatione
1725 1073 1930 1104 confirmare:
1962 1072 2043 1112 quod
2069 1073 2128 1104 etsi
2153 1073 2300 1105 homines

1337 1114 1375 1145 ad
1412 1114 1473 1145 Dei
1507 1114 1695 1145 mandatum
1730 1114 1892 1151 adiiciunt,
1927 1126 1992 1146 non
2028 1122 2136 1146 tamen
2167 1116 2299 1147 omnino

1337 1168 1394 1198 per
1416 1168 1449 1188 se
1472 1156 1751 1188 condemnandum
1775 1164 1831 1188 est.
1876 1157 1941 1190 Sed
1966 1159 2131 1189 Abnerum
2152 1157 2299 1190 videmus

1337 1199 1549 1231 assentatorie
1581 1201 1625 1231 sic
1649 1200 1832 1240 loquutum:
1867 1200 2136 1240 quemadmodum
2160 1201 2192 1231 in
2217 1201 2300 1233 aulis

1338 1253 1449 1283 regum
1474 1248 1506 1273 et
1529 1243 1709 1282 principum
1735 1254 1794 1274 usu
1818 1244 1928 1274 venire
1947 1245 2121 1280 consuevit,
2147 1250 2183 1274 ut
2201 1243 2298 1275 aulici

1337 1295 1542 1317 communem
1580 1284 1729 1325 loquendi
1769 1296 1862 1317 usum
1901 1296 2032 1325 prorsus
2064 1286 2237 1317 immutent
2266 1291 2300 1317 et

1337 1328 1465 1368 egregie
1502 1327 1726 1359 dissumulent.
1773 1327 1860 1367 Quin
1888 1329 1953 1359 imo
1985 1328 2159 1368 Iosephum
2192 1329 2299 1369 ipsum

1338 1370 1483 1402 videmus
1535 1371 1713 1402 assuevisse
1766 1371 1798 1401 in
1849 1371 1921 1402 aula
1966 1371 2146 1402 Pharaonis
2188 1372 2296 1402 iurare

1336 1413 1574 1454 Aegyptiorum
1605 1413 1781 1444 aulicorum
1814 1414 1886 1446 ritu.
1931 1413 2042 1453 Neque
2066 1424 2151 1449 vero,
2186 1414 2298 1451 fateor,

1337 1458 1369 1487 in
1407 1456 1465 1487 Dei
1496 1462 1715 1496 contemptum
1745 1457 1846 1487 iurat:
1884 1456 1946 1488 Per
1975 1457 2074 1487 vitam
2106 1456 2298 1495 Pharaonis,

1337 1499 1420 1540 apud
1453 1498 1570 1529 fratres
1593 1509 1662 1530 sese
1685 1498 1900 1535 dissimulans,
1933 1504 1969 1530 ut
1992 1505 2113 1529 metum
2139 1498 2202 1530 illis
2226 1499 2299 1530 inii·

1337 1547 1423 1573 ceret
1441 1542 1566 1581 sibique
1585 1542 1790 1572 autoritatem
1810 1541 2002 1574 conciliaret.
2028 1543 2114 1573 Sane
2134 1542 2298 1573 videretur

1340 1584 1471 1616 Domini
1494 1584 1640 1616 oblivisci
1664 1590 1695 1615 et
1720 1585 1809 1616 verbi
1833 1585 1942 1624 ipsius,
1973 1585 2245 1625 Pharaonemque
2264 1585 2297 1616 in

1340 1628 1441 1667 ipsius
1471 1627 1577 1658 locum
1607 1627 1816 1658 substituere:
1847 1627 1901 1658 sed
1931 1627 2014 1658 absit
2045 1633 2079 1658 ut
2102 1638 2171 1658 eam
2196 1628 2298 1667 ipsius

1339 1670 1435 1702 fuisse
1459 1675 1599 1700 mentem
1623 1669 1784 1701 dicamus:
1820 1670 1879 1701 etsi
1902 1670 2079 1710 Aegyptios
2102 1677 2226 1701 eertum
2249 1676 2299 1702 est

1343 1713 1401 1744 l)ei
1425 1723 1539 1744 nomen
1565 1712 1749 1752 profanasse
1769 1713 1835 1752 regi
1855 1723 1911 1743 suo
1931 1712 2107 1744 adulantes.
2154 1714 2203 1745 Ae
2221 1723 2299 1745 sane

1340 1756 1485 1787 videmus
1517 1755 1549 1786 in
1580 1755 1715 1795 imperio
1746 1765 1878 1786 romano
1908 1755 2002 1796 longe
2025 1756 2186 1795 acceptius
2209 1755 2299 1787 etin

1339 1799 1459 1829 maiore
1485 1798 1587 1838 pretio
1610 1798 1709 1829 fuisse
1732 1798 1950 1829 iuramentum
1973 1808 2031 1838 per
2053 1798 2213 1829 fortunam
2237 1799 2298 1829 im·

1338 1846 1535 1881 peratorum,
1554 1851 1650 1880 quam
1669 1841 1695 1872 si
1716 1851 1772 1880 per
1791 1843 1898 1872 omnia
1918 1840 2001 1871 idola
2021 1851 2079 1871 sua
2092 1841 2299 1874 ‹leierassent.

1340 1884 1426 1915 Hine
1444 1889 1576 1923 apparet
1594 1883 1800 1914 ambitionem
1821 1884 1851 1914 in
1872 1883 1954 1914 aulis
1972 1884 2153 1923 principum
2173 1894 2301 1923 semper

1339 1926 1525 1964 obtinuisse,
1549 1932 1584 1957 ut
1607 1925 1786 1957 adulatores
1812 1937 1875 1957 non
1900 1932 2026 1957 tantum
2047 1936 2099 1957 eos
2120 1927 2300 1967 magnificis

1339 1969 1442 2000 titulis
1471 1975 1502 2000 et
1531 1968 1714 2000 nominibus
1737 1968 1930 1999 extulerint:
1957 1968 2013 2000 sed
2035 1969 2132 1999 etiam
2158 1970 2189 2000 in
2213 1968 2300 2000 idola

1339 2012 1615 2043 transformarint:
1653 2017 1685 2041 et
1717 2011 1763 2042 ita
1797 2010 1859 2042 Dei
1894 2011 1995 2051 gloria
2030 2012 2137 2042 minus
2170 2012 2300 2052 cognita

1339 2056 1442 2091 fuerit,
1478 2061 1509 2085 et
1543 2054 1680 2085 multum
1710 2052 1749 2084 de
1778 2064 1816 2084 ea
1846 2055 2025 2085 detractum
2055 2055 2106 2086 sit.
2153 2054 2208 2085 Sic
2238 2053 2300 2085 hoe

1340 2098 1406 2128 loco
1436 2097 1556 2135 Abner,
1587 2107 1644 2137 per
1676 2096 1816 2128 animam
1847 2096 1957 2127 Saulis
1989 2097 2109 2135 iurans,
2140 2107 2214 2128 vere
2237 2097 2299 2137 ipsi

1339 2140 1497 2173 adulatur.
1521 2140 1603 2180 quod
1629 2150 1727 2180 quum
1747 2139 1884 2180 priorem
1906 2139 2003 2170 vitam
2024 2140 2141 2179 egisset
2160 2139 2192 2169 in
2213 2140 2300 2179 agris

1340 2189 1369 2213 et
1394 2182 1547 2214 bubulcus
1568 2183 1687 2219 fuisset,
1717 2183 1780 2212 iam
1803 2188 1867 2212 tam
1892 2181 2072 2221 insignibus
2096 2181 2198 2213 titulis
2222 2182 2299 2213 effe-

1340 2231 1440 2257 ratur.
1485 2225 1550 2257 Nos
1588 2225 1696 2265 itaque
1726 2230 1814 2256 tanto
1844 2224 2030 2264 diligentius
2058 2224 2299 2264 simplicitatem

1341 2269 1371 2298 in
1406 2268 1514 2299 verbis
1544 2269 1754 2299 retineamus:
1789 2272 1820 2298 et
1848 2267 1900 2307 qui
1931 2266 1969 2297 ad
1993 2277 2136 2297 summos
2160 2267 2300 2299 honores

1340 2311 1442 2341 evecti
1457 2316 1542 2347 sunt,
1562 2310 1751 2342 modestiam
1764 2309 1865 2342 colere
1878 2309 2017 2340 discant:
2039 2310 2299 2350 quandoquidem

1341 2354 1482 2394 insignes
1518 2354 1565 2384 illi
1596 2353 1681 2384 tituli
1714 2352 1842 2384 tandem
1872 2353 1903 2383 in
1933 2353 2194 2391 superstitionem
2227 2363 2299 2384 ver-

1341 2402 1460 2433 tuntur,
1492 2402 1523 2427 et
1547 2396 1703 2436 sacrilega
1725 2395 1856 2428 audacia
1879 2399 2004 2425 tantum
2029 2394 2068 2425 de
2093 2394 2153 2425 Dei
2178 2395 2298 2427 honore

1341 2438 1521 2470 detrahitur
1544 2444 1698 2479 quantum
1723 2438 1786 2469 illis
1809 2437 1988 2474 ascribitur,
2013 2444 2043 2467 et
2062 2439 2165 2469 omnis
2185 2438 2298 2478 religio

1341 2481 1400 2513 hae
1437 2483 1558 2513 ratione
1594 2481 1799 2522 pervertitur.
1844 2479 2015 2512 Caeterum
2050 2491 2147 2520 quum
2179 2480 2298 2512 dicitur

1342 2523 1446 2555 David
1475 2525 1513 2555 ad
1539 2534 1646 2565 regem
1670 2523 1869 2555 introductus
1892 2523 1930 2553 ab
1956 2523 2095 2559 Abuero,
2124 2523 2299 2555 observan-

1341 2566 1416 2597 dum
1441 2567 1539 2598 fuisse
1562 2566 1689 2607 quidem
1714 2565 1797 2597 istud
1821 2565 1947 2605 aliquod
1969 2567 2144 2605 praemium
2166 2566 2298 2598 virtutis

1340 2620 1396 2649 pro
1421 2609 1499 2641 bene
1523 2610 1623 2642 locata
1648 2609 1715 2650 regi
1735 2619 1845 2649 opera:
1870 2607 1924 2639 sed
1946 2619 2007 2638 non
2028 2609 2058 2639 in
2080 2619 2116 2639 eo
2136 2608 2296 2640 Davidem

1340 2663 1427 2692 spem
1462 2663 1552 2683 suam
1587 2652 1766 2684 collocasse.
1808 2650 1890 2682 Nam
1925 2661 2003 2682 sane
2036 2651 2063 2682 si
2097 2652 2230 2691 praemii
2264 2654 2299 2683 et
