2551 3044
177 213 240 246 593

264 308 366 339 Porro
389 317 471 347 quae
500 310 681 346 sequuntur
703 303 839 335 Davidis
871 303 968 335 verba
992 304 1141 335 videntur

180 351 300 391 aliquid
334 349 504 381 insolentis
537 348 672 386 habere,
712 356 810 386 quum
849 346 911 377 ait:
957 346 994 378 Si
1028 345 1141 377 Ielzova

180 394 320 425 incitavit
353 395 379 423 te
411 394 515 423 contra
543 401 590 421 me
623 390 762 422 odoretur
794 398 923 428 munus,
957 390 1008 420 sin
1041 391 1141 420 autem

179 436 324 473 homines,
347 434 501 466 maledicti
523 434 586 464 sint
607 442 711 463 coram
734 431 855 463 Ielzova.
894 431 977 462 Nam
1002 431 1060 462 etsi
1085 431 1140 461 ho-

179 480 283 510 mines
315 477 445 509 Saulem
477 476 632 507 adversus
664 474 822 505 Davidem
853 473 1047 511 incitabant,
1079 484 1141 504 non

180 526 288 552 tamen
312 521 381 551 sine
411 519 469 549 Dei
502 517 666 548 voluntate
696 516 726 547 id
758 517 864 556 fiebat,
896 526 969 547 nam
1002 516 1140 555 exempli

180 564 285 604 gratia
307 562 367 593 etsi
391 561 531 592 latrones
555 559 692 591 fortunis
715 559 856 599 spoliant
884 564 916 589 et
947 559 1013 589 vita
1043 559 1141 589 etiam

179 606 310 646 privant
340 605 479 635 viatores
503 613 560 634 suo
584 603 672 640 vitio,
696 601 862 633 fatendum
887 606 995 632 tamen
1019 601 1050 631 id
1076 611 1140 631 11011

179 649 249 679 sine
284 647 345 678 Dei
380 646 545 676 voluntate
579 645 784 684 contingere,
826 644 901 684 quin
945 644 1039 674 etiam
1074 644 1141 683 ipse

181 690 289 721 David
314 689 367 720 lib.
392 689 421 720 2.
445 688 534 720 Sam.
565 698 632 728 cap.
659 688 707 718 16.
738 697 836 727 quum
867 697 885 717 a
915 685 1024 718 Semci
1062 686 1141 726 lapi-

180 733 274 764 dibus
297 737 461 772 peteretur
483 735 516 762 et
539 729 720 761 maledictis
743 730 943 767 obrueretur,
966 734 999 759 et
1023 728 1142 759 vellent

179 776 281 816 ipsius
304 775 424 805 milites
447 775 480 804 iu
505 772 697 804 maledicum
717 772 825 803 Semei
850 772 955 803 facere
974 771 1140 811 impetum,

180 819 242 849 ait:
267 817 367 849 Sinite
389 817 502 856 ipsum,
530 826 604 846 ‘nam
626 817 655 847 si
679 815 790 847 Jehova
820 815 917 846 edixit
947 815 983 851 ei,
1014 814 1143 845 maledic

180 860 312 900 Davidi,
336 861 407 899 quis
425 859 517 896 (licat,
548 868 643 898 quare
665 858 710 889 sic
730 857 836 897 jacis?
870 857 1001 889 Saulem
1033 857 1142 896 itaque

181 904 255 935 licet
279 903 445 933 hominum
469 901 592 932 malitia
616 901 771 932 adversus
795 899 953 931 Davidem
983 899 1141 936 incitaret,

181 951 214 978 et
226 945 494 977 calumniatorum
520 944 696 981 aulicorum
717 953 752 974 ae
770 943 1045 984 sycophantarum
1055 942 1141 972 viru-

180 989 269 1020 lenta
293 988 405 1028 lingua
428 986 617 1027 impelleret,
642 996 704 1016 non
729 992 833 1016 tameu
859 985 928 1016 sine
952 985 1062 1016 divina
1075 994 1143 1024 per-

179 1031 331 1062 missione
355 1035 387 1060 et
406 1029 571 1060 voluntate
594 1030 699 1065 fiebat,
724 1033 760 1059 ut
783 1028 931 1059 videatur
951 1027 1057 1058 David
1084 1027 1143 1058 1130

179 1075 212 1105 in
241 1078 332 1113 parte
355 1072 484 1103 modum
516 1071 679 1107 excedere,
710 1078 742 1102 et
772 1071 820 1102 sui
852 1071 946 1101 officii
978 1070 1141 1100 oblivisci:

180 1127 279 1156 quum
312 1116 371 1146 ait:
409 1114 446 1146 Si
468 1114 558 1145 Deus
591 1117 618 1145 te
647 1114 765 1152 incitat,
799 1116 854 1145 aut
887 1114 915 1144 si
944 1113 1081 1144 homines
1109 1113 1143 1144 id

178 1159 307 1200 faciunt.
361 1157 425 1189 Sod
456 1157 536 1188 alius
567 1162 616 1187 est
646 1157 819 1188 verborum
851 1155 987 1187 Davidis
1019 1165 1140 1191 sensus,

180 1211 296 1241 nempe
318 1211 361 1238 se,
392 1201 417 1231 si
441 1200 609 1240 agnoverit
632 1199 702 1230 Deo
725 1199 910 1239 impellente
941 1209 976 1229 30
1009 1198 1143 1229 faciente

180 1244 290 1284 affligi,
313 1254 378 1274 non
402 1243 519 1274 habere
542 1242 624 1282 quod
648 1241 850 1281 obloquatur,
874 1241 928 1272 sed
952 1252 986 1272 05
999 1250 1141 1280 compes-

180 1297 261 1323 cere,
292 1285 347 1317 sed
379 1286 405 1316 si
434 1296 498 1316 non
534 1285 669 1316 facient-e
698 1284 785 1321 Deo,
816 1289 943 1314 tantum
976 1284 1142 1314 homiuum

179 1329 305 1360 malitia
319 1328 396 1360 Saul
420 1328 583 1368 incitat-ur,
607 1328 726 1358 habere
749 1338 782 1358 se
802 1328 1001 1358 occasionem
1025 1327 1141 1356 iustam

180 1371 219 1403 de
253 1372 330 1411 ipsis
364 1370 596 1410 conquerendi,
639 1370 809 1410 divinoque
850 1369 964 1400 iudicio
1009 1368 1142 1400 sistendi

180 1415 270 1454 quasi
295 1414 395 1445 dicat:
421 1413 456 1445 Si
481 1413 590 1444 nullus
614 1423 664 1444 me
689 1413 774 1453 apud
794 1419 825 1443 te
848 1420 897 1443 est
919 1412 1141 1449 calumniatus,

179 1461 213 1488 et
235 1456 406 1488 adversum
437 1467 488 1486 me
519 1456 684 1492 incitavit,
716 1456 911 1487 occasionem
944 1454 1045 1485 habeo
1074 1454 1142 1485 cul—

180 1510 255 1540 pam
279 1499 411 1536 fatendi,
436 1505 467 1529 et
491 1498 684 1538 agnoscendi
707 1509 805 1529 manu
828 1498 889 1529 Dei
914 1498 1030 1529 factum
1055 1496 1141 1527 istud

180 1542 236 1582 qui
269 1542 316 1573 ita
351 1553 400 1573 me
434 1542 578 1582 castiget.
635 1541 775 1581 Ideoque
810 1540 889 1571 mihi
924 1540 983 1571 1100
1018 1546 1141 1570 tantum

181 1590 327 1625 superest
350 1589 385 1615 ut
414 1584 552 1624 supplex
581 1584 620 1615 ad
651 1585 753 1624 ipsius
784 1583 1036 1615 misericordiam
1067 1592 1142 1614 con-

181 1627 316 1668 fugiam,
346 1627 401 1658 scd
424 1637 522 1667 quum
549 1626 673 1658 videam
705 1627 852 1658 homines
875 1635 944 1656 esse
968 1626 1071 1656 instar
1093 1625 1142 1655 in—

182 1669 424 1705 cendiariorum,
449 1675 480 1700 et
502 1669 704 1700 flabellorum
728 1669 767 1700 ad
791 1679 884 1700 suum
905 1669 1043 1699 furorem
1066 1678 1143 1708 erga

181 1723 232 1743 me
265 1712 486 1748 excitandum,
528 1722 665 1752 agnosco
703 1712 832 1752 quidem
873 1711 953 1742 mihi
996 1710 1141 1751 praeberi

182 1756 379 1786 occasionem
411 1765 462 1786 me
489 1765 595 1786 coram
626 1755 697 1785 Deo
732 1754 916 1791 deficiendi,
953 1754 1022 1785 sine
1052 1753 1142 1785 cuius

183 1797 351 1829 voluntate
374 1798 466 1829 video
489 1798 520 1828 id
545 1809 608 1828 1101]
629 1798 714 1828 fieri:
746 1797 800 1829 sed
825 1798 920 1828 etiam
946 1796 1086 1836 amplam
1110 1802 1142 1826 et

181 1841 298 1871 iustam
322 1841 519 1872 occasionem
544 1840 644 1871 habeo
668 1840 706 1871 de
729 1840 769 1871 iis
792 1839 1010 1880 conquerendi
1033 1849 1051 1870 a
1075 1839 1142 1878 qui-

181 1883 241 1914 bus
265 1883 435 1914 adversum
461 1894 511 1913 me
532 1883 684 1921 incitaris,
715 1888 746 1913 et
775 1894 851 1914 vere
879 1893 1008 1923 possum
1038 1882 1142 1913 dicere

179 1925 266 1966 ipsos
290 1936 358 1957 esse
381 1926 543 1965 improbos
566 1932 599 1956 et
621 1926 807 1957 maledictos
827 1925 983 1963 homines,
1007 1934 1141 1964 quorum

180 1968 349 1999 calumniis
373 1973 404 1999 et
428 1968 659 1999 malevolentia
680 1968 804 1999 nullam
828 1968 1026 1999 occasionem
1051 1978 1142 2007 prae-

181 2010 246 2041 bui.
299 2011 407 2051 Atque
443 2012 503 2042 iste
537 2011 667 2042 videtur
703 2021 773 2042 esse
805 2011 976 2042 verborum
1007 2010 1143 2041 Davidis

180 2063 303 2085 sensus.

268 2096 369 2127 Porro
393 2107 489 2136 quum
515 2097 560 2127 ait
583 2106 616 2127 se
640 2096 735 2127 malle
758 2107 831 2127 cum
857 2097 926 2127 Deo
949 2105 1045 2136 quam
1070 2106 1140 2126 cum

182 2138 365 2170 hominibus
389 2139 552 2178 negotium
584 2138 711 2176 habere,
744 2138 1012 2179 quemadmodum
1044 2139 1140 2168 etiam

183 2191 282 2220 quum
305 2182 350 2212 illi
374 2192 393 2212 a
416 2181 557 2212 Domino
580 2182 664 2212 facta
688 2187 737 2213 est
765 2183 860 2221 optio,
892 2188 948 2213 aut
981 2181 1055 2212 belli
1087 2186 1142 2211 aut

182 2224 275 2255 famis
305 2230 361 2255 aut
390 2226 496 2264 pestis,
532 2235 594 2264 qua
623 2230 686 2255 tam
722 2226 788 2264 ipse
823 2235 919 2265 quam
953 2224 1089 2264 populus
1123 2233 1142 2253 a

183 2265 324 2297 Domino
343 2269 524 2306 puniretur,
548 2266 631 2307 quod
646 2268 798 2307 populum
813 2277 979 2298 recensere
1004 2267 1141 2297 voluisse

183 2314 295 2340 contra
324 2310 454 2340 Domini
484 2309 690 2349 mandatum,
726 2321 789 2341 non
820 2310 952 2341 dubium
984 2314 1033 2340 est
1063 2309 1140 2348 quin

184 2352 353 2390 agnoverit
385 2352 468 2392 quod
502 2353 571 2393 ipse
604 2353 637 2383 in
680 2353 813 2392 psalmis
854 2354 1021 2392 profitetur
1055 2351 1139 2391 apud

184 2393 289 2424 Deum
313 2405 380 2426 esse
402 2395 509 2426 locum
533 2396 781 2435 misericordiae,
807 2396 861 2426 sed
885 2395 969 2435 apud
994 2395 1140 2425 homines

186 2442 310 2467 tantum
333 2438 485 2469 saevitiae
509 2444 539 2469 et
562 2438 754 2469 crudelitati.
799 2438 939 2478 Ideoque
963 2443 1083 2477 pestem
1107 2442 1139 2468 et

185 2478 266 2509 bello
290 2484 321 2510 et
344 2480 416 2510 fami
442 2482 660 2521 anteposuerit-
683 2481 770 2512 illam
794 2491 973 2521 agnoscens
995 2491 1064 2511 esse
1077 2480 1138 2511 Dei

185 2531 315 2552 manum
334 2523 570 2562 particularem.
606 2523 692 2562 Quid
709 2525 753 2554 ita
766 2524 860 2555 vero?
881 2524 974 2559 Nam,
999 2524 1138 2559 obsecro,

186 2573 293 2594 nonne
315 2572 346 2594 et
359 2565 477 2596 bellum
491 2566 553 2597 Dei
574 2566 735 2605 flagellum
751 2567 820 2597 est?
848 2566 950 2598 Sane:
973 2565 1028 2596 sed
1051 2565 1138 2597 locus

187 2605 240 2635 ille
263 2616 324 2646 quo
347 2605 453 2638 David
477 2610 646 2648 profitetur
668 2619 702 2639 se
725 2609 820 2640 malle
844 2611 875 2640 in
900 2609 961 2639 Dei
986 2619 1079 2648 quam
1106 2609 1137 2638 in

186 2647 353 2679 hominum
376 2660 491 2682 manus
514 2651 654 2682 incidere
677 2652 797 2683 indicat
820 2652 924 2692 ipsum
948 2651 1043 2682 malle
1065 2661 1137 2682 cum

264 2698 370 2726 Oalvini
391 2707 482 2733 opera.
521 2701 579 2727 Vol.
597 2701 693 2727 XXX,

818 211 865 242 IN
889 211 914 243 Ι.
940 211 1026 242 LIB.
1051 210 1249 242 SAMUEL.
1274 212 1370 243 OAP.
1396 212 1519 244 XXVI.

2089 212 2153 244 594

1194 304 1263 334 Deo
1286 315 1379 344 quam
1404 316 1474 335 cum
1500 305 1681 336 hominibus
1713 306 1830 337 habere
1861 306 2045 347 negotium:
2075 315 2151 336 nam

1194 346 1232 376 ad
1256 347 1356 386 ipsius
1380 348 1629 379 miscricordiam
1655 350 1841 388 confugiens
1864 354 1897 379 et
1919 358 2028 380 coram
2050 348 2152 388 ipsius

1194 389 1316 419 iustitia
1340 400 1470 429 prorsus
1493 390 1724 428 obmutescens,
1756 396 1787 421 et
1818 398 1946 431 peccata
1975 391 2153 430 confessus,

1195 432 1385 471 veniamque
1410 433 1551 472 ipsorum
1576 434 1773 472 ‹lapi-etatae,
1803 439 1911 474 sperat
1941 444 1974 465 se
2003 433 2095 465 facile
2118 434 2151 464 in

1195 474 1332 513 gratiam
1357 486 1373 505 a
1391 475 1456 504 1100
1482 482 1643 515 receptum
1669 476 1717 512 iri,
1742 486 1804 507 non
1829 481 1938 507 autem
1952 475 1992 507 ab
2012 476 2152 507 homini-

1195 516 1270 554 bus,
1301 518 1353 556 qui
1385 517 1462 547 mihi
1496 518 1698 548 dominantes
1729 524 1760 549 et
1790 530 1823 549 sc
1854 519 1961 550 ulcisci
1993 519 2150 559 cupiente,

1195 559 1316 589 nullam
1339 570 1426 599 spem
1451 560 1572 591 salutis.
1597 561 1712 600 quippe
1732 561 1956 598 inexorabiles,
1980 561 2056 592 dare
2080 571 2151 601 pos-

1195 607 1286 637 sunt,
1328 612 1425 641 quum
1458 609 1567 633 contra
1602 614 1635 633 1-(λ
1669 604 1737 642 ipsa
1771 604 1831 634 sim
1865 604 1995 635 edoctus
2020 603 2152 635 Domini

1195 644 1420 684 castigationes
1444 646 1474 675 in
1500 656 1602 675 mcum
1618 646 1818 676 commodum
1842 652 1873 677 et
1884 647 2020 677 salutem
2044 657 2151 678 cessu-

1196 696 1257 723 ras,
1282 692 1312 716 et
1336 697 1374 717 ex
1406 687 1469 717 illis
1501 698 1615 718 novam
1646 689 1843 719 occasionem
1875 689 2018 720 nominis
2049 689 2152 728 ipsius

1195 728 1393 768 glorificandi
1425 729 1504 760 mihi
1534 730 1674 761 oblatum
1708 731 1754 761 iri.
1800 730 1913 770 Itaque
1943 742 1982 762 ex
2014 741 2051 762 eo
2086 732 2152 762 loco

1197 770 1248 801 hic
1271 771 1498 811 intelligendus
1522 779 1578 810 est,
1610 780 1641 803 ut
1668 772 1826 803 Davidem
1858 774 1996 805 sciamus
2027 774 2065 804 de
2098 774 2152 804 ho-

1196 813 1338 844 minibus
1361 814 1555 854 loquentem,
1585 826 1647 846 nou
1672 815 1741 846 ideo
1765 822 1870 846 tamen
1897 816 1958 847 Dei
1983 816 2152 856 providen-

1195 856 1274 886 tiam
1298 857 1483 887 excludere:
1507 858 1561 888 sed
1587 858 1680 888 malle
1704 869 1736 888 se
1761 869 1778 888 a
1801 858 1941 890 Domino
1965 859 2033 899 ipso
2057 858 2151 890 casti·

1196 899 1276 939 gari,
1306 910 1399 938 quam
1434 899 1473 930 ab
1504 900 1687 931 hominibus
1721 901 1881 938 accusari,
1917 906 1950 932 et
1982 902 2152 932 calumniis

1195 942 1324 981 urgeri,
1367 942 1482 981 quibus
1515 942 1668 974 adversus
1700 943 1803 983 ipsum
1841 942 1920 974 Saul
1954 944 2152 975 incitaretur.

1195 984 1308 1023 Itaque
1331 984 1438 1015 David
1463 995 1559 1025 quum
1585 985 1717 1017 Saulem
1741 985 1913 1025 compellat
1942 987 2012 1017 istis
2038 986 2152 1024 verbis,

1196 1037 1229 1057 se
1263 1028 1432 1066 profitetur
1467 1028 1547 1058 velle
1581 1028 1650 1058 Deo
1685 1028 1856 1065 conciliari,
1892 1034 1923 1059 et
1957 1039 2029 1059 cum
2065 1029 2152 1060 omni

1196 1069 1378 1100 humilitate
1412 1070 1451 1100 ad
1485 1071 1584 1109 ipsius
1618 1071 1867 1101 misericordiam
1902 1073 2089 1111 confugere,
2119 1075 2152 1102 et

1195 1112 1331 1142 salutem
1345 1118 1541 1152 exspectare,
1556 1113 1607 1144 nbi
1621 1114 1805 1153 cognoverit
1815 1114 1884 1144 Deo
1897 1119 2011 1144 autore
2019 1114 2150 1145 Saulem

1196 1165 1229 1185 se
1253 1156 1414 1194 persequi:
1443 1155 1497 1186 sed
1523 1156 1547 1186 si
1572 1156 1737 1186 hominum
1762 1167 1857 1195 opera
1881 1156 1910 1186 id
1936 1157 1999 1191 fiat,
2032 1156 2149 1188 113110το

1197 1208 1230 1228 50
1252 1197 1406 1228 adversus
1430 1198 1516 1237 ipsos
1539 1209 1612 1229 suas
1636 1198 1849 1238 exceptiones,
1879 1204 1911 1229 et
1942 1199 1993 1229 hic
2023 1199 2150 1230 videtur

1196 1241 1331 1280 simplex
1356 1241 1490 1271 Davidis
1515 1240 1682 1271 verborum
1712 1251 1834 1278 sensus,
1863 1252 1903 1271 ex
1927 1241 2042 1280 quibus
2073 1242 2151 1273 haec

1196 1282 1341 1314 doctrina
1364 1289 1411 1313 est
1435 1283 1525 1314 nobis
1555 1283 1706 1319 eruenda,
1739 1289 1771 1313 ut
1801 1294 1898 1323 quum
1924 1283 2031 1315 David
2064 1284 2149 1321 dicit,

1195 1337 1227 1357 se
1252 1326 1278 1356 si
1291 1326 1381 1356 Deus
1394 1325 1524 1356 Saulem
1547 1326 1657 1357 incitet
1679 1326 1739 1366 ipsi
1752 1326 2005 1366 supplicaturum
2025 1334 2055 1357 et
2080 1337 2148 1358 mu-

1196 1380 1256 1400 nus
1279 1369 1471 1405 oblaturum,
1499 1374 1529 1399 et
1553 1379 1685 1399 munere
1710 1368 1816 1400 oblato
1840 1370 2090 1408 pacificaturum,
2114 1375 2150 1400 ut

1196 1412 1343 1442 ostendat
1366 1411 1437 1442 Deo
1461 1421 1589 1442 manum
1614 1421 1703 1442 511311]
1728 1418 1905 1449 exserente,
1935 1417 1968 1442 ut
2003 1422 2060 1442 nos
2091 1412 2149 1443 fla·

1195 1454 1287 1495 gellis
1310 1455 1376 1485 suis
1395 1455 1539 1494 castiget,
1563 1464 1625 1484 non
1649 1460 1792 1493 oportere
1811 1455 2031 1485 exeusationes
2052 1465 2148 1494 quae-

1196 1508 1274 1533 rere,
1299 1502 1330 1527 et
1353 1497 1491 1527 rationes
1515 1496 1629 1536 quibus
1658 1507 1715 1527 nos
1739 1502 1899 1527 tueamur:
1931 1496 1986 1527 sed
2019 1502 2150 1537 peccata

1195 1539 1405 1580 agnoscenda,
1430 1543 1462 1570 et
1485 1540 1614 1570 veniam
1639 1539 1677 1570 ab
1701 1540 1770 1579 ipso
1794 1538 2034 1578 deprecandam.
2074 1540 2150 1570 Vox

1195 1583 1281 1613 enim
1304 1582 1359 1613 illa
1382 1583 1527 1613 sacrificii
1552 1582 1601 1613 vel
1627 1582 1769 1612 muneris
1793 1581 1874 1612 hanc
1896 1582 1958 1612 vim
1984 1582 2089 1618 habet,
2113 1587 2150 1613 ut

1195 1626 1333 1665 primum
1359 1635 1415 1655 1105
1438 1635 1507 1656 esse
1530 1635 1599 1656 reos
1629 1634 1733 1655 coram
1760 1624 1897 1654 Domino
1928 1625 2150 1663 confiteamur,

1196 1668 1310 1698 deinde
1341 1673 1375 1697 ut
1413 1667 1451 1697 ad
1488 1668 1589 1707 ipsius
1627 1665 1877 1698 misericordiam
1916 1667 2150 1707 confugiamus.

1195 1710 1412 1749 Quamobrem
1442 1710 1692 1749 quotiescunque
1721 1708 1781 1739 Dei
1818 1719 1949 1740 manum
1988 1709 2150 1740 vindicem

1195 1754 1387 1793 experimur,
1412 1763 1581 1783 caveamus
1605 1762 1807 1792 summopere
1839 1762 1879 1782 ne
1908 1752 1967 1791 ipsi
1997 1752 2149 1792 obloqua-

1194 1807 1267 1826 mur
1290 1802 1343 1826 aut
1367 1795 1542 1825 iniustitiae
1566 1805 1760 1831 accusemus,
1791 1800 1821 1825 et
1848 1794 2042 1833 blasphemis
2067 1795 2150 1826 voci·

1195 1839 1253 1869 11115
1290 1839 1392 1878 ipsius
1429 1848 1545 1868 nomen
1582 1837 1770 1877 polluamus.
1816 1836 1928 1876 Neque
1965 1837 2050 1867 enim
2081 1836 2151 1868 fieri

1195 1886 1308 1921 potest,
1332 1887 1367 1911 ut
1389 1881 1437 1911 ius
1461 1885 1603 1911 nostrum
1628 1881 1708 1910 tueri
1733 1889 1838 1910 coram
1858 1878 1928 1910 Deo
1952 1879 2088 1910 velimus
2109 1890 2150 1910 ex

1197 1924 1295 1955 nostri
1328 1934 1440 1954 50115115
1469 1922 1613 1960 libidine,
1654 1923 1730 1962 quin
1763 1921 1869 1951 Deum
1901 1921 2086 1960 iniustitiae,
2116 1926 2149 1953 et

1195 1966 1394 1998 crudelitatis
1418 1976 1601 2006 arguamus,
1625 1975 1705 2004 quae
1724 1974 1849 1995 summa
1872 1972 1921 1995 est
1941 1963 2149 2004 blasphemia.

1195 2009 1401 2050 Quapropter
1430 2019 1464 2039 os
1492 2007 1722 2039 occludendum
1754 2014 1815 2043 est,
1848 2012 1879 2037 et
1910 2007 2149 2046 agnoscendum

1198 2053 1300 2083 Deum
1326 2062 1394 2082 esse
1417 2062 1540 2082 summe
1563 2051 1680 2082 bonum
1705 2055 1735 2080 et
1758 2059 1880 2079 summe
1904 2049 2034 2086 iustum,
2059 2050 2150 2081 cuius

1195 2095 1292 2126 unius
1327 2094 1499 2129 voluntati,
1538 2094 1607 2124 sine
1643 2093 1850 2124 reluctatione
1881 2092 2147 2131 acquiescendum

1195 2144 1252 2175 est,
1277 2143 1307 2167 et
1330 2138 1435 2176 potius
1459 2142 1567 2176 tergus
1591 2134 1820 2166 obvertendum
1852 2134 1890 2164 ad
1915 2134 2026 2175 plagas
2048 2136 2148 2174 ipsius

1194 2181 1354 2220 patienter
1366 2179 1579 2218 excipiendas,
1604 2178 1682 2209 adeo
1706 2184 1748 2213 ut,
1773 2177 1797 2207 si
1812 2177 1861 2207 vel
1881 2183 1986 2207 cutem
2001 2177 2146 2209 detraxe-

1195 2224 1244 2259 rit,
1276 2223 1435 2253 fateamur
1463 2222 1532 2252 iure
1562 2222 1665 2260 ipsum
1698 2220 1860 2251 nobiscum
1892 2229 1996 2259 agere,
2024 2224 2059 2250 et
2087 2230 2146 2252 nos

1193 2266 1286 2305 louge
1310 2265 1401 2304 plura
1431 2265 1632 2295 commeritos
1661 2273 1736 2293 esse.
1782 2262 1951 2293 Caeterum
1982 2272 2047 2293 non
2076 2262 2148 2294 ideo

1193 2314 1239 2339 est
1264 2308 1389 2339 animus
1420 2306 1680 2346 despondendus,
1711 2304 1764 2335 sed
1793 2311 1903 2335 contra
1933 2303 1988 2335 ubi
2017 2311 2147 2344 peccata

1193 2356 1301 2382 nostra
1324 2349 1559 2390 agnoverimus,
1591 2355 1619 2378 et
1651 2358 1706 2378 1105
1736 2348 1821 2387 ipsos
1851 2352 1959 2377 nostro
1990 2348 2147 2388 suffragio

1193 2404 1263 2424 reos
1286 2392 1542 2427 iudicaverimus,
1568 2399 1672 2421 tamen
1697 2389 1735 2420 ad
1760 2390 1860 2429 ipsius
1885 2390 2146 2427 misericordiam,

1193 2442 1344 2475 tanquam
1370 2435 1564 2465 tutissimum
1597 2433 1723 2472 asylum
1755 2433 1986 2472 confugiamus.
2033 2432 2147 2472 Itaque

1192 2483 1321 2519 peccata
1344 2477 1486 2508 confiteri
1506 2486 1611 2506 coram
1626 2475 1694 2506 Deo
1714 2485 1775 2505 non
1796 2475 1874 2505 satis
1897 2480 1952 2511 est,
1978 2484 2076 2514 quum
2100 2475 2147 2506 rei

1192 2532 1310 2557 sumus,
1343 2519 1396 2549 sed
1427 2529 1537 2550 eorum
1561 2518 1656 2549 etiam
1680 2517 1773 2548 venia
1801 2517 1989 2557 suppliciter
2017 2522 2065 2548 est
2093 2527 2147 2557 po-

1192 2564 1304 2594 tenda:
1329 2562 1485 2601 siquidem
1509 2561 1643 2600 improbi
1667 2570 1761 2599 saepe
1786 2566 1914 2599 peccata
1938 2560 2087 2597 fatentur,
2115 2564 2148 2591 et

1191 2617 1225 2638 se
1247 2617 1317 2637 reos
1341 2615 1446 2636 coram
1473 2603 1612 2634 Domino
1636 2608 1822 2642 agnoscunt,
1853 2602 1907 2633 sed
1938 2602 1969 2632 in
1998 2602 2146 2642 despera-

1165 2655 1166 2658 ’
1192 2650 1309 2679 tionem
1334 2647 1459 2683 eadunt,
1484 2652 1516 2677 et
1539 2646 1693 2677 adversus
1716 2646 1820 2685 ipsum
1835 2645 1940 2676 Deum
1963 2645 2147 2686 insurgunt,

1912 2695 1945 2720 38
