2551 3044
358 190 418 221 th·
1188 182 1388 214 HOMILIA
1411 181 1503 213 LIX.
2267 182 2327 212 180

362 285 429 316 sive
453 283 562 319 bonos,
586 283 654 313 sive
678 281 787 313 malos.

364 334 400 358 ut
427 325 651 356 instrumentis
678 325 780 355 utitur
810 324 850 354 ad
881 324 962 355 filios
997 333 1069 354 suos
1102 328 1132 352 et
1166 319 1318 360 populum

365 379 459 400 suum
483 367 716 408 castigandum.
761 366 852 397 Istud
877 377 915 397 ex
948 365 1080 396 historia
1103 363 1172 395 lobi
1195 363 1320 402 conspi-

1345 344 1347 401 l

364 421 459 442 cuum
483 417 540 448 est,
564 411 634 449 quis
657 409 742 439 euim
767 409 857 440 illum
882 409 972 440 bouis
995 406 1143 439 omuibus
1167 411 1198 436 et
1221 404 1320 436 facul·
1346 412 1347 419 ¹

366 452 486 484 tatibus
509 453 679 492 spoliavit?
705 452 776 491 quis
795 451 932 491 pecudes
951 458 981 482 et
1000 459 1108 482 servos
1129 449 1229 488 ipsius
1248 448 1321 488 igne

366 495 499 527 coelitus
534 495 676 525 immisso
708 494 929 534 consumpsit?
976 494 1056 532 Quis
1090 492 1220 522 domum
1251 500 1321 520 eum

368 538 477 569 liberis
501 538 602 577 ipsius
626 548 690 567 una
714 536 882 568 edentibus
906 538 1010 567 ventis
1034 535 1218 575 ingentibus
1241 533 1322 564 exci-

367 582 442 611 tatis
466 579 605 611 evertit?
630 581 701 619 quis
725 580 764 610 ad
789 586 910 610 tantam
936 579 1094 609 miseriam
1121 576 1255 611 reduxit,
1288 583 1323 606 ut

368 631 521 662 tanquam
546 623 696 653 miserum
722 622 859 653 cadaver
882 623 915 652 in
939 629 1076 653 stercore
1100 617 1322 650 volutaretur?

369 666 466 697 Multi
491 665 619 705 quidem
651 665 785 704 improbi
817 664 963 695 homines
993 674 1082 694 suam
1114 663 1165 693 hie
1195 671 1324 701 operam

369 708 523 743 locarunt,
554 708 608 738 sed
640 708 782 738 omnium
814 707 971 738 malorum
1001 707 1132 737 istorum
1163 710 1324 735 auctorem

369 751 468 782 fuisse
499 750 659 781 diabolum
689 750 816 785 seimus.
845 751 925 781 sacta
950 749 1010 789 ipsi
1034 749 1122 789 prius
1145 758 1162 777 a
1187 747 1325 778 Domino

370 801 543 833 potestate:
578 803 673 832 quam
697 792 837 832 alioquin
861 804 878 822 a
902 804 935 823 sc
960 803 1022 824 nou
1048 790 1218 822 habuisset.
1263 789 1326 819 Ve-

371 846 443 866 rum
470 835 540 866 lieet
565 846 582 866 a
607 834 732 865 diabolo
756 834 865 866 multis
890 834 1189 875 persequutionibus
1213 842 1324 872 urgea-

370 889 452 913 mur,
479 888 541 908 non
566 877 723 917 permittit
748 883 853 908 tamen
869 877 1026 908 Dominus
1050 877 1120 907 illas
1144 886 1212 906 esse
1237 874 1326 905 nobis

834 282 922 313 Deus
953 281 1037 311 enim
1069 288 1162 318 saepe
1186 277 1319 308 diabolis
1343 282 1346 319 1
1373 287 1443 308 mus
1464 285 1523 307 nos
1547 285 1612 306 non
1635 280 1763 307 tantum
1782 273 1980 315 corporalem
1999 273 2253 315 castigationem,
2271 274 2327 306 sed

1373 326 1536 350 aeternam
1561 318 1808 355 damnationem,
1831 322 1960 358 propter
1983 316 2128 347 innatam
2151 317 2240 348 nobis
2259 327 2328 348 cor-

1374 362 1558 402 ruptionem
1582 361 1707 392 mereri.
1752 360 1817 393 Sed
1840 369 1938 400 quum
1961 358 2050 390 Deus
2075 359 2237 399 improbos
2259 358 2327 391 dia-

1375 404 1519 435 bolorum
1548 413 1647 434 manu
1677 403 1815 444 corripit.
1849 408 1881 433 et
1909 402 1988 442 ipsis
2017 401 2124 441 tradit,
2147 401 2243 442 longe
2265 401 2328 433 alia

1348 481 1349 486 ¹
1376 453 1423 478 cst
1446 448 1585 487 ipsorum
1609 456 1703 486 quam
1722 446 1864 478 fidelium
1883 444 2031 483 conditio,
2050 444 2133 484 quod
2153 444 2186 475 hi
2198 444 2328 484 quidem

1375 491 1421 521 ita
1443 490 1653 529 castigantur,
1677 495 1714 520 ut
1735 490 1768 520 in
1789 489 1925 519 salutem
1945 487 2024 527 ipsis
2042 487 2134 519 cedat
2151 487 2328 528 castigatio,

1377 531 1528 572 improbis
1551 536 1658 562 autem
1681 538 1712 562 et
1733 531 1916 562 infidelibus
1935 530 1967 560 in
1988 529 2131 560 exitium.
2156 530 2330 561 Caeterum

1350 597 1351 601 ,
1377 575 1483 606 Deum
1503 574 1709 606 observemus
1726 576 1771 606 sic
1790 575 1835 605 uti
1856 572 2053 603 diabolorum
2068 583 2173 613 opera,
2193 572 2329 604 utnulla

371 921 502 957 noxias,
538 920 592 951 sed
628 920 733 959 potius
767 920 799 950 iu
835 920 1085 951 misericordiam
1120 927 1149 949 et
1190 917 1354 948 salutem'

371 970 515 993 nostram
539 971 715 993 convertet.

373 1090 485 1131 Neque
507 1091 591 1122 enim
613 1090 712 1120 vitam
736 1098 767 1120 et
791 1091 929 1121 animam
953 1091 1051 1130 ipsius
1071 1089 1251 1128 attius-rendi
1274 1098 1327 1128 po-

376 1138 523 1164 testatem
559 1133 679 1169 habuit‚
717 1133 771 1163 sed
805 1134 891 1163 intra
932 1135 1088 1173 praefixos
1125 1131 1278 1162 terminos
1311 1141 1328 1161 a

377 1176 518 1207 Domino
541 1185 674 1206 manere
697 1175 815 1206 debuit.
861 1176 905 1206 Et
927 1176 1054 1215 quidem
1085 1180 1226 1215 apparet,
1256 1174 1328 1204 lieet

377 1220 560 1259 affligamur
589 1230 605 1249 a
639 1218 704 1249 Deo
735 1218 773 1248 ad
804 1229 860 1249 nos
889 1217 1121 1254 humiliandos,
1152 1225 1182 1247 et
1212 1216 1329 1248 idcireo

377 1261 502 1292 diabolo
526 1261 689 1301 permittat
719 1261 750 1291 iu
779 1271 836 1292 nos
866 1261 1002 1300 aliquam
1034 1267 1235 1301 potestatem,
1266 1270 1328 1290 non

375 1304 448 1335 ideo
473 1311 579 1335 tamen
604 1304 698 1334 licere
723 1303 767 1333 illi
791 1303 1002 1343 quodcunque
1026 1303 1120 1339 volet,
1144 1312 1246 1342 nequo
1265 1301 1330 1332 cxi-

375 1347 474 1378 tiosas
506 1348 572 1378 fore
606 1346 794 1377 afflictiones
827 1354 857 1377 et
891 1346 1088 1377 calamitates
1127 1355 1330 1385 quascunque

379 1389 508 1421 tandem
532 1389 710 1420 immiserit.
745 1388 848 1420 Immo
869 1389 982 1429 potius,
1006 1389 1086 1429 quod
1111 1389 1204 1428 longe
1227 1387 1331 1418 maius

378 1439 436 1470 est,
466 1443 519 1463 eas
551 1432 640 1462 nobis
670 1432 702 1462 in
728 1431 848 1463 bonum
872 1442 1016 1463 cessuras
1046 1437 1169 1463 certum
1191 1436 1248 1468 est,
1278 1429 1330 1460 vel

380 1486 420 1507 ex
442 1475 512 1515 ipsa
536 1475 628 1505 Pauli
653 1475 772 1514 primae
797 1473 836 1505 ad
856 1473 1040 1506 Corinthios
1063 1473 1194 1514 epistola
1216 1483 1283 1512 cap.
1301 1472 1329 1507 5,

380 1518 436 1549 ubi
471 1528 567 1557 quum
601 1518 630 1547 in
662 1522 853 1548 scortatores
882 1517 1028 1548 invectus
1058 1521 1148 1552 esset,
1183 1516 1237 1555 qui
1267 1516 1331 1546 suis

381 1561 512 1600 flagitiis
546 1560 644 1590 veluti
674 1559 924 1598 indormiebant‚
955 1566 986 1590 et
1015 1559 1204 1590 nominatim
1234 1569 1331 1598 quum

382 1605 600 1635 incestuosum
629 1603 770 1633 Satanae
798 1601 989 1640 tradidisset,
1023 1603 1067 1632 ait
1100 1601 1158 1632 hoc
1190 1602 1259 1632 ficri
1293 1600 1330 1632 ad

384 1647 551 1677 interitum
575 1646 689 1681 earnis,
716 1653 750 1675 ut
773 1645 904 1685 spiritus
927 1645 1035 1677 salvus
1065 1645 1106 1676 sit
1129 1644 1179 1675 die
1202 1643 1334 1674 Domini

383 1689 467 1721 Iesu.
514 1689 641 1728 Ergone
666 1688 800 1718 Paulum
831 1687 973 1719 dicemus
1005 1698 1059 1719 eos
1089 1697 1167 1727 quos
1190 1696 1334 1718 exsecra-

384 1733 463 1763 tioni
485 1739 515 1762 et
539 1731 736 1762 anathemati
760 1730 900 1768 devovit,
929 1735 961 1761 et
994 1731 1032 1761 ab
1063 1729 1195 1761 eeclesia
1218 1730 1335 1764 reiecit,

384 1775 419 1806 in
433 1774 730 1806 condemnationem
743 1779 774 1803 et
792 1773 927 1804 exitium
951 1771 1102 1804 eiecisse?
1127 1772 1336 1811 Nequaquam

386 1829 480 1849 sane:
512 1817 565 1848 sed
598 1816 667 1847 illos
689 1816 829 1855 oportuit
852 1816 884 1846 in
908 1826 1004 1847 earne
1025 1815 1070 1846 sic
1094 1815 1132 1846 ab
1156 1815 1222 1854 ipso
1245 1815 1338 1845 casti-

387 1861 466 1902 gari,
498 1859 652 1890 nimirum
682 1858 720 1889 ad
752 1865 886 1898 tempus.
916 1865 951 1889 ut
981 1857 1020 1889 ad
1045 1857 1276 1897 poenitentiam
1306 1858 1337 1888 in

387 1904 513 1934 animae
537 1902 671 1933 salutem
695 1902 780 1941 ipsos
803 1901 960 1932 incitaret.
1005 1900 1152 1932 Profecto
1182 1906 1214 1930 et
1235 1900 1339 1939 ipsum

390 1945 527 1977 Paulum
541 1944 754 1984 conspicimus
767 1944 882 1975 diaboli
897 1943 1135 1983 persequutioni
1156 1943 1338 1980 obnoxium,

388 1993 421 2020 et
444 1998 514 2019 eam
538 1988 634 2018 fuisse
657 1986 824 2017 aDomino
847 1986 955 2016 datam
976 1986 1036 2025 ipsi
1059 1985 1158 2016 veluti
1181 1985 1339 2024 quandam

390 2031 640 2063 admonitionem
665 2036 696 2060 et
715 2029 957 2068 correptionem.
992 2027 1125 2060 Summo
1143 2028 1229 2058 enim
1242 2028 1341 2067 ipsius

391 2075 474 2105 bono
497 2075 615 2103 sactum
639 2078 695 2108 est,
720 2078 756 2102 ut
778 2072 846 2103 istis
869 2070 971 2103 modis
993 2077 1204 2107 exerceretur,
1231 2081 1270 2100 nc
1294 2072 1340 2100 ni-

389 2117 508 2148 mirum
533 2121 662 2155 propter
685 2114 841 2145 donorum
864 2114 926 2145 Dei
956 2113 1183 2145 abundantiam
1213 2112 1342 2143 insoles-

389 2166 475 2192 ceret
504 2165 534 2189 et
564 2158 739 2196 efferretur,
767 2163 862 2197 atquc
891 2157 937 2188 ita
958 2166 1110 2196 magnum
1133 2155 1341 2195 impedimen-

390 2209 459 2234 tum
477 2201 509 2231 in
534 2201 676 2231 muneris
700 2200 931 2240 exscquutione
956 2199 1040 2230 fideli
1059 2198 1119 2239 ipsi
1138 2197 1341 2229 obiiceretur:

390 2243 599 2286 quamobrem
623 2254 685 2273 nou
709 2243 802 2273 aliter
826 2243 930 2282 potuit
953 2241 1075 2273 Paulus
1098 2240 1136 2272 ab
1160 2241 1342 2280 arrogantia

391 2293 480 2319 tutus
511 2295 588 2323 esse,
623 2286 682 2316 nisi
714 2286 774 2316 boc
802 2284 889 2315 velut
918 2284 1056 2316 amuleto
1089 2289 1121 2314 et
1150 2284 1341 2323 protreptico

392 2330 574 2371 pharmaco.
623 2328 772 2368 Denique
810 2327 876 2358 lieo
910 2328 1015 2359 visum
1048 2332 1095 2358 est
1127 2326 1171 2357 ita
1205 2325 1342 2356 Paulum

391 2382 540 2404 exercere
564 2371 595 2401 in
619 2371 719 2410 ipsius
741 2380 899 2401 summam
924 2370 1103 2401 utilitatem.
1135 2368 1244 2407 Quare
1266 2379 1343 2407 quo-

393 2416 580 2453 tiescunque
604 2413 672 2443 Deo
697 2413 866 2449 videbitur,
899 2424 956 2444 nos
979 2411 1219 2452 quibuscunque
1243 2411 1344 2442 modis

394 2459 453 2498 ipsi
478 2456 631 2496 placuerit
655 2466 813 2489 exercere,
837 2455 910 2487 lieet
930 2454 1153 2486 instrumentis
1177 2457 1285 2485 utatur
1304 2455 1342 2484 ad

393 2510 451 2532 nos
473 2497 677 2539 corrigendos
701 2497 873 2530 incredulis
896 2505 927 2529 et-
957 2495 1226 2538 contemptoribus
1256 2495 1343 2527 verbi

395 2543 456 2581 sui,
490 2543 551 2573 imo
581 2547 612 2571 et
642 2541 774 2572 diabolis
804 2541 890 2581 ipsis.
925 2551 982 2572 nos
1011 2550 1048 2571 eo
1079 2549 1180 2579 usque
1209 2538 1343 2579 deprimi

395 2585 550 2625 deiiciquc
573 2594 629 2623 par
653 2590 708 2617 est.
731 2589 767 2615 ut
790 2585 938 2623 quoniam
961 2583 999 2614 ab
1021 2582 1144 2614 Adamo
1167 2581 1269 2622 primo
1292 2591 1345 2621 pa-

395 2633 486 2659 rente
509 2632 613 2658 ortum
638 2626 790 2663 ducimus,
821 2626 882 2657 iam
912 2626 1028 2658 infecto
1056 2635 1075 2656 a
1097 2629 1233 2665 peccato,
1267 2624 1344 2656 scia·

762 961 817 994 Sic
840 962 963 993 diabolo
987 962 1112 1002 quidem
1137 962 1250 991 factam
1275 971 1326 999 po-
1352 963 1354 988 ἴ

372 1013 521 1036 testatem
547 1005 693 1035 videmus
717 1004 830 1035 Iobum
859 1006 1021 1043 affligendi
1052 1013 1080 1034 et
1112 1004 1221 1034 multis
1244 1003 1326 1034 cala-
1353 1011 1354 1020 ¹

371 1048 537 1079 mitatibus
558 1047 693 1087 urgendi
713 1054 745 1078 et
763 1048 945 1087 premendi:
960 1047 1014 1078 sed
1035 1058 1096 1078 nou
1117 1045 1327 1086 opprimendi.
1353 1049 1355 1058 ¹

1378 619 1411 648 in
1434 619 1539 658 ipsum
1562 617 1674 648 cadere
1698 617 1795 657 possit
1817 616 1976 648 accusatio
2001 615 2077 646 mali
2106 615 2190 656 quod
2213 615 2329 646 admit-

1379 668 1460 697 tunt,
1484 659 1739 700 quandoquidem
1764 670 1862 700 prava
1885 657 2084 689 diabolorum
2103 658 2271 689 voluntate
2289 657 2330 688 ad

1379 713 1510 734 suorum
1525 702 1714 733 iudiciorum
1736 702 1998 741 exsequutiouem
2019 699 2169 731 abutitur.
2201 700 2330 731 Diaboli

1379 746 1506 786 quidem
1531 745 1610 776 nihil
1636 745 1696 775 nisi
1719 744 1928 785 perditionem
1947 745 2127 774 animarum
2146 751 2330 774 nostrarum

1380 799 1436 829 per
1459 799 1492 819 sc
1515 794 1685 827 expetunt:
1715 787 1769 819 sed
1797 787 1874 827 ipsis
1898 787 1941 817 ita
1965 786 2053 817 Deus
2077 786 2188 823 utitur,
2222 792 2260 816 ut
2290 785 2330 816 ad

1380 838 1580 871 peecatorum
1611 830 1807 870 agnitionem
1836 829 2000 860 venientes
2031 829 2160 859 veniam
2183 828 2330 868 deprece-

1380 885 1460 909 mur,
1485 880 1516 904 et
1535 883 1606 905 cum
1626 872 1806 904 humilitate
1824 871 1862 903 ad
1878 872 1981 903 Deum
2000 871 2188 902 accedamus
2207 881 2226 902 a
2242 871 2332 902 vitiis

1381 916 1540 957 purgandi
1576 922 1607 946 et
1634 914 1800 947 liberandi.
1846 916 1952 954 Atque
1983 915 2026 945 ita
2056 914 2207 954 quidquid
2241 914 2332 945 Deus

1380 970 1437 999 per
1458 959 1530 990 illos
1553 958 1627 989 licet
1649 968 1748 998 prava
1766 958 1980 989 instrumenta
1998 957 2192 996 exsequitur,
2212 956 2332 987 iustum

1381 1007 1413 1032 et
1435 1012 1570 1042 aequum
1593 1009 1649 1032 est.
1687 999 1812 1031 Diaboli
1836 1010 1912 1031 vero
1936 998 2010 1039 quid
2033 998 2121 1030 aliud
2143 1009 2240 1039 quam
2262 1009 2333 1031 cru-

1381 1044 1552 1079 delitatem,
1585 1053 1680 1083 quam
1711 1043 1914 1074 rebellionem
1945 1048 1976 1073 et
2005 1042 2240 1074 contumaciam
2267 1043 2333 1082 spi-

1381 1087 1476 1118 rant?
1503 1086 1566 1118 Sed
1591 1088 1634 1117 ita
1657 1094 1763 1117 tamen
1785 1085 1874 1117 Deus
1896 1096 1975 1125 opus
1998 1094 2092 1115 suum
2117 1085 2250 1124 perficit.
2285 1087 2333 1117 Ae

1382 1130 1539 1170 permittit
1561 1129 1687 1169 quidem
1711 1138 1939 1168 nonuunquam
1959 1127 2100 1158 habenas
2118 1127 2191 1165 illis,
2211 1134 2245 1158 ut
2263 1137 2333 1159 cru-

1382 1173 1494 1204 deliter
1507 1173 1602 1203 etiam
1621 1173 1654 1202 in
1667 1171 1728 1202 Dei
1748 1171 1828 1202 filios
1851 1171 2012 1202 saeviant:
2036 1170 2090 1201 sed
2110 1170 2181 1209 quis
2203 1169 2334 1202 tandem

1382 1221 1430 1246 est
1454 1216 1546 1246 istius
1569 1215 1710 1255 ipsorum
1733 1213 1930 1245 crudelitatis
1953 1212 2082 1243 exitus?
2107 1212 2230 1253 Nempe
2243 1212 2334 1246 Deus

1356 1294 1357 1298 Ἰ
1384 1259 1511 1289 tandem
1543 1268 1608 1288 nou
1637 1257 1827 1296 impunitam
1858 1256 2017 1295 relinquet
2047 1255 2272 1287 crudelitatem
2302 1262 2336 1288 et

1384 1300 1597 1341 tyrannidem,
1622 1310 1717 1340 quam
1740 1299 1802 1337 isti,
1825 1299 1898 1330 licet
1921 1298 2049 1329 divinae
2073 1298 2214 1329 iustitiae
2237 1298 2336 1330 admi-

1384 1344 1477 1375 nistri
1500 1349 1530 1374 et
1554 1343 1776 1377 instrumenta,
1799 1347 2019 1378 exercuerunt,
2044 1350 2125 1380 quae
2148 1341 2276 1372 tandem
2301 1341 2334 1372 iu

1383 1387 1525 1426 ipsorum
1556 1384 1853 1417 condemnationem
1881 1389 1913 1415 et
1941 1384 2074 1414 exitium
2103 1388 2151 1414 est
2174 1383 2334 1416 redunda-

1385 1437 1465 1460 tura.
1518 1428 1601 1460 Nam
1633 1428 1691 1459 etsi
1717 1427 1766 1458 illi
1794 1426 1919 1467 quidem
1949 1426 2069 1457 malum
2106 1426 2189 1466 quod
2225 1427 2336 1466 poenis

1385 1472 1517 1513 dignum
1541 1476 1589 1502 est
1613 1471 1760 1511 puniunt,
1784 1480 1847 1501 non
1869 1475 1975 1500 tamen
1999 1468 2033 1499 in
2052 1468 2114 1499 Dei
2136 1469 2337 1501 voluntatem

1384 1515 1569 1555 respiciunt,
1593 1513 1648 1545 scd
1671 1512 1775 1553 potius
1797 1513 1935 1543 furorem
1959 1522 2053 1543 suum
2076 1517 2108 1542 et
2130 1512 2251 1543 rabiem
2273 1523 2337 1553 qua

1386 1557 1484 1589 bonos
1505 1556 1640 1588 oderunt
1665 1560 1850 1595 sequuntur.
1884 1554 2004 1585 Eadem
2028 1554 2245 1593 improborum
2269 1561 2337 1587 esto

1386 1601 1476 1638 rati0‚
1499 1599 1614 1640 quibus
1636 1608 1730 1638 saepe
1742 1597 1831 1629 Deus
1853 1597 1954 1629 utitur
1976 1597 2115 1628 iustitiae
2137 1607 2213 1628 suae
2235 1597 2336 1629 admi-

1387 1644 1512 1674 nistris:
1546 1653 1619 1673 nam
1648 1651 1742 1681 saepe
1767 1641 1855 1672 Deus
1877 1650 1934 1680 per
1956 1639 2115 1679 improbos
2138 1649 2196 1670 sua
2218 1640 2338 1672 iudicia

1388 1690 1527 1717 exercet.
1572 1684 1659 1724 Quid
1682 1683 1767 1714 enim
1790 1683 1909 1723 putatis
1930 1682 2000 1713 fieri
2023 1692 2121 1721 quum
2146 1682 2229 1714 bella
2252 1683 2339 1714 exci-

1389 1734 1506 1764 tantur,
1531 1738 1638 1758 nonne
1662 1726 1731 1757 Deo
1755 1730 1902 1757 movente
1924 1725 2090 1756 homiuum
2114 1724 2336 1757 voluntatem?

1389 1771 1521 1804 Certum
1544 1771 1630 1802 enim
1653 1776 1702 1801 est
1715 1769 1820 1800 Deum
1840 1768 1908 1799 istis
1926 1767 2027 1798 modis
2046 1767 2127 1798 velle
2146 1768 2338 1808 populorum

1390 1814 1545 1845 malitiam
1573 1812 1746 1852 castigare:
1777 1817 1809 1842 et
1837 1818 1942 1842 tamen
1973 1820 2034 1841 non
2065 1811 2206 1841 eximere
2229 1811 2341 1851 poenis

1391 1857 1514 1888 meritis
1545 1866 1598 1887 eos
1627 1855 1743 1895 quibus
1772 1852 1992 1885 instrumentis
2022 1862 2098 1883 usus
2131 1853 2238 1884 fuerit.
2287 1854 2341 1886 An

1391 1900 1476 1931 enim
1506 1898 1728 1930 existimamus
1757 1897 1828 1928 idco
1858 1902 1964 1937 gratos
1991 1901 2023 1925 et
2059 1901 2218 1935 acceptos,
2255 1897 2342 1936 quod

1366 1977 1367 1986 ἵ
1392 1953 1448 1983 per
1470 1953 1523 1973 eos
1545 1941 1676 1981 impleta
1694 1950 1752 1972 sua
1769 1940 1834 1971 sint
1852 1936 1990 1970 iudicia?
2025 1937 2160 1969 Minime
2179 1939 2341 1979 gentium:

1364 2009 1367 2044 ,¹

1364 2055 1367 2070 l

1364 2087 1367 2103 l

1366 2142 1367 2158 l

1366 2159 1367 2171 l

1391 1985 1447 2016 sed
1470 1983 1535 2016 odit
1557 1983 1663 2024 potius
1686 1993 1764 2023 quos
1788 1981 1931 2018 avaritia,
1952 1990 2029 2021 quos
2051 1980 2147 2017 furor,
2172 1991 2251 2020 quos
2269 1992 2340 2013 eru-

1393 2028 1518 2067 delitas,
1548 2037 1627 2067 quos
1657 2025 1796 2063 ambitio,
1826 2035 1889 2055 non
1920 2029 2026 2055 autem
2050 2023 2111 2054 Dei
2135 2023 2254 2063 gloriae
2277 2029 2343 2056 stu-

1393 2071 1480 2101 dium
1520 2069 1645 2109 impulit
1677 2073 1709 2100 et
1742 2067 1903 2099 excitavit.
1958 2064 2022 2097 Sed
2056 2065 2103 2095 illi
2140 2072 2246 2097 tamen
2281 2067 2342 2099 Dei

1393 2117 1593 2144 votuntatem
1613 2115 1843 2151 exsequuntur,
1862 2114 1894 2141 et
1912 2108 2027 2140 iudicia
2045 2108 2222 2148 perficiunt.
2256 2108 2343 2141 Sane

1393 2155 1537 2195 quidem:
1561 2164 1674 2186 verum
1698 2153 1800 2185 alieno
1824 2152 1916 2184 aDei
1935 2151 2096 2182 voluntate
2115 2157 2146 2181 et
2164 2150 2344 2184 obedientia

1393 2199 1508 2229 animo.
1554 2197 1598 2228 Et
1626 2196 1674 2228 illi
1703 2195 1839 2236 quidem,
1870 2195 1978 2232 fateor,
2007 2203 2082 2224 suos
2111 2199 2252 2233 conatus,
2282 2195 2345 2226 nisi

1366 2262 1368 2271 ,
1394 2241 1462 2272 Deo
1485 2240 1701 2281 permittente,
1724 2240 1877 2279 perficere
1898 2246 1962 2268 non
1985 2242 2124 2276 possent.
2158 2236 2242 2267 Nam
2255 2237 2345 2270 Deus

1393 2284 1460 2324 ipse
1491 2283 1573 2315 bella.
1595 2288 1714 2314 movet:
1746 2282 1834 2313 Deus
1862 2280 1902 2312 ad
1924 2289 2012 2311 arma
2034 2283 2134 2315 vocat,
2164 2279 2232 2319 ipse
2254 2279 2346 2311 Deus

1395 2327 1467 2357 terit
1496 2332 1529 2357 et
1557 2325 1668 2357 caedit.
1715 2323 1840 2363 Quibus
1869 2332 1946 2354 vero
1969 2320 2099 2352 tandem
2123 2332 2199 2353 usus
2223 2322 2345 2354 instru-

1395 2368 1532 2399 mentis?
1566 2366 1763 2399 Hominibus
1785 2376 1860 2398 sane
1882 2365 2023 2397 iustitiae
2046 2374 2122 2395 suae
2146 2364 2345 2397 administris

1396 2412 1511 2451 utitur,
1554 2411 1608 2451 qui
1649 2415 1757 2440 tamen
1797 2409 1862 2440 suis
1896 2407 2045 2448 operibus
2079 2406 2343 2439 condemnantur.

1394 2453 1517 2484 Verum
1550 2453 1715 2484 enimvero
1748 2462 1855 2483 nonne
1887 2449 1977 2491 digni
2016 2453 2092 2480 sunt
2131 2450 2345 2487 excusatione.

1395 2506 1472 2536 quos
1502 2507 1538 2527 eo
1567 2496 1656 2527 Deus
1685 2494 1834 2535 impulit?
1885 2492 2020 2525 Minime
2049 2492 2209 2533 gentium,
2244 2503 2343 2533 quum

1396 2549 1506 2569 eorum
1533 2538 1769 2575 condemnatio,
1810 2547 1873 2568 non
1904 2535 1943 2567 ab
1977 2534 2036 2565 hoc
2066 2534 2179 2566 ultimo
2209 2540 2346 2575 peceato,

1396 2581 1450 2611 sed
1481 2591 1499 2612 a
1529 2581 1708 2620 praeteritis
1738 2577 2043 2621 transgressionibus
2073 2582 2105 2608 et
2127 2577 2259 2618 flagitiis
2281 2587 2347 2610 ma-

1396 2623 1490 2661 narit,
1510 2624 1721 2664 ultimumque
1740 2633 1846 2655 secum
1866 2621 2009 2659 exitium,
2029 2619 2127 2652 veluti
2146 2620 2212 2652 iam
2230 2619 2347 2652 redun-
