2551 3044
107 200 169 232 409

108 302 238 327 nentem
259 297 416 329 metuant,
436 296 468 323 et
486 291 640 323 adversus
659 289 744 328 ipsos
762 287 856 318 multi
877 287 1070 327 conspirent,

109 343 144 369 ut
179 337 344 377 deplorata
376 334 461 367 salus
492 333 656 367 videatur,
691 336 722 361 et
754 330 830 361 hinc
858 328 933 360 inde
964 329 1074 359 multis

109 379 345 412 calamitatibus
368 383 400 409 et
422 375 647 408 afflictionibus
671 378 870 414 premantur,
895 371 1072 402 remedium

111 429 219 454 tamen
243 421 397 452 adversus
420 425 468 450 tot
489 418 574 449 mala
598 421 629 447 et
653 415 840 447 discrimina
861 414 976 454 quibus
997 413 1074 444 alio-
1099 446 1101 457 A

111 466 187 506 quin
218 465 440 499 obruerentur,
470 461 670 495 inventuros,
702 458 796 488 modo
826 468 915 497 spem
947 467 1073 487 omnem

111 519 201 539 suam
235 507 269 537 in
298 506 366 536 Deo
395 504 566 535 collocent:
598 502 657 532 hac
686 507 795 531 tamen
826 499 1009 531 conditione
1041 504 1075 530 ut
1100 499 1101 519 l

112 551 215 581 Deum
240 549 376 580 sciamus
398 546 552 577 auxilium
578 555 672 575 suum
696 544 787 574 nobis
811 542 1019 582 pollicentem
1043 547 1075 573 et

113 592 245 624 tutelam
263 601 299 622 ac
318 589 562 630 protectionem⁷
581 587 664 618 nolle
683 592 789 617 tamen
805 585 945 616 molliter
958 585 1075 622 fovere,

111 645 214 674 neque
243 632 473 664 beatitudinem
502 630 664 670 quandam
696 634 848 668 tanquam
872 629 904 658 in
930 628 1074 658 terrestri
1100 643 1101 656 l

110 675 255 718 paradiso
277 674 431 715 polliceri.
476 674 561 704 Nam
584 683 648 703 non
671 671 806 711 impedit
829 671 891 702 Dei
915 670 1074 701 auxilium

110 725 142 751 et
171 719 296 750 bonitas
324 717 496 758 quominus
526 726 583 747 nos
613 715 681 755 ipse
704 714 813 745 multis
836 712 1075 745 calamitatibus

110 767 142 793 et
179 761 316 792 miseriis
352 764 509 791 exerceat.
564 758 674 797 Quare
707 762 878 789 contentos
913 766 972 786 nos
1005 765 1075 787 esse

110 809 235 845 oportet
253 804 313 835 hac
331 802 520 838 conditione,
544 802 612 832 fore
637 806 671 831 ut
693 811 750 831 nos
774 800 880 840 ipsum
904 809 943 829 ex
968 798 1074 829 animo

109 847 296 878 invocantes
325 856 367 877 ex
395 844 543 876 omnibus
566 842 810 875 difficultatibus
835 846 936 877 eruat,
966 842 1075 873 nobis-

109 900 170 930 que
197 900 251 920 eas
281 889 365 920 vires
395 887 544 925 sufficiat,
575 886 691 926 quibus
722 886 861 916 victores
891 883 1074 921 evadamus,

111 937 142 964 et
175 931 276 963 nostri
310 940 476 970 nunquam
510 929 729 964 obliviscatur,
765 939 865 968 quum
901 927 941 958 ad
976 928 1075 968 ipsius

111 974 245 1007 verbum
279 974 393 1004 attenti
421 972 588 1008 fuerimus,
622 977 654 1003 et
684 971 899 1003 obedientiam
932 978 1074 1002 nostram

110 1023 263 1057 tanquam
286 1016 478 1047 sacrificium
503 1021 631 1056 gratum
654 1014 780 1050 habeat,
810 1024 908 1054 quum
934 1014 994 1054 ipsi
1018 1024 1075 1044 nos

110 1060 373 1096 dedicaverimus,
398 1064 430 1090 et
449 1058 488 1089 de
507 1058 644 1098 acceptis
668 1057 832 1089 beneficiis
856 1056 979 1096 gratias
1002 1067 1074 1097 ege·

109 1103 219 1141 rimus,
249 1102 444 1141 tandemque
474 1101 508 1131 in
537 1106 658 1132 rectam
690 1100 775 1130 viam
801 1100 847 1131 ita
870 1098 1016 1136 deducat,
1041 1104 1076 1129 ut

111 1145 240 1176 tandem
280 1145 321 1176 ad
358 1144 549 1185 promissam
584 1143 677 1174 nobis
711 1143 749 1174 ab
785 1143 853 1183 ipso
887 1141 1074 1174 felicitatem

111 1188 346 1228 perveniamus.

196 1231 264 1262 Iam
289 1241 363 1262 vero
386 1230 481 1271 agite,
503 1232 553 1260 etc.

362 1514 602 1554 HOMILIA
632 1512 821 1552 LXXIX.

477 1574 575 1606 OAP.
600 1573 714 1605 XXII.

198 1687 226 1716 1.
257 1685 343 1716 Abiit
371 1695 440 1726 erqo
461 1686 571 1718 David
598 1686 671 1716 inde
693 1687 719 1716 et
740 1685 823 1725 fuyit
843 1685 878 1715 in
901 1684 1077 1723 speluncam

115 1728 263 1760 Odollam.
301 1729 388 1767 Quod
406 1739 500 1768 quum
522 1729 682 1760 audissent
703 1728 819 1768 fratres
841 1728 908 1758 eins
930 1730 957 1758 et
979 1728 1079 1759 omnis

111 1771 218 1803 domus
234 1772 341 1811 patris
362 1772 430 1803 eius
451 1772 671 1803 descenderunt
693 1771 734 1802 ad
757 1781 825 1802 enm
853 1770 934 1801 illue.
981 1770 1010 1802 2.
1034 1769 1078 1801 Et

111 1817 310 1846 convenerunt
327 1814 369 1845 ad
386 1824 455 1845 eum
474 1825 577 1846 omnes
600 1815 653 1854 qui
676 1816 763 1845 erant
785 1814 818 1844 in
841 1813 987 1854 angustia
1010 1823 1077 1844 con-

111 1857 210 1888 stituti
242 1860 268 1888 et
300 1858 437 1896 oppressi
471 1868 541 1888 aere
573 1858 672 1889 alieno
706 1860 732 1888 et
761 1866 869 1887 amaro
900 1856 1019 1888 animo.-
1052 1859 1078 1887 et

109 1901 211 1939 factus
240 1902 283 1931 est
311 1909 416 1931 eorum
436 1901 593 1939 princeps,
623 1901 806 1939 fueruntque
834 1909 902 1930 enm
930 1909 963 1930 eo
986 1900 1079 1939 qecasz'

111 1943 330 1983 quadrinyenti
350 1943 420 1974 viri.
466 1943 495 1974 3.
518 1943 562 1974 Et
578 1943 734 1984 profectas
757 1945 797 1973 est
820 1942 929 1974 David
951 1942 1023 1973 inde
1046 1943 1078 1973 z'n

115 1984 250 2025 Maspha
278 1995 354 2025 quae
383 1988 424 2017 est
454 1985 564 2025 DIoab,
601 1990 626 2017 et
657 1986 737 2017 dixit
769 1986 810 2017 ad
838 1996 940 2026 reyem
969 1985 1076 2023 Moab,

114 2031 235 2060 maneat
262 2038 313 2058 oro
336 2031 430 2068 pater
449 2039 535 2060 meus
557 2032 584 2060 et
605 2032 703 2060 mater
722 2039 790 2060 mea
812 2029 965 2060 vobiscum
988 2028 1078 2060 donec

114 2071 210 2102 sciam
242 2071 319 2110 quid
349 2071 447 2110 faeiat
478 2071 556 2102 mihi
584 2072 679 2104 Deus.
731 2072 761 2102 4.
796 2071 839 2102 Et
870 2071 997 2110 reliquit
1030 2081 1079 2102 eos

115 2115 183 2144 ante
214 2113 324 2154 faeiem
358 2115 440 2155 reyis
473 2114 581 2146 Moab.-
621 2116 858 2154 manseruntque
892 2115 976 2153 apud
1009 2124 1079 2145 eum

115 2157 229 2187 cunctis
272 2156 378 2188 diebus
421 2157 530 2196 quibus
574 2157 682 2189 David
724 2157 785 2196 fuit
829 2157 861 2188 in
905 2157 1077 2196 praesidio.

117 2197 146 2230 5.
169 2198 317 2237 Dixitque
331 2199 413 2231 Gatlz
430 2200 585 2239 propheta
607 2200 648 2231 ad
661 2200 784 2232 David:
826 2200 900 2230 Noli
923 2210 1079 2231 remanere

117 2241 151 2271 in
176 2241 343 2280 praesidio,
369 2243 574 2284 proficiscere,
604 2245 630 2274 et
657 2243 734 2274 vade
763 2244 796 2274 in
826 2246 941 2273 terram
969 2243 1078 2274 Iudae.

119 2281 163 2314 Et
180 2284 334 2323 profectus
355 2288 399 2316 est
421 2285 529 2317 David
551 2288 576 2317 et
595 2286 677 2317 venit
699 2286 732 2317 in
754 2285 868 2317 saltum
893 2285 1021 2316 Haretlz.

203 2376 351 2409 Vidimus
380 2378 536 2411 hactenus
566 2390 629 2420 qua
656 2381 781 2411 ratione
820 2390 948 2411 servum
984 2390 1078 2411 suum

121 2418 279 2451 Davidem
312 2419 401 2452 Deus
441 2431 482 2453 ex
509 2422 700 2454 imminente
743 2423 857 2454 mortis
892 2423 1078 2454 discrimine

119 2461 204 2510 apud
238 2462 428 2494 Philistaeos
455 2466 587 2502 eruerit,
624 2475 705 2506 quae
734 2465 807 2497 licet
838 2466 944 2506 prima
974 2466 1078 2497 fronte

120 2506 258 2552 intuenti
288 2505 424 2537 ridicula
453 2506 616 2546 videatur,
654 2509 737 2548 quod
774 2508 935 2540 insaniam
969 2509 1077 2540 David

118 2546 288 2584 Simularit,
311 2547 520 2580 nihilominus
543 2556 650 2582 tamen
675 2551 857 2583 admirabili
870 2551 931 2582 Dei
957 2551 1078 2582 virtute

119 2589 295 2637 perfectum
317 2600 386 2621 esse
406 2596 528 2623 certum
550 2598 607 2624 est.
641 2593 690 2624 Ac
712 2594 786 2626 licet
808 2595 842 2625 in
855 2594 960 2634 specie
984 2594 1077 2625 valde

119 2633 249 2663 infirma
289 2632 436 2664 videatur
479 2634 573 2675 longe
614 2642 720 2668 tamen
769 2637 867 2668 fuisse
912 2637 1076 2668 fortiorem

752 193 799 224 IN
824 193 847 223 I.
874 192 958 223 LIB.
984 192 1182 224 SAMUEL.
1209 192 1305 223 CAP.
1330 191 1443 223 XXII.

2030 192 2091 220 41«)

1127 287 1276 316 omnibus
1312 288 1446 316 terrenis
1481 285 1700 323 adminiculis,
1736 284 1819 325 quod
1856 295 1905 315 rcs
1939 284 2008 324 ipsa
2042 283 2092 315 dc-

1126 329 1329 359 monstravit⁴
1377 329 1458 359 Nam
1483 329 1580 359 Achis
1604 328 1687 359 oculi
1712 338 1843 367 prorsus
1867 327 2091 367 caligaverunt

1127 371 1165 401 ad
1198 371 1342 411 Davidis,
1373 372 1531 403 insaniam
1563 370 1759 407 simulantis,
1786 376 2004 409 conspectum,
2037 370 2091 409 qui

1126 419 1233 444 tamen
1265 419 1389 454 poterat
1428 414 1510 453 apud
1541 425 1574 444 sc
1606 414 1762 453 cogitare,
1794 413 1978 444 simulatam
2010 412 2093 443 hauc

1127 467 1194 487 esse
1226 457 1396 493 insaniam,
1428 467 1509 495 quac
1546 468 1608 487 non
1646 462 1753 497 posset
1789 456 1821 487 in
1853 455 2012 486 Davidem
2046 460 2093 485 tot

1128 499 1287 538 tantisque
1326 498 1501 530 virtutibus
1536 499 1658 529 clarum
1694 498 1830 538 cadere,
1881 509 1916 529 ac
1958 497 2093 538 proinde

1127 542 1291 577 sciscitari,
1327 552 1388 581 quo
1423 552 1498 573 casu
1535 552 1639 581 quave
1673 542 1837 572 occasione
1874 545 2001 571 tantum
2032 540 2093 579 ipsi

1127 584 1340 615 infortunium
1365 584 1547 615 accidisset:
1572 584 1626 615 sed
1651 589 1727 615 tunc
1746 583 1847 615 Achis
1869 593 1997 613 omnem
2021 594 2094 613 sen-

1128 638 1198 658 sum
1223 632 1256 657 et
1280 627 1413 657 rationis
1437 637 1532 657 usum
1558 626 1626 657 Deo
1650 627 1786 658 faciente
1818 626 1935 662 amisit,
1966 630 2001 656 ut
2035 626 2093 656 hac

1127 670 1251 700 ratione
1275 669 1394 700 Davisii
1420 668 1509 700 velut
1533 680 1549 700 e
1578 669 1678 700 lconis
1710 669 1854 700 faucibus
1884 668 1990 699 exitus
2020 678 2094 699 con-

1127 712 1302 745 cederetur.
1328 723 1422 751 quem
1447 717 1481 741 ut
1505 716 1579 742 ante
1604 712 1740 743 vidimus
1764 711 1958 743 Philisthaei
1981 720 2094 741 omnes

1127 755 1259 785 oderant
1291 765 1370 785 cane
1400 755 1492 794 peius
1523 759 1554 785 et
1584 765 1698 794 angue.
1754 753 1955 785 Admiranda
1992 753 2093 794 igitur

1100 798 1102 802 '
1129 798 1187 828 fuit
1210 798 1271 827 ista
1295 797 1450 833 liberatio,
1476 807 1492 827 a
1518 797 1577 827 Dei
1604 797 1744 827 bonitate
1769 795 1999 828 inexstimabili
2023 806 2094 835 pro-

1129 850 1263 871 manans
1287 841 1378 871 cuius
1401 840 1426 870 si
1452 850 1513 870 non
1538 840 1629 870 initio
1661 840 1770 870 statim
1802 840 1905 870 virtus
1935 838 2092 878 apparuit,

1129 890 1236 914 tamen
1260 893 1341 922 opus
1363 893 1457 913 suum
1483 882 1572 913 Deus
1595 883 1626 913 in
1648 882 1837 913 infirmitate
1862 881 1997 913 Davidis
2022 892 2092 920 per—

1127 925 1214 965 fecit,
1238 931 1271 956 ut
1295 925 1435 966 amplam
1460 925 1629 956 materiam
1654 926 1685 955 in
1710 926 1778 955 Deo
1801 924 1960 964 gloriandi
1988 923 2093 954 David

1128 968 1295 999 habuerit:
1320 967 1402 1008 quod
1415 968 1512 999 etiam
1526 967 1616 998 illum
1630 968 1755 1007 publica
1767 968 1946 1008 gratiarum
1967 967 2093 997 actione

1128 1016 1281 1042 testatum
1306 1021 1374 1042 esse
1398 1010 1550 1042 concione
1572 1011 1734 1050 superiore
1759 1010 1906 1040 vidimus.

1213 1053 1378 1093 Sequente
1409 1064 1484 1084 vero
1514 1054 1577 1083 iam
1601 1053 1703 1092 capite
1734 1053 1850 1084 dicitur
1879 1052 1989 1084 David
2019 1051 2094 1082 inde

1128 1096 1279 1128 recedens
1303 1096 1424 1136 fugisse
1445 1096 1477 1126 in
1501 1096 1685 1135 speluncam
1710 1095 1871 1127 Odollam.
1909 1095 2000 1134 Quae
2024 1101 2093 1125 ten-

1128 1140 1208 1170 tatio
1238 1138 1374 1170 Davidis
1405 1138 1505 1169 altera
1544 1139 1603 1169 fuit
1642 1139 1848 1177 gravissima:
1888 1149 1962 1169 nam
2000 1137 2093 1168 illum

1128 1182 1292 1222 opportuit
1316 1181 1354 1213 ad
1386 1181 1472 1212 vitae
1496 1181 1693 1221 praesidium
1724 1181 1815 1212 velut
1844 1181 1876 1212 in
1908 1181 2092 1221 sepulerum

1128 1225 1264 1265 ingredi,
1289 1229 1320 1255 et
1332 1229 1445 1255 contra
1459 1230 1609 1255 naturam
1624 1224 1747 1254 vivere:
1772 1234 1846 1254 nam
1865 1230 1938 1255 aere
1952 1224 2093 1255 vivimus

1128 1269 1215 1299 etin
1240 1267 1408 1298 hominum
1433 1267 1592 1298 societate.
1638 1266 1795 1297 Davidem
1827 1271 1934 1297 autem
1966 1272 2093 1306 oportet.

1129 1311 1297 1341 hominum
1328 1310 1478 1341 societate
1507 1314 1667 1341 extorrem
1702 1309 1736 1339 in
1766 1309 1985 1340 subterraneis
2016 1308 2092 1338 locis

1130 1354 1230 1384 vitam
1260 1352 1392 1393 degere:
1431 1363 1511 1392 quae
1541 1363 1618 1383 sane
1647 1352 1839 1392 gravissima
1866 1351 1927 1382 fuit
1957 1350 2092 1382 tentatio

1129 1397 1155 1427 si
1178 1395 1394 1428 conditionem
1415 1396 1517 1434 ipsius
1530 1395 1767 1434 expendamus:
1793 1395 1848 1425 vix
1868 1394 1954 1425 enim
1967 1393 2092 1434 pericu-

1128 1439 1193 1469 lum
1219 1439 1319 1470 evasit
1332 1449 1428 1478 quum
1443 1438 1475 1468 in
1498 1438 1584 1468 aliud
1608 1448 1671 1468 non
1690 1437 1796 1468 minus
1815 1437 1930 1468 durum
1955 1443 1986 1468 et
2005 1446 2092 1467 acer-

1130 1482 1204 1513 bum
1228 1482 1348 1519 incidit,
1373 1492 1411 1511 cx
1425 1492 1487 1520 quo
1511 1480 1650 1511 iudicare
1662 1490 1834 1520 possumus
1854 1480 1934 1510 duro
1948 1478 2091 1510 examini

1128 1524 1291 1555 Davidem
1315 1524 1514 1556 subiectum:
1539 1524 1656 1554 scimus
1679 1523 1763 1554 enim
1778 1533 1873 1562 quam
1886 1522 2092 1562 impatienter

1130 1568 1276 1598 homines
1309 1565 1593 1607 persequutionem
1633 1565 1754 1603 ferant,
1791 1571 1822 1595 et
1860 1575 1956 1604 quam
2001 1563 2093 1595 facile

1130 1616 1201 1650 post
1224 1620 1325 1641 unum
1350 1615 1405 1640 aut
1429 1609 1565 1640 alterum
1589 1616 1751 1640 certamen
1778 1608 1811 1638 in
1835 1607 2093 1647 disperationem

1130 1653 1272 1684 veniant.
1333 1653 1403 1683 Iam
1443 1662 1519 1682 vero
1560 1651 1669 1682 multis
1710 1650 1940 1681 tentationibus
1981 1649 2090 1679 David

1130 1697 1304 1733 restiterat,
1336 1695 1451 1735 quibus
1476 1700 1601 1725 tantum
1626 1694 1715 1725 abest
1739 1700 1772 1724 ut
1796 1693 1885 1723 Deus
1908 1694 2006 1723 finem
2030 1692 2089 1722 im-

1130 1746 1237 1778 ponat,
1261 1743 1296 1769 ut
1320 1743 1431 1770 eontra
1454 1747 1580 1777 semper
1602 1737 1681 1767 aliae
1705 1747 1745 1766 cx
1769 1736 1840 1766 aliis
1870 1742 2090 1766 renascantur.

1130 1782 1173 1812 Et
1196 1782 1256 1812 hoc
1280 1781 1422 1821 profecto
1446 1780 1552 1811 David
1584 1790 1648 1810 non
1672 1779 1870 1809 obliviscitur
1901 1778 2023 1817 psalmo
2053 1776 2092 1807 de

1129 1834 1192 1864 quo
1216 1830 1290 1855 ante
1321 1824 1444 1864 egimus
1468 1823 1517 1853 34.
1542 1833 1639 1862 quum
1664 1822 1721 1858 ait,
1746 1821 1858 1852 multas
1880 1820 2093 1851 tribulationes

1129 1868 1282 1898 iustorum
1294 1876 1372 1898 esse:
1396 1866 1449 1897 secl
1467 1866 1504 1897 de
1523 1865 1665 1896 omnihus
1675 1864 1805 1895 liberare
1816 1865 1899 1903 ipsos
1911 1863 2090 1894 Dominum.

1130 1910 1326 1950 Respexisse
1350 1914 1458 1940 autem
1484 1908 1641 1939 Davidem
1666 1907 1702 1937 ad
1729 1907 1811 1938 hanc
1841 1906 2010 1937 historiam
2035 1915 2090 1934 ne-

1130 1953 1210 1983 mini
1241 1952 1374 1983 dubium
1405 1957 1461 1983 est.
1513 1950 1621 1990 Quare
1651 1949 1756 1981 David
1793 1958 1988 1988 cognoscens
2018 1947 2088 1978 Deo

1130 1995 1255 2036 placere
1279 1996 1383 2035 ipsum
1408 2000 1454 2025 tot
1477 1994 1636 2032 tantisque
1668 1991 1909 2023 difficultatibus
1932 2000 2091 2027 exercere,

1131 2038 1255 2069 animos
1268 2039 1367 2069 sumit
1380 2044 1410 2068 et
1423 2048 1455 2067 se
1469 2037 1575 2076 ipsum
1589 2037 1657 2066 istis
1671 2035 1775 2066 verbis
1788 2034 1921 2071 solatur,
1933 2033 2090 2073 inquiens,

1130 2081 1256 2112 etiamsi
1279 2082 1356 2112 iusti
1370 2080 1470 2111 multa
1492 2080 1574 2109 ferre
1588 2076 1919 2109 debentincommoda
1937 2080 1969 2106 et
1982 2075 2091 2106 multis

1132 2135 1167 2155 ac
1191 2124 1290 2155 variis
1311 2121 1542 2154 tentationibus
1566 2120 1717 2157 exerceri,
1740 2124 1770 2150 et
1793 2118 1886 2150 modo
1910 2129 1967 2158 per
1989 2118 2091 2158 ignes,

1131 2166 1226 2197 modo
1249 2177 1306 2206 per
1331 2177 1430 2206 aquas
1460 2164 1575 2196 deduci
1603 2163 1770 2202 variasque
1801 2161 1995 2193 tentationes
2023 2167 2091 2191 tam

1130 2219 1149 2240 a
1178 2209 1301 2241 dextris
1331 2219 1427 2249 quam
1457 2219 1475 2238 a
1505 2207 1646 2238 sinistris
1674 2206 1750 2246 pati,
1784 2208 1815 2235 et
1846 2204 1996 2235 omnibus
2023 2213 2092 2234 esse

1131 2252 1280 2291 ludibrio,
1303 2251 1515 2283 nihilominus
1539 2255 1645 2280 tamen
1664 2249 1768 2279 Deum
1793 2247 1932 2277 miseriis
1954 2253 1984 2276 et
2008 2246 2090 2277 cala-

1132 2295 1298 2326 mitatibus
1321 2296 1461 2334 ipsorum
1486 2303 1610 2332 semper
1633 2291 1755 2322 felicem
1776 2290 1900 2320 exitum
1922 2299 2091 2320 concessu·

1132 2348 1213 2375 rum,
1238 2344 1275 2368 ut
1298 2347 1424 2377 semper
1447 2335 1585 2375 amplam
1612 2334 1670 2365 Dei
1701 2331 1899 2373 glorificandi
1923 2331 2090 2362 materiam

1132 2381 1281 2412 habeant.
1327 2381 1377 2411 Ex
1397 2378 1511 2419 quibus
1535 2381 1668 2417 apparot
1687 2376 1792 2406 Deum
1818 2374 1916 2405 variis
1940 2373 2092 2414 periculis

1130 2429 1162 2454 et
1185 2422 1428 2454 difficultatibus
1451 2432 1526 2452 suos
1550 2425 1751 2450 exercentem
1777 2418 1861 2448 vires
1883 2417 1980 2448 etiam
2004 2416 2092 2447 suffi-

1129 2476 1217 2503 cere,
1248 2470 1279 2496 et
1307 2466 1429 2496 invicta
1459 2463 1640 2495 constantia
1670 2471 1806 2492 armare.
1852 2459 1961 2498 Quare
1990 2469 2091 2498 quum

1130 2508 1265 2539 Davidis
1290 2508 1391 2539 luctas
1415 2512 1446 2538 et
1469 2515 1610 2537 summas
1633 2504 1799 2544 angustias
1822 2503 1996 2537 intuemur.
2020 2501 2091 2532 illa-

1129 2561 1200 2582 rum
1236 2551 1332 2582 etiam
1367 2550 1489 2581 exitum
1524 2559 1564 2579 ne
1597 2547 1832 2578 obliviscamur.
1886 2545 1970 2576 Nam
2003 2544 2031 2575 si
2059 2544 2093 2574 in

1129 2594 1231 2634 ipsius
1260 2593 1454 2624 tentationes
1489 2596 1614 2622 tantum
1639 2589 1746 2621 oculos
1782 2588 1994 2628 defigeremus
2017 2585 2094 2627 quid

1130 2636 1220 2668 nobis
1243 2636 1355 2667 fieret?
1380 2635 1489 2675 Quum
1512 2634 1641 2673 inquam
1667 2631 1813 2663 audimus
1840 2630 1997 2662 Davidem
2021 2629 2093 2661 odio
