2551 3044
146 209 205 240 317

145 305 265 335 feroces
295 303 367 343 oqui
398 303 517 334 fraenis
547 307 577 333 et
608 301 723 341 lupatis
753 303 950 336 coercentur,
982 304 1014 329 et
1043 310 1105 338 quo

146 346 249 385 magis
272 346 447 383 calcitrant,
470 355 506 376 eo
529 344 702 375 maioribus
726 341 897 373 calcarium
917 341 1032 373 ictibus
1051 351 1104 372 eo-

147 399 218 420 rum
247 388 349 419 latera
379 387 549 424 fodiuntur,
580 391 611 417 et
639 385 826 416 domantur:
861 385 906 415 sic
929 385 1025 415 etiam
1051 384 1104 424 qui

146 443 180 463 se
215 431 298 462 ultro
332 430 401 461 Deo
435 439 498 460 non
528 428 710 467 subiiciunt,
745 438 847 467 neque
878 438 911 458 se
940 427 978 458 ad
1004 427 1103 467 ipsius
1128 439 1130 450 ⁴

146 475 332 514 obsequium
356 477 560 511 componunt,
589 470 733 511 repetitis
756 469 871 501 ictibus
895 474 926 500 et
949 470 1062 510 poenis
1086 480 1103 500 a

145 517 215 548 Deo
244 516 346 547 solent
377 513 529 545 contundi
554 517 585 544 et
608 512 774 553 confringi.
820 512 1003 552 Conspicua
1026 517 1103 543 sunt

145 561 206 590 ista
229 558 337 590 Saulis
359 556 516 595 exemplo,
538 566 633 595 quem
657 555 760 586 malus
784 555 918 594 spiritus
942 554 1102 585 invadens

143 604 188 633 sic
218 600 319 638 torsit,
347 603 382 630 ut
412 597 547 630 Davidis
570 598 726 630 citharam
749 598 909 637 pulsantis
932 605 1029 629 cantu
1054 598 1101 628 iu-

143 644 210 676 vari
240 640 507 683 quemadmodum
539 648 632 672 antea
661 651 725 672 non
755 640 912 680 potuerit:
950 640 1100 680 quoniam

140 686 230 717 Deus
264 683 395 716 Saulem
429 693 485 723 pro
519 683 643 715 meritis
677 683 813 719 ulturus,
855 694 919 715 non
953 683 1101 723 permisit

140 727 276 760 Davidis
299 726 456 758 citharam
480 726 545 758 vim
569 726 687 757 habere
706 726 745 757 ad
764 726 870 766 ipsum
890 725 1099 757 recreandum

140 776 171 802 et
201 770 342 801 frenesin
374 769 474 809 ipsius
505 768 685 800 levandam.
732 768 818 807 Quid
849 771 895 800 ita
925 779 1000 800 vero
1024 768 1098 806 iam,

139 813 223 853 quod
244 817 318 844 ante
338 811 511 852 profuerat,
534 811 712 842 remedium
731 812 768 842 fit
785 811 909 849 inutile,
929 812 992 842 nisi
1012 811 1098 852 quod

139 856 215 888 Saul
246 855 402 886 maiorem
430 855 511 885 iram
535 858 567 885 et
589 853 845 895 indignationem
867 853 1002 885 Domini
1025 864 1097 894 pro·

137 899 264 930 vocavit
286 898 319 928 in
343 907 386 934 se,
410 896 496 928 unde
517 897 694 928 maioribus
712 901 744 928 et
762 897 968 937 gravioribus
987 898 1098 937 poenis

136 941 265 972 multari
285 940 376 971 illum
395 939 550 979 oportuit:
570 940 729 980 siquidem
743 943 911 980 correptus
925 951 943 971 a
956 939 1098 970 Domino

137 983 325 1020 calcitravit,
347 986 379 1013 et
398 981 605 1013 rebellionem
624 993 660 1014 ac
674 983 910 1014 contumaciam
924 982 1098 1014 rebellione

137 1033 169 1058 et
198 1025 396 1057 contumacia
425 1025 604 1056 cumulavit
632 1030 663 1056 et
687 1025 788 1063 auxit,
818 1031 850 1056 et
872 1036 941 1057 sese
965 1026 998 1056 in
1021 1026 1098 1056 ulti-

137 1079 227 1100 mum
258 1068 393 1100 exitium
422 1067 580 1099 coniecit?
627 1067 713 1099 Sane
736 1068 775 1099 de
800 1068 898 1099 Saule
920 1069 983 1099 ista
1006 1078 1097 1108 prae-

137 1112 285 1143 dicantur
307 1115 343 1142 ut
365 1110 433 1141 eius
454 1110 600 1150 exemplo
620 1111 790 1148 discamus,
816 1111 884 1142 Deo
902 1122 1022 1151 poenas
1041 1111 1098 1141 im-

136 1154 278 1185 mittenti
312 1157 344 1184 et
376 1152 481 1193 plagis
515 1153 642 1184 ferienti
675 1153 796 1191 subiici,
832 1160 862 1185 et
893 1153 933 1184 ad
957 1154 1096 1194 primum

136 1198 235 1228 ictum
266 1206 387 1237 parere,
420 1206 460 1226 ne
491 1195 582 1227 Sauli
611 1196 733 1227 similes
760 1196 836 1228 facti
866 1207 906 1228 ex
931 1196 1040 1238 Scylla
1062 1197 1096 1227 in

137 1239 323 1280 Charybdin
346 1238 535 1270 incidamus.
576 1238 641 1270 Sed
665 1239 693 1270 si
716 1239 778 1270 Dei
802 1250 934 1270 manum
958 1241 1095 1271 senseri—

135 1293 215 1320 mus,
246 1282 328 1313 serio
362 1281 400 1312 de
435 1282 534 1321 ipsius
557 1281 683 1313 iudiciis
707 1282 893 1322 cogitemus,
929 1292 1095 1323 nunquam

134 1325 166 1355 in
196 1325 372 1356 crastinum
404 1324 583 1355 reiicientes
613 1325 855 1364 poenitentiam,
894 1325 950 1356 sed
985 1325 1095 1357 eodem

134 1371 296 1399 momento
325 1377 398 1398 cum
429 1366 610 1399 humilitate
639 1377 698 1399 nos
720 1367 760 1398 ad
783 1368 884 1408 ipsius
907 1368 1095 1408 obsequium

133 1420 370 1451 componamus,
393 1420 434 1441 ne
457 1410 557 1450 ipsius
581 1411 629 1441 ira
652 1414 686 1441 et
707 1410 811 1441 iustus
829 1411 919 1442 furor
938 1411 1040 1452 magis
1059 1421 1096 1442 ac

133 1453 235 1494 magis
265 1452 466 1484 accendatur.
511 1453 594 1484 Nam
626 1463 703 1484 sane
731 1454 757 1484 si
780 1453 887 1493 qualia
910 1459 1095 1493 quantaque

132 1496 197 1527 sint
236 1496 358 1536 flagitia
391 1500 501 1526 nostra
535 1499 566 1526 et
600 1496 786 1536 iniquitates
821 1496 1095 1536 perpenderimus,

131 1539 219 1577 ligna
248 1538 408 1570 exsiccata
437 1538 476 1569 ad
511 1539 672 1569 flammam
697 1543 830 1578 repente
853 1539 1095 1580 concipiendam

133 1581 338 1620 videbuntur,
362 1585 393 1613 et
415 1582 496 1613 iram
520 1581 582 1612 Dei
606 1581 741 1621 proinde
764 1582 990 1614 vehementius
1008 1592 1093 1614 com-

132 1624 336 1656 movendam.
376 1625 485 1665 Atque
503 1624 566 1655 ista
584 1623 770 1655 meditanda
789 1630 866 1656 sunt
884 1625 975 1656 nobis
995 1636 1094 1665 quum

132 1667 281 1698 audimus
312 1666 443 1698 Saulem
467 1667 658 1698 deteriorem
680 1668 801 1699 factum
825 1671 857 1699 et
879 1669 1094 1700 contumacio-

131 1720 210 1747 rem,
235 1720 300 1740 non
318 1711 461 1750 potuisse
482 1711 586 1741 iuvari
606 1710 750 1741 citharae
769 1716 878 1747 cantu,
901 1711 985 1750 quod
1005 1711 1095 1743 Deus

131 1763 197 1783 non
220 1752 402 1792 permiserit
424 1753 602 1784 remedium
626 1753 712 1784 istud
736 1753 813 1784 utile
836 1753 883 1784 illi
906 1764 985 1791 esse,
1010 1754 1094 1794 quod

131 1794 261 1826 morbus
284 1794 392 1827 Saulis
416 1800 500 1827 esset
522 1795 719 1833 incurabilis,
743 1801 774 1827 et
797 1796 899 1837 ipsius
923 1796 1094 1836 desperata

131 1838 228 1869 salus.
272 1838 375 1869 Porro
410 1838 444 1869 in
480 1842 616 1879 quantas
650 1839 817 1879 angustias
852 1839 950 1870 fuerit
985 1839 1093 1871 David

131 1881 302 1918 coniectus,
322 1884 354 1912 et
375 1891 470 1921 quam
489 1881 689 1912 admirandis
708 1881 811 1913 modis
831 1892 849 1912 a
864 1882 933 1913 Deo
946 1887 1094 1914 servatus

130 1923 205 1954 hinc
229 1928 369 1963 apparet.
415 1924 510 1956 Unde
533 1935 592 1956 nos
610 1928 737 1964 oportet
755 1935 876 1964 sapere,
900 1928 933 1956 et
950 1926 1094 1965 pericula

129 1966 357 2007 praemeditari
386 1967 420 1998 in
451 1977 532 2007 quae
564 1978 734 2007 possumus
762 1967 913 2006 incidere,
948 1969 1027 1999 adeo
1058 1972 1094 2000 ut

131 2019 361 2049 nonnunquam
385 2011 553 2050 contingat
576 2021 633 2041 nos
657 2010 746 2041 velut
769 2010 905 2041 alterum
925 2011 1039 2051 pedem
1058 2012 1092 2042 in

131 2051 274 2092 sepulcro
304 2052 430 2092 habere,
466 2057 498 2083 et
520 2053 607 2084 velut
631 2053 709 2093 ipsis
732 2053 846 2084 mortis
869 2053 1014 2085 faucibus
1038 2064 1093 2094 ap-

131 2094 295 2134 prehendi.
339 2095 423 2126 Nam
447 2096 472 2127 si
497 2096 705 2136 tranquillum
727 2101 760 2127 et
777 2096 942 2136 placatum
962 2097 1093 2128 omnino

131 2147 239 2167 rerum
262 2142 382 2168 statum
405 2138 497 2170 nobis
516 2139 741 2179 polliceremur
759 2139 792 2169 in
814 2139 864 2170 his
884 2141 989 2177 terris,
1014 2139 1092 2171 fides

131 2183 241 2210 nostra
269 2181 376 2211 statim
411 2182 450 2212 ad
474 2182 611 2221 primam
636 2182 847 2213 tentationem
870 2182 1091 2214 collaberetur.

133 2221 346 2260 Quamobrem
366 2224 494 2255 omnino
514 2224 723 2255 statuendum
742 2228 801 2261 est,
821 2224 1091 2265 quemadmodum

133 2263 173 2294 D.
194 2263 315 2296 Paulus
332 2275 390 2297 nos
409 2266 558 2298 admonet
576 2268 670 2298 tertio
690 2267 793 2307 capite
812 2267 852 2298 ad
869 2267 1090 2300 Colossenses:

141 2306 242 2337 Vitam
269 2310 404 2339 nostram
434 2309 643 2341 absconditam
671 2320 736 2342 esse
763 2311 796 2341 in
827 2309 964 2341 Domino
987 2314 1092 2342 nostro

134 2348 208 2379 Iesu
234 2347 361 2387 Christo,
384 2354 416 2381 et
438 2362 494 2383 nos
518 2353 672 2392 quamdiu
695 2353 728 2384 in
751 2353 802 2384 his
827 2354 922 2384 terris
945 2353 1092 2394 degimus

134 2396 286 2430 tanquam
308 2392 341 2422 in
364 2392 476 2424 umbra
497 2396 610 2426 mortis
633 2397 766 2433 versari,
791 2395 937 2435 nihilque
959 2397 1091 2428 firmum

134 2438 164 2464 et
198 2433 310 2464 stabile
343 2435 432 2467 nobis
465 2436 516 2468 hic
548 2438 803 2479 imaginandum.
848 2438 932 2470 Nam
963 2445 993 2470 et
1022 2441 1092 2480 ipsa

134 2483 249 2506 natura
279 2480 388 2508 nostra
414 2478 538 2519 fragilis
567 2484 616 2512 est
639 2486 671 2512 et
693 2481 822 2519 caduca,
854 2486 885 2512 et
908 2482 1011 2513 multa
1033 2494 1090 2514 nos

133 2517 276 2566 undique
299 2519 439 2559 pericula
461 2521 669 2561 circumdant,
699 2529 732 2555 et
755 2524 894 2565 singulis
917 2526 1091 2557 momentis

133 2566 267 2609 exitium
308 2562 482 2593 minantur.
527 2564 636 2603 Quare
676 2571 802 2598 mature
836 2567 914 2598 haec
947 2568 1091 2608 pericula

133 2604 224 2635 nobis
247 2608 324 2652 sunt
346 2605 571 2646 praevidenda,
602 2608 716 2648 quibus
738 2620 799 2642 nos
823 2610 913 2642 Deus
936 2611 1090 2642 obnoxios

133 2657 201 2678 esse
232 2646 342 2684 volult,
372 2651 408 2678 ut
430 2649 575 2688 praevisa
597 2651 705 2684 minus
728 2657 881 2684 noceant:
911 2653 966 2684 sed
990 2665 1090 2694 quum

795 207 838 236 IN
866 206 889 236 Ι.
916 205 1001 236 LIB.
1027 204 1224 235 SAMUEL.
1250 205 1345 235 (mP.
1371 206 1464 236 XIX.

2060 208 2120 238 318

1130 308 1132 316 ’
1157 297 1189 327 in
1224 299 1362 337 speciem
1398 300 1486 330 nulla
1516 311 1682 340 superesse
1714 312 1786 341 spes
1816 302 1937 338 salutis,
1975 306 2006 332 ct
2035 311 2121 332 mors

1130 344 1132 354 '
1157 340 1262 378 potius
1298 343 1560 380 praesentissima
1595 343 1767 382 videbitur,
1801 355 1930 384 sperare
1954 350 2062 375 tamen
2086 344 2117 374 in

1157 382 1297 413 Domino
1317 384 1476 416 discamus
1496 385 1596 425 ipsius
1612 391 1834 426 exspectantes
1847 387 2014 423 auxilium,
2035 386 2117 427 quod

1156 425 1257 455 modis
1288 427 1378 457 nobis
1408 427 1581 467 incognitis
1616 434 1646 459 ct
1669 434 1797 468 practer
1821 431 1964 460 omnium
1988 440 2119 469 exspec-

1156 468 1307 499 tationem
1348 471 1521 509 contingct.
1568 471 1695 502 Deinde
1727 478 1896 503 veternum
1928 472 2024 503 etiam
2057 483 2119 511 quo

1155 520 1249 550 saepe
1277 516 1406 550 torpent
1429 512 1575 544 homines
1598 525 1674 545 suae
1697 514 1786 545 obliti
1810 515 1999 546 conditionis
2023 525 2118 545 excu-

1155 553 1282 584 tiamus.
1329 554 1393 593 Qui
1425 555 1461 585 fit
1492 556 1576 586 enim
1608 563 1643 587 ut.
1674 563 1924 597 corrumpantur
1954 564 1984 588 ct
2015 558 2118 588 instar

1154 594 1351 627 ebriosorum
1386 607 1404 627 a
1427 603 1534 628 mente
1557 599 1716 635 excidant,
1749 601 1812 630 nisi
1835 600 1919 640 quod
1943 611 2020 631 suae
2042 611 2118 631 con-

1154 638 1284 669 ditionis
1314 644 1391 670 sunt
1420 640 1647 673 immemores?
1692 642 1775 673 Nam
1807 643 1890 674 sieut
1913 642 2031 679 ebrius,
2068 643 2117 673 vel

1153 686 1384 721 paupertatem,
1409 683 1457 713 vel
1482 684 1627 714 morbum
1652 695 1756 725 suum,
1789 685 1840 716 vel
1864 685 2002 725 denique
2025 696 2116 716 suam

1152 723 1367 755 conditionem
1390 724 1597 763 obliviscitur,
1621 727 1666 758 sic
1686 728 1915 767 obstupescunt
1934 728 2116 768 quicunque

1151 776 1210 797 sua
1241 767 1417 798 ambitione
1446 773 1672 801 excaecantur.
1717 770 1798 801 Inde
1829 771 1914 801 enim
1947 772 1985 801 fit
2016 776 2051 801 ut
2081 771 2114 800 in

1152 808 1217 839 suis
1237 809 1481 841 difficultatibus
1500 811 1539 841 ad
1560 811 1667 842 Deum
1687 823 1751 843 non
1771 818 1955 853 assurgant.
1996 812 2116 852 Quam-

1150 851 1260 882 obrem
1302 853 1495 884 conditionis
1536 859 1665 885 nostrae
1704 866 1861 886 memores
1890 866 2016 896 semper
2047 866 2115 887 esse

1151 904 1207 925 nos
1237 899 1373 934 oportet,
1403 900 1436 926 et
1464 895 1600 927 subinde
1623 898 1808 928 memoriam
1833 898 1932 938 ipsius
1956 898 2114 936 refricare,

1150 942 1186 967 ut
1214 941 1368 977 tanquam
1392 938 1570 970 calcaribus
1594 944 1625 970 et
1648 940 1787 971 stimulis
1810 941 2034 972 vehementius
2058 942 2113 972 sti-

1151 980 1312 1011 mulemur
1335 981 1374 1011 ad
1399 981 1506 1012 Deum
1526 982 1761 1014 ardentioribus
1784 984 1866 1014 votis
1886 983 2112 1021 invocandum,

1151 1026 1183 1053 et
1205 1023 1316 1063 iugum
1340 1024 1441 1063 ipsius
1465 1029 1578 1064 sponte
1597 1025 1808 1056 subeundum.
1854 1026 2003 1065 Denique
2026 1033 2114 1058 certa

1150 1071 1278 1096 maneat
1307 1066 1363 1097 illa
1394 1068 1562 1105 sententia,
1593 1067 1664 1099 Deo
1694 1079 1753 1099 nos
1778 1069 1874 1099 variis
1898 1069 1998 1099 modis
2022 1080 2114 1100 exer-

1149 1112 1242 1139 cente
1272 1108 1395 1148 placide
1424 1110 1676 1149 obsequendum,
1705 1115 1736 1141 et
1764 1121 1954 1151 quacunque
1985 1112 2115 1143 duxerit

1150 1151 1365 1190 sequendum:
1390 1156 1421 1182 et
1444 1158 1531 1184 certo
1554 1154 1699 1192 persuasi
1721 1154 1822 1185 simus
1846 1154 1945 1184 vitam
1971 1159 2114 1186 nostram

1149 1193 1210 1234 ipsi
1234 1204 1303 1225 esse
1325 1195 1506 1234 pretiosam,
1531 1206 1567 1226 ac
1587 1196 1720 1236 proinde
1741 1207 1799 1227 nos
1812 1197 1850 1227 ab
1868 1196 1923 1227 illo
1938 1204 1972 1227 ut
1986 1208 2115 1229 necesse

1149 1236 1246 1268 fuerit
1270 1237 1486 1278 protegendos
1509 1242 1541 1269 et
1565 1238 1811 1270 conservandos.

1236 1279 1331 1311 Hanc
1365 1279 1543 1312 doctrinam
1577 1281 1726 1312 meditari
1760 1291 1819 1313 nos
1853 1286 1979 1321 oportet
2013 1292 2054 1313 ex
2078 1293 2114 1313 eo

1149 1321 1235 1362 quod
1270 1322 1377 1353 David
1401 1323 1520 1354 dicitur
1543 1324 1755 1355 declinavisse
1778 1335 1796 1355 a
1819 1324 1898 1355 facie
1925 1324 2041 1362 Saulis,
2065 1325 2114 1355 fu-

1149 1375 1254 1405 gaque
1278 1365 1339 1396 sibi
1362 1366 1499 1397 salutem
1524 1367 1735 1406 quaesivisse:
1759 1377 1855 1406 quam
1877 1373 1986 1397 tamen
2006 1368 2115 1408 fugam

1149 1408 1272 1439 multae
1301 1408 1450 1449 deinceps
1481 1419 1664 1447 aerumnae,
1698 1420 1814 1450 graves
1844 1410 2048 1447 tentationes,
2083 1415 2115 1441 et

1149 1450 1231 1482 dura
1266 1452 1444 1483 certamina
1479 1457 1685 1492 exceperunt.
1733 1452 1839 1483 Dcum
1872 1459 1979 1483 tamen
2009 1453 2115 1484 obser-

1150 1504 1262 1524 vemus
1292 1493 1401 1525 Saulis
1433 1495 1533 1526 ictum
1563 1496 1726 1533 avertisse,
1758 1500 1791 1526 ut
1821 1506 1918 1535 quum
1953 1495 2114 1526 Davidem

1150 1536 1244 1567 hasta
1266 1541 1438 1568 conaretur
1461 1538 1733 1570 transverberare.
1758 1538 1859 1569 factus
1878 1539 1920 1568 sit
1939 1539 2023 1569 ictus
2043 1539 2114 1569 irri-

1149 1584 1210 1616 tus,
1235 1583 1267 1610 et
1282 1580 1315 1610 in
1331 1579 1469 1611 Davidis
1485 1581 1688 1612 commodum
1703 1581 1844 1620 cesserit,
1865 1586 1991 1620 praeter
2004 1580 2113 1612 Saulis

1148 1627 1302 1653 mentem.
1349 1622 1414 1654 Sed
1443 1624 1487 1653 ita
1517 1624 1598 1655 solet
1620 1624 1710 1654 Deus
1732 1633 1812 1663 quae
1835 1623 1929 1654 saluti
1954 1625 2114 1654 contraria

1149 1665 1351 1704 videbantur,
1388 1666 1452 1697 imo
1490 1677 1570 1706 quae
1606 1670 1807 1706 praesentem
1843 1671 1980 1696 mortem
2011 1667 2114 1697 mina-

1148 1707 1275 1744 bantur,
1299 1708 1333 1738 in
1357 1719 1488 1740 suorum
1512 1709 1648 1740 salutem
1668 1714 1699 1739 et
1719 1708 1890 1739 utilitatem
1910 1714 2112 1740 convertere:

1146 1751 1230 1790 quod
1267 1752 1345 1782 sat-is
1375 1752 1411 1782 fit
1441 1762 1481 1782 ex
1512 1752 1574 1783 ista
1605 1752 1740 1783 Davidis
1770 1751 1958 1782 liberatione
1987 1752 2113 1791 conspi-

1146 1803 1253 1831 cuum,
1277 1804 1372 1834 quam
1396 1800 1518 1825 certum
1544 1799 1593 1825 est
1613 1805 1729 1826 arcano
1750 1794 1811 1824 Dei
1830 1794 1964 1825 consilio
1984 1794 2113 1834 factam,

1146 1837 1199 1876 qui
1223 1837 1325 1868 vitam
1349 1842 1494 1868 nostram
1519 1837 1615 1868 habet
1638 1838 1669 1867 in
1689 1840 1855 1877 potestate,
1880 1836 1918 1867 de
1938 1847 2001 1876 qua
2020 1845 2114 1876 prout

1146 1879 1208 1919 ipsi
1238 1880 1395 1919 placuerit
1425 1880 1575 1920 disponit,
1607 1880 1685 1911 adeo
1715 1879 1844 1919 quidem
1875 1884 1911 1910 ut
1939 1890 2039 1919 quum
2063 1890 2114 1911 res

1145 1932 1257 1953 omnes
1298 1926 1424 1954 creatae
1460 1923 1655 1954 videbuntur
1689 1922 1721 1953 in
1756 1926 1899 1953 nostram
1935 1923 2111 1962 perniciem

1145 1965 1339 2002 coniurasse,
1368 1970 1399 1996 et
1422 1966 1558 2005 singulis
1582 1965 1754 1996 momentis
1777 1968 1913 1995 mortem
1938 1966 2110 2003 intentare,

1146 2018 1259 2039 nocere
1283 2012 1389 2039 tamen
1414 2019 1478 2038 non
1502 2009 1634 2048 possint,
1659 2008 1721 2038 nisi
1745 2012 1903 2047 quatenus
1926 2007 2018 2039 Deus
2040 2019 2110 2047 per-

1145 2051 1280 2082 miserit.
1326 2051 1560 2081 Verumtamen
1584 2050 1745 2081 Davidem
1765 2051 1862 2081 semel
1882 2050 2011 2090 quidem
2031 2050 2109 2082 libe-

1146 2098 1252 2124 ratum
1286 2094 1346 2125 Dei
1381 2093 1582 2134 providentia
1617 2099 1686 2123 tum
1716 2093 1855 2124 evasisse
1887 2093 2001 2124 mortis
2024 2094 2109 2133 peri-

1146 2136 1253 2167 culum
1278 2136 1435 2173 videmus,
1459 2136 1514 2167 sed
1538 2136 1669 2168 Saulem
1694 2136 1908 2167 nihilominus
1926 2135 2109 2167 iracundio-

1145 2190 1213 2210 rem
1243 2180 1372 2217 factum,
1405 2180 1524 2210 maiore
1554 2178 1744 2211 crudelitate
1774 2178 1923 2218 deinceps
1946 2178 1979 2209 in
2002 2179 2108 2219 ipsum

1145 2223 1305 2260 saeviisse,
1337 2226 1368 2252 et
1398 2222 1550 2253 satellites
1580 2221 1705 2252 misisse
1739 2222 1791 2261 qui
1815 2220 1954 2252 Davidis
1978 2220 2108 2252 domum

1144 2265 1336 2303 obsiderent,
1371 2268 1403 2296 et
1436 2275 1530 2296 mane
1560 2265 1665 2304 ipsum
1688 2264 1917 2295 interficerent.
1964 2263 2028 2295 Sed
2052 2274 2109 2296 cur

1145 2319 1208 2339 non
1233 2307 1344 2338 eodem
1368 2312 1530 2338 momento
1553 2317 1615 2346 quo
1639 2306 1757 2338 milites
1780 2307 1881 2347 ipsius
1904 2306 2035 2338 domum
2056 2307 2109 2338 ob—

1143 2351 1296 2383 sederunt
1319 2351 1412 2381 iussit
1435 2361 1507 2381 eum
1531 2349 1692 2380 interfici?
1729 2350 1876 2380 Profecto
1895 2350 2029 2381 minime
2048 2349 2107 2381 du-

1144 2395 1232 2426 bium
1264 2398 1313 2423 est
1342 2393 1419 2432 quin
1449 2393 1490 2424 sit
1514 2403 1531 2423 a
1555 2392 1626 2422 Deo
1650 2392 1820 2430 cohibitus,
1850 2397 1882 2423 et
1905 2402 1978 2423 eum
2002 2398 2108 2424 metus

1143 2436 1252 2477 populi
1277 2435 1454 2466 retinuerit.
1491 2435 1573 2465 Nam
1596 2445 1705 2466 secum
1728 2435 1882 2475 cogitavit
1905 2445 1948 2471 se,
1968 2435 1995 2466 si
2014 2440 2108 2467 noete

1144 2478 1303 2510 Davidem
1334 2479 1538 2514 interficeret,
1566 2478 1599 2508 in
1624 2476 1732 2508 odium
1755 2478 1900 2509 omnium
1924 2483 2107 2517 venturum,

1143 2528 1175 2554 et
1199 2522 1237 2553 de
1261 2522 1346 2551 fama
1368 2531 1425 2551 sua
1449 2524 1576 2551 tantum
1601 2519 1828 2552 detracturum.
1874 2520 1919 2551 Et
1941 2527 2108 2561 praeterea

1143 2566 1208 2596 fore
1239 2565 1264 2594 si
1289 2568 1414 2594 tantum
1439 2574 1477 2594 ex
1502 2563 1588 2593 fama
1611 2563 1747 2602 populus
1770 2563 1802 2594 id
1826 2563 1945 2601 audiat,
1981 2569 2018 2595 ut
2041 2574 2106 2595 me-

1143 2607 1243 2639 moria
1273 2606 1348 2637 facti
1379 2607 1485 2637 statim
1510 2605 1650 2638 excidat:
1683 2606 1890 2645 quamobrem
1913 2606 2015 2638 satius
2039 2617 2107 2638 esse

1143 2655 1178 2682 ut
1200 2651 1305 2689 ipsum
1329 2650 1360 2679 in
1386 2649 1482 2679 totius
1506 2647 1615 2688 populi
1637 2653 1812 2688 conspectu
1831 2649 1940 2680 iubeat
1957 2649 2106 2687 interfici,
