2551 3044
211 187 274 218 245

208 282 397 322 praesertim
422 293 522 322 quum
546 290 639 324 urget
661 282 874 316 conscientia,
906 285 937 310 et
959 283 1039 320 quot
1059 290 1169 328 pccca-

208 331 314 355 torum
339 334 445 356 coram
472 326 538 356 Deo
563 326 607 356 rei
631 326 739 361 simus,
764 334 905 372 quasque
924 332 1041 362 poenas
1064 322 1169 353 meriti
1194 360 1196 368 Δ

211 367 312 398 8111108
335 367 546 404 attendimus,
570 375 601 398 ct
623 373 699 408 quot
723 368 863 398 rationes
887 365 1004 396 habeat
1027 375 1088 395 non
1114 375 1168 404 pu-

211 410 336 447 niendi,
367 421 445 450 quas
470 418 622 450 tanquam
645 411 780 450 sagittas
804 408 903 440 thecis
925 409 992 438 suis
1014 407 1168 447 continet,

211 462 347 492 quarum
379 453 523 483 infinitus
546 460 594 483 est
617 463 778 488 numerus,
808 462 914 482 nonne
944 451 1021 481 satis
1051 460 1169 490 magna

210 495 302 526 nobis
332 495 464 526 offertur
494 506 588 526 curae
618 500 650 526 et
679 494 903 526 sollicitudinis
940 493 1069 532 occasio,
1103 502 1167 523 non

211 536 337 577 quidem
362 548 423 577 qua
443 538 625 576 obruamur,
649 538 702 569 sed
724 548 784 577 qua
805 537 962 568 cautiores
985 535 1109 573 fiamus,
1133 539 1168 566 ut
1193 569 1194 575 ἵ

211 580 245 610 111
259 580 374 610 timore
387 579 446 610 Dei
459 580 591 611 sollicite
610 581 819 614 ambulemus.
843 589 980 618 eumque
1000 588 1168 618 precemur
1193 598 1195 615 ¹,

211 629 247 653 ut
270 622 369 653 nostri
395 623 592 659 misereatur,
616 631 648 653 et
672 634 728 654 nos
747 622 786 653 ab
804 622 939 652 infinitis
959 620 1069 651 mortis
1088 621 1169 660 peri·
1193 620 1195 656 ξ

212 664 294 695 80118
316 665 432 704 quibus
455 666 692 697 circumdamur
720 663 891 705 protegat?
937 663 1044 702 Quare
1068 673 1166 702 quum

210 707 346 747 improbi
370 708 414 738 sic
437 708 617 748 gloriantur
640 716 671 738 et
693 717 803 739 secure
828 708 942 737 vivunt
964 717 1000 737 ac
1023 706 1056 736 in
1081 705 1167 736 vitiis
1193 711 1195 722 ⁵

210 749 412 786 indurantur,
448 752 536 789 quasi
569 751 677 781 foedus
705 760 777 780 cum
815 755 918 780 morte
955 754 987 779 et
1020 748 1166 788 sepulcro

210 792 417 832 pepigissent,
447 799 482 823 ut
506 793 646 832 loquitur
668 793 770 823 Isaias
801 792 966 840 propheta,
995 797 1026 821 et
1057 789 1167 821 viden-

211 841 265 865 tur
293 835 403 882 *ipsum
440 835 544 866 Deum
579 835 735 866 lacessere
770 836 859 874 quasi
899 834 1070 865 inermem:
1111 838 1169 864 aut

209 878 300 917 quasi
333 878 455 916 possint
484 879 583 918 ipsius
611 888 726 908 manus
749 878 905 914 81ᾓι«181·8;
935 877 1006 917 quis
1035 876 1168 906 miretur

210 930 265 951 eos
298 920 444 951 incautos
479 931 496 951 a
531 921 598 951 Deo
632 911 845 960 deprehendi3
880 927 911 950 et
945 929 1043 959 quum
1077 923 1169 948 extra

211 973 339 993 omnem
376 963 476 993 aleam
509 973 587 994 esse
612 962 671 993 sibi
702 962 906 998 videbuntur,
941 962 980 992 ad
1011 962 1168 992 rationem

211 1005 297 1035 vitae
317 1004 510 1036 reddendam
534 1005 629 1045 adigi,
662 1011 694 1035 et
718 1012 870 1045 tanquam
894 1005 1026 1035 fulmine
1049 1004 1168 1044 incogi-

211 1052 317 1078 tantes
360 1047 472 1078 obrui?
535 1048 622 1078 Talis
655 1047 716 1078 fuit
749 1048 839 1079 istius
874 1047 1018 1079 Goliathi
1051 1047 1169 1077 exitus.

211 1089 306 1129 Quod
338 1098 445 1120 autem
475 1090 623 1121 adiicitur
646 1090 804 1121 Davidem
836 1101 934 1130 quum
963 1089 1060 1120 funda
1083 1092 1169 1119 iacu-

211 1133 294 1164 latus
314 1133 478 1173 gigantem
502 1133 668 1164 deiecisset
693 1133 817 1163 nullum
843 1133 993 1164 habuisse
1016 1132 1169 1172 gladium,
1194 1154 1197 1170 ;

211 1175 314 1216 magis
347 1186 383 1206 ae
417 1176 519 1215 magis
555 1175 643 1206 nobis
677 1175 898 1206 admirandam
924 1175 984 1206 Dei
1014 1176 1197 1210 8111018111Κ

1109 1227 1170 1257 (1Πὸ
1194 1236 1197 1254 l

1194 1259 1196 1268 '
1225 1260 1370 1290 hostibus
1394 1260 1560 1290 victoriam
1584 1259 1756 1299 aliquando
1780 1260 1964 1296 concedere,
1994 1261 2048 1291 sed
2080 1261 2125 1291 ita
2148 1264 2185 1291 ut

211 1217 491 1257 contemplandam
521 1223 673 1258 tanquam
704 1218 737 1248 in
770 1218 897 1258 speculo
927 1218 1074 1254 exhibet,

210 1261 366 1300 populum
398 1271 492 1291 suum
523 1260 555 1291 in
579 1271 721 1291 summas
744 1261 910 1301 angustias
934 1260 1107 1296 redactum,
1138 1265 1170 1290 et

210 1303 301 1343 quasi
342 1302 565 1342 desperantem
608 1303 646 1334 de
686 1303 807 1340 salute,
853 1303 1010 1334 liberavit.
1074 1301 1169 1341 Quod

211 1346 296 1376 enim
320 1346 511 1376 nominatim
535 1356 598 1376 non
622 1346 826 1386 exprimitur,
851 1346 941 1377 facile
960 1352 1066 1377 tamen
1083 1345 1169 1376 colli-

210 1388 308 1428 gitur.
353 1387 438 1418 Nam
468 1388 495 1419 si
525 1388 643 1419 dicam:
675 1389 832 1419 Immanis
863 1389 954 1430 gigas
985 1389 1023 1419 ab
1046 1388 1168 1418 adoles-

210 1436 302 1461 cente
325 1438 495 1471 superatus
518 1438 581 1461 est:
616 1438 728 1471 potens
758 1431 811 1462 ille
843 1437 874 1461 et
904 1432 1054 1462 robustus
1077 1430 1169 1461 miles

212 1473 364 1504 arustico
388 1474 596 1504 inexercitato
620 1481 651 1504 et
675 1475 770 1514 longe
790 1474 916 1513 impari,
941 1473 1169 1513 cataphractus

210 1516 312 1552 miles,
337 1517 388 1556 qui
413 1516 474 1546 fuit
497 1527 580 1548 unus
603 1517 706 1548 instar
729 1516 971 1557 propugnaculi,
995 1516 1033 1547 ab
1052 1516 1170 1546 inermi

210 1558 349 1599 opilione
373 1559 512 1590 deiectus
536 1566 600 1590 est:
624 1561 676 1599 qui
701 1560 767 1590 solo
786 1559 939 1599 adspectu
959 1570 1021 1589 11011
1041 1564 1168 1589 tantum

211 1602 348 1650 aliquem
380 1602 548 1633 robustum
580 1603 686 1633 virum
719 1603 868 1639 terrebat,
903 1601 957 1633 sed
980 1602 1168 1632 universum

210 1644 398 1682 exercitum,
430 1645 495 1676 ictu
528 1644 628 1676 funda
657 1645 787 1676 iaculati
819 1644 934 1693 lapidis
962 1645 1001 1675 ab
1031 1644 1169 1684 opilione

210 1686 353 1718 deiectus
382 1692 412 1717 et
437 1694 614 1726 prostratus
637 1693 694 1726 est,
725 1698 802 1718 sane
831 1687 894 1718 nisi
924 1687 1008 1718 ultro
1031 1687 1169 1718 caecuti-

209 1740 290 1764 11108
321 1729 478 1760 fateamur
508 1741 636 1761 necesse
661 1736 708 1761 est
732 1730 839 1760 divina
863 1730 942 1760 illud
966 1730 1084 1760 virtute
1107 1729 1170 1761 fac-

211 1778 280 1803 tum
301 1782 379 1803 esse.
421 1772 488 1803 Nae
514 1773 614 1803 fateor
642 1773 791 1812 profanos
812 1773 957 1803 homines
977 1778 1008 1803 et
1030 1772 1169 1809 hebetes,

212 1815 377 1845 fortunam
401 1815 453 1846 hic
477 1816 721 1846 vociferaturos:
754 1815 808 1846 sed
839 1815 990 1855 quoniam
1020 1816 1053 1845 in
1077 1815 1170 1846 bruta

210 1857 457 1898 degenerarunt.
511 1857 657 1889 Sciamus
687 1859 793 1897 itaque
823 1858 886 1888 Dei
916 1858 1062 1897 spiritum
1093 1858 1169 1888 sim-

209 1900 336 1940 pliciter
370 1911 501 1931 narrare
533 1911 659 1931 caesum
695 1907 727 1931 et
761 1906 955 1940 prostratum
991 1911 1008 1931 a
1042 1900 1169 1931 Davide

209 1943 398 1974 Goliathum
434 1944 536 1983 primo
572 1944 635 1974 ictu
670 1943 784 1983 lapidis
818 1943 917 1974 funda
950 1943 1066 1982 emissi,
1099 1943 1169 1974 sine

209 1986 325 2026 gladio,
350 1986 420 2016 sine
443 1986 513 2016 aliis
537 1986 610 2016 ullis
633 1987 740 2019 armis.
765 1993 799 2016 ut
823 1986 896 2016 inde
914 1986 970 2016 fiat
984 1985 1046 2016 Dei
1064 1986 1168 2017 virtus

209 2028 376 2059 illustrior.
421 2029 513 2059 Tunc
537 2039 611 2059 vero
635 2028 797 2059 Dominus
820 2028 980 2060 Davidem
1010 2028 1167 2059 inermem

210 2071 249 2102 ad
274 2071 430 2111 praelium
455 2072 501 2101 ire
528 2071 639 2108 voluit,
670 2072 739 2102 8108
770 2071 885 2111 gladio,
915 2081 1008 2111 quem
1039 2071 1168 2111 quidem

209 2113 359 2153 deinceps
382 2114 416 2144 in
440 2114 512 2144 aliis
535 2114 663 2153 praeliis
687 2114 840 2144 adversus
869 2113 975 2145 hostes
1004 2114 1167 2153 adhibuit3
1192 2135 1194 2151 1,

209 2157 263 2188 sed
298 2157 343 2187 ita
372 2162 480 2187 tamen
512 2163 548 2186 ut
578 2157 654 2187 satis
678 2156 826 2188 ostendat
849 2167 882 2187 88
903 2156 1041 2187 multum
1064 2158 1166 2196 profe-

209 2200 291 2230 cisse
318 2199 352 2229 in
383 2199 563 2230 admirabili
586 2199 647 2230 Dei
680 2199 799 2230 auxilio
829 2199 911 2238 quod
942 2199 1001 2230 hoc
1024 2205 1166 2240 tempore

209 2247 362 2273 senserat.
408 2241 492 2272 Nam
524 2242 629 2281 palam
663 2241 773 2272 multis
806 2242 883 2273 locis
915 2243 1097 2282 profitetur,
1132 2253 1166 2274 se

211 2294 314 2324 neque
338 2284 371 2314 in
395 2284 507 2322 gladio,
537 2295 640 2324 neque
666 2285 698 2315 in
723 2284 815 2315 hasta
837 2284 972 2316 salutem
996 2295 1086 2316 suam
1110 2296 1164 2326 po-

209 2336 302 2358 nere:
327 2333 358 2357 et
381 2326 525 2357 fallacem
540 2338 656 2367 equum
670 2337 739 2358 esse
758 2327 808 2358 die
828 2327 950 2367 praelii.
975 2327 1043 2358 Nae
1055 2328 1164 2359 David

210 2369 365 2400 adversus
390 2369 498 2400 hostes
521 2370 618 2400 armis
641 2369 800 2402 utebatur.
825 2375 855 2400 et
867 2380 900 2401 se
913 2370 952 2401 ab
964 2370 1092 2401 illorum
1105 2372 1164 2402 im-

209 2419 286 2453 petu
300 2411 475 2450 tutabatur,
494 2412 549 2442 sed
563 2412 703 2443 vicissim
722 2417 867 2451 testatur,
890 2423 924 2444 se
936 2424 1039 2453 neque
1051 2414 1084 2444 in
1097 2415 1164 2446 suis

209 2454 342 2490 viribus,
366 2464 471 2494 neque
486 2455 521 2485 in
535 2455 643 2493 armis,
667 2466 770 2495 neque
786 2455 818 2485 in
842 2460 908 2486 toto
931 2455 1044 2487 bellico
1068 2467 1164 2496 appa-

208 2503 280 2528 ratu
312 2507 400 2536 spem
431 2508 522 2527 suam
552 2508 715 2537 reponere,
746 2508 827 2537 quae
856 2499 963 2529 omnia
984 2499 1065 2530 nihil
1089 2504 1166 2530 sunt

208 2539 296 2570 aliud
320 2549 415 2579 quam
446 2540 581 2577 vanitas,
611 2540 666 2571 sed
690 2540 730 2571 ab
752 2551 815 2571 uno
840 2541 908 2571 Deo
930 2541 1087 2573 auxilium
1110 2552 1165 2573 ex-

208 2590 361 2623 spectare.
406 2582 492 2612 Hinc
522 2582 682 2614 discamus
704 2582 810 2614 Deum
839 2593 932 2623 saepe
961 2584 1030 2616 sine
1052 2585 1167 2616 mediis

209 2624 360 2657 humanis
382 2635 457 2656 suos
479 2636 520 2656 ex
542 2625 693 2666 periculis
721 2636 863 2658 servare:
895 2636 975 2667 quae
1003 2628 1029 2658 si
1056 2633 1167 2659 tamen

859 187 904 218 IN
928 187 952 217 Ι.
977 186 1062 217 LIB.
1087 185 1285 218 SAMUEL.
1311 187 1408 219 CAP.
1432 188 1544 219 XVII.
2124 188 2185 219 246

1222 285 1318 319 prout
1348 281 1408 320 ipsi
1437 281 1592 320 placuerit
1621 282 1780 319 adhibeat,
1815 286 1847 312 et
1877 282 1942 313 suis
1965 282 2120 312 creaturis
2143 281 2184 311 ad

1221 332 1301 362 opus
1325 333 1419 353 suum
1444 329 1561 364 utatur,
1586 324 1665 355 nihil
1690 330 1797 355 tamen
1822 324 1878 355 illa
1901 324 1939 355 de
1953 325 2014 355 Dei
2038 324 2184 364 potentia

1221 364 1409 396 detrahere:
1430 376 1533 405 neque
1555 368 1586 397 in
1608 367 1670 398 illis
1689 367 1831 398 externis
1851 367 1963 398 mediis
1983 366 2183 398 haerendum

1221 418 1299 446 esse,
1324 408 1383 438 11181
1408 408 1502 447 [11308
1526 410 1683 440 caecutire
1714 410 1870 440 volumus.
1916 410 1964 441 Ac
1992 409 2125 458 proinde
2155 409 2183 440 si

1193 454 1195 488 j
1222 450 1311 481 Deus
1345 450 1437 481 nobis
1470 451 1612 490 gladium
1647 463 1747 483 manu
1781 453 1982 492 gestantibus
2013 452 2180 483 victoriam

1220 491 1259 523 de
1283 492 1374 523 hoste
1398 492 1530 530 dederit,
1555 504 1594 524 nc
1618 494 1693 525 illud
1718 495 1894 525 industriae
1917 500 2044 525 nostrae
2064 494 2181 525 adseri

1220 535 1345 573 bamus,
1364 535 1420 566 sed
1444 535 1548 566 Deum
1573 537 1710 567 sciamus
1734 537 1868 568 eandem
1894 537 1984 567 nobis
2003 537 2183 568 inermibus

1220 583 1252 608 et
1275 578 1363 608 omni
1387 578 1506 608 auxilio
1529 579 1712 610 carentibus
1736 580 1872 610 salutem
1897 580 2012 610 afferre
2032 580 2181 619 potuisse.

1306 620 1461 658 Sequitur
1494 620 1607 652 deinde
1636 623 1810 653 cucurrisse
1838 622 1993 653 Davidem
2015 625 2042 653 et
2063 622 2185 653 stetisse

1219 673 1311 701 supe-r
1347 662 1570 701 Philistaeum,
1604 667 1629 694 et
1658 665 1800 703 yladium
1834 665 1936 703 ipsius
1968 665 2113 695 eduxisse
2146 665 2183 695 de

1220 705 1342 745 ragina,
1365 715 1491 744 eumque
1514 707 1702 744 interfecisse
1723 710 1749 737 et
1771 710 1861 746 capul
1880 708 1976 738 eidem
1994 710 2181 745 amputasse.

1221 748 1278 778 Bis
1301 749 1337 778 fit
1360 749 1473 778 mortis
1492 748 1661 779 Philistaei
1684 750 1816 780 mentio.
1852 750 1935 780 Nam
1959 760 2058 790 quum
2072 748 2183 780 David

1220 790 1319 821 funda
1349 790 1487 830 lapidem
1518 791 1674 822 iaculatus
1704 800 1795 828 esset,
1831 792 1948 823 dicitur
1977 798 2045 823 tum
2079 792 2183 822 inter-

1221 833 1339 863 fectus:
1364 833 1479 864 deinde
1502 834 1616 864 iterum
1642 834 1758 865 dicitur
1780 834 1895 866 educto
1925 834 2031 875 gladio
2061 845 2183 866 caesus.

1222 876 1332 906 Primo
1377 876 1478 916 igitur
1520 876 1587 907 loco
1636 887 1721 907 mors
1769 878 1925 917 accipitur
1973 888 2030 917 pro
2072 877 2185 908 lethali

1222 918 1369 949 vulnere:
1423 918 1678 958 quandoquidem
1731 920 1794 951 ictu
1849 920 1971 960 lapidis‘
2014 920 2059 950 ita
2112 930 2184 960 pro-

1223 967 1346 992 stratus
1384 966 1442 999 est,
1487 966 1522 992 ut
1562 972 1594 992 88
1636 972 1698 992 000
1731 963 1874 1001 potuerit
1907 964 2046 1003 erigere,
2082 972 2186 1002 neque

1222 1013 1369 1034 movere:
1404 1014 1503 1044 quare
1526 1004 1632 1034 David
1661 1005 1827 1035 confestim
1856 1006 1889 1035 in
1919 1016 1992 1036 eum
2017 1005 2123 1039 irruit,
2152 1009 2186 1036 et

1222 1046 1365 1086 gladium
1396 1046 1497 1085 ipsius
1527 1047 1659 1086 invasit,
1707 1054 1737 1077 et
1773 1048 2018 1078 semimortuum
2056 1047 2187 1079 cecidit:

1222 1099 1325 1129 neque
1355 1089 1439 1119 enim
1473 1089 1586 1128 lapidis
1616 1090 1700 1120 ictus
1729 1100 1801 1120 eum
1836 1091 1930 1130 plane
1966 1090 2184 1129 interfecerat,

1221 1131 1276 1163 sed
1300 1132 1345 1162 ita
1369 1138 1474 1162 tamen
1493 1132 1554 1162 Dei
1578 1142 1677 1162 manu
1702 1132 1840 1163 deiectus
1864 1134 1976 1170 fuerat,
2001 1138 2037 1163 ut
2055 1142 2185 1163 movere

1222 1185 1256 1205 88
1280 1185 1341 1205 11011
1366 1180 1483 1214 posset,
1516 1174 1615 1205 donee
1644 1175 1705 1214 ipsi
1730 1175 1837 1205 David
1868 1175 1974 1215 gladio
1996 1181 2091 1215 caput
2115 1185 2184 1206 am-

1222 1222 1358 1257 putaret.
1405 1217 1491 1247 Hinc
1514 1217 1724 1248 admonemur
1747 1217 1852 1248 Deum
1878 1218 1968 1249 nobis
1992 1217 2120 1257 quidem
2146 1217 2186 1248 de

1223 1302 1365 1333 nondum
1392 1302 1486 1342 plane
1509 1302 1627 1333 mortui
1652 1303 1730 1333 sint:
1760 1310 1791 1332 at
1816 1310 1920 1334 tamen
1945 1303 2053 1334 Deum
2077 1304 2185 1343 incep-

1195 1351 1196 1356 ’
1223 1351 1291 1376 tum
1308 1355 1389 1385 opus
1404 1356 1466 1375 non
1491 1345 1644 1382 deserere,
1659 1345 1712 1376 sed
1726 1351 1905 1384 opportuno
1924 1352 2070 1386 tempore
2090 1346 2185 1385 perfi-

1222 1397 1310 1419 cere:
1324 1398 1360 1418 38
1372 1387 1505 1427 proinde
1518 1388 1676 1426 patienter
1689 1388 1935 1428 exspectandam
1946 1388 2186 1428 impletionem:

1223 1435 1254 1461 et
1285 1431 1409 1461 animos
1434 1430 1656 1463 assumendos,
1681 1430 1834 1470 siquidem
1868 1442 1900 1461 re
1924 1432 1991 1471 ipsa
2022 1431 2085 1461 iam
2109 1441 2143 1461 se
2167 1441 2187 1462 a

1223 1474 1342 1504 nostris
1366 1480 1452 1503 stare
1476 1473 1619 1512 partibus
1643 1474 1746 1512 palam
1770 1473 1918 1504 ostendit.
1965 1473 2027 1504 Hic
2052 1483 2128 1503 vero
2151 1473 2186 1504 111

1223 1516 1335 1556 primis
1358 1515 1604 1554 observandum,
1627 1516 1785 1555 quomodo
1811 1515 1900 1546 Deus
1925 1526 2023 1546 1113110
2047 1526 2104 1546 sua
2128 1515 2186 1546 ho-

1223 1559 1347 1589 minum
1378 1558 1475 1590 corda
1505 1563 1621 1589 teneat.
1668 1558 1748 1588 Nam
1781 1568 1853 1589 ecce
1883 1564 1984 1589 morte
2015 1559 2185 1589 Philistaei

1222 1601 1310 1632 illius
1340 1602 1536 1640 reliquorum
1569 1601 1667 1631 animi
1699 1607 1895 1632 corruerunt.
1942 1603 1986 1632 At
2018 1612 2082 1631 11011
2105 1601 2186 1632 Ρ111-

1222 1644 1356 1675 listaeus
1379 1644 1433 1674 ille
1454 1644 1545 1684 gigas
1564 1654 1617 1674 eos
1636 1643 1789 1674 adversus
1802 1643 1966 1674 Israelitas
1985 1649 2184 1675 armaverat:

1222 1686 1277 1717 sed
1308 1687 1412 1727 patria
1442 1687 1563 1727 egressi
1594 1693 1671 1717 sunt
1693 1686 1847 1716 adversus
1872 1686 2037 1717 Israelitas
2064 1697 2098 1716 se
2121 1686 2186 1718 illis

1221 1729 1345 1760 viribus
1370 1730 1462 1769 longe
1487 1729 1668 1768 superiores
1692 1740 1759 1759 esse
1783 1729 1902 1765 confisi,
1926 1736 1957 1759 et
1980 1740 2013 1759 se
2037 1729 2185 1759 multitu-

1223 1772 1296 1803 dine
1318 1783 1353 1803 ac
1378 1772 1500 1802 viribus
1525 1772 1671 1802 meliores
1695 1772 1784 1802 facile
1808 1782 2017 1811 oppressuros
2041 1771 2112 1802 illos
2136 1777 2185 1802 at·-

1223 1815 1341 1846 tonitos
1354 1820 1385 1846 et
1398 1815 1510 1846 saltem
1525 1815 1711 1845 tributarios
1730 1825 1781 1844 808
1805 1814 1984 1844 reddituros
2004 1819 2184 1853 sperantes.

1222 1858 1351 1898 Ergone
1376 1858 1516 1888 hominis
1540 1857 1652 1887 caedes
1677 1864 1801 1887 tantum
1827 1857 1890 1887 illis
1914 1867 2067 1896 pavorem
2099 1861 2184 1887 attu-

1221 1900 1266 1938 lit,
1290 1908 1326 1931 ut
1350 1906 1437 1931 metu
1462 1911 1573 1931 omnes
1597 1907 1743 1939 oporteat
1767 1899 1944 1939 diffugere?
1982 1899 2068 1930 Sane
2091 1899 2184 1930 Deus

1221 1948 1347 1974 tantum
1371 1944 1434 1974 illis
1458 1953 1610 1983 pavorem
1635 1943 1752 1980 iniecit,
1785 1949 1819 1972 ut
1844 1943 1970 1972 nemine
1993 1943 2185 1981 insequente

1220 1986 1369 2017 debellati
1394 1987 1467 2016 sint.
1497 1993 1529 2015 et
1559 1985 1685 2024 quidem
1717 1987 1771 2015 vix
1803 1984 1994 2015 audentibus
2024 1984 2183 2016 Israelitis

1220 2040 1289 2060 sese
1313 2030 1381 2060 loco
1405 2039 1543 2059 movere.
1590 2028 1700 2067 Neque
1729 2028 1812 2057 enim
1841 2027 1990 2057 dicuntur
2014 2027 2183 2058 Israelitae

1220 2072 1289 2102 visa
1326 2072 1492 2103 Philistaei
1534 2078 1641 2110 strage
1683 2070 1883 2101 concurrisse
1932 2070 1970 2100 ad
2013 2069 2184 2109 praelium,

1219 2115 1273 2145 sed
1305 2115 1388 2155 simp
1391 2114 1494 2145 liciter
1527 2113 1679 2144 dieuntui
1704 2113 1871 2143 philistaei
1900 2112 2074 2152 diffugisse.
2103 2122 2182 2151 quos

1219 2157 1333 2188 deinde
1357 2157 1524 2188 Israelitae
1550 2157 1707 2196 fugientes
1731 2155 1913 2194 peisequuti
1937 2161 2021 2185 sunt.
2068 2155 2181 2185 Conti-

1219 2199 1338 2230 nebant
1371 2210 1447 2239 ergo
1482 2210 1515 2229 se
1544 2199 1656 2229 castris
1687 2198 1861 2234 Israelitae,
1897 2197 1972 2236 quid
2004 2198 2107 2228 acturi
2131 2207 2181 2227 es-

1218 2249 1288 2273 sent
1329 2243 1447 2283 ignari:
1484 2250 1514 2272 ct
1549 2241 1637 2272 Deus
1673 2241 1742 2270 1108
1776 2248 1926 2279 taainquim
1962 2240 2062 2271 victos
2094 2240 2182 2271 intra

1217 2292 1322 2316 castra
1341 2269 1517 2319 υ8001111011,
1548 2295 1586 2314 ne
1615 2295 1672 2314 8113
1698 2284 1751 2314 111.1
1744 2283 1928 2313 ratitudine
1959 2289 2085 2313 tantum
2118 2282 2180 2313 Dei

1217 2328 1406 2359 beneficium
1448 2327 1667 2357 obliterarent.
1724 2326 1804 2356 Nam
1847 2326 1871 2355 si
1922 2332 2054 2364 repente
2107 2336 2180 2364 pro-

1215 2376 1316 2402 strato
1339 2371 1470 2410 gigante
1500 2370 1635 2399 fuissent
1670 2370 1773 2398 hostes
1797 2367 1898 2398 adorti
1923 2368 2050 2406 praelio,
2082 2368 2180 2399 victo-

1216 2414 1282 2444 riae
1316 2420 1439 2452 [111-[801
1464 2413 1524 2443 sibi
1555 2411 1792 2449 attribuissent,
1824 2410 1924 2458 deque
1955 2412 2019 2440 suis
2059 2411 2180 2442 viribus

1217 2456 1344 2497 gloriati
1373 2456 1519 2486 fuissent.
1574 2454 1677 2484 David
1711 2434 1837 2493 quidem
1872 2453 1937 2483 ictu
1972 2453 2025 2483 illo
2056 2453 2179 2493 aliquid

1217 2499 1331 2534 effecit
1362 2497 1417 2528 sed
1448 2497 1523 2537 quid
1554 2497 1607 2527 ille
1637 2497 1718 2526 ictus
1742 2495 1897 2526 idversus
1922 2499 1967 2525 tot
1990 2495 2097 2526 hostes
2123 2506 2179 2535 po-

1217 2540 1301 2572 tuit?
1347 2541 1412 2571 Nos
1442 2551 1518 2570 sane
1541 2539 1648 2569 hostes
1672 2539 1791 2594 praelio
1815 2538 1917 2568 adorti
1943 2539 2178 2586 superavimus.

1219 2585 1307 2615 Deus
1341 2584 1438 2623 igitur
1469 2582 1531 2612 illis
1556 2581 1636 2612 hauc
1661 2581 1860 2621 gloriationis
1890 2582 2087 2612 occasionem
2111 2580 2180 2612 adi-

1958 2630 1989 2654 et
2023 2630 2180 2663 tanquam

1926 2673 1974 2699 16¹

1219 2627 1286 2664 mit,
1320 2624 1578 2666 quandoquidem
1613 2625 1726 2655 castris
1756 2624 1916 2658 8011111181,
