2551 3044
353 241 416 272 655
1226 235 1428 268 HOMILIA
1454 236 1492 270 C.
2288 238 2352 269 656

354 343 383 365 et
423 334 461 363 de
498 333 601 372 ipsius
639 332 760 362 auxilio
791 331 1002 372 desperantes
1033 330 1135 362 veluti
1166 330 1328 362 cornubus
1354 347 1356 362 ι
1380 330 1508 361 Christi
1547 330 1685 360 mentio:
1727 330 1783 362 sed
1822 336 2011 362 sanctorum
2037 329 2242 371 quorundam
2270 340 2352 371 quos

354 378 458 416 ipsum
491 382 618 415 petunt,
650 381 680 405 et
712 375 905 414 ringuntur:
941 384 1046 414 neque
1076 373 1221 414 cogitant
1252 372 1327 404 hor-
1380 373 1440 404 sibi
1472 372 1558 412 apud
1588 371 1698 403 Deum
1727 378 1882 412 patronos
1912 378 1945 404 et
1972 373 2147 405 advocatos
2177 373 2352 405 commenti

354 419 487 450 rendam
515 424 548 448 et
579 418 698 448 iustam
729 418 932 457 punitionem
962 428 981 448 a
1004 416 1147 447 Domino
1177 416 1245 446 suis
1270 416 1329 446 im·
1380 423 1466 447 sunt.
1502 415 1622 455 Ecquis
1647 425 1723 447 vero
1747 416 1880 447 miseros
1904 415 1950 446 ita
1972 415 2148 447 fascinavit
2169 421 2202 447 et
2225 414 2353 456 delusit,

354 462 477 492 minere
508 460 684 499 capitibus:
719 465 809 490 tanta
840 466 887 491 est
911 459 1030 490 diaboli
1055 460 1087 489 in
1113 459 1192 498 ipsis
1215 468 1327 490 excae·
1381 458 1441 489 nisi
1472 457 1556 498 quod
1586 457 1717 497 ipsimet
1740 468 1774 489 se
1798 457 1861 488 Dei
1884 459 1988 499 gratia
2011 458 2165 499 indignos
2187 457 2352 489 reddunt?

353 503 464 534 caudis
497 503 544 533 vis
575 510 606 533 et
637 502 791 542 potentia.
845 501 912 533 Nos
943 502 1018 533 hinc
1048 502 1225 533 discamus:
1258 501 1328 532 Deo
1380 500 1491 539 Quare
1547 500 1609 531 Dei
1674 501 1943 539 promissionibus
1998 511 2066 532 non
2121 500 2354 541 acquiescunt?

353 546 542 586 patientiam
574 551 716 576 nostram
747 545 956 585 explorante,
987 550 1018 575 et
1047 545 1082 574 in
1113 544 1231 575 multos
1259 543 1328 575 dies
1352 540 1356 590 ᾖ
1380 543 1548 574 Christum
1568 544 1655 574 enim
1669 542 1849 574 Dominum
1869 549 2016 575 nostrum
2035 543 2141 575 solum
2159 543 2353 575 advocatum

353 589 511 619 auxilium
532 595 679 618 nostrum
700 587 878 624 differente,
903 593 937 618 ut
960 588 1093 618 omnino
1116 587 1219 618 nostri
1242 586 1327 618 nolle
1352 594 1355 622 Ι
1379 591 1412 616 et
1449 587 1695 617 intercessorem
1727 591 1875 617 nostrum
1906 586 1997 618 Deus
2026 585 2186 625 admittit,
2220 592 2252 617 et
2283 586 2353 618 eius

354 631 501 662 misereri
538 630 696 667 videatur,
732 640 797 660 non
832 639 941 662 tamen
978 635 1153 669 propterea
1186 629 1327 660 rationes
1352 629 1355 672 Ῑ
1380 629 1511 659 nominc
1541 629 1678 669 gratiam
1711 634 1743 659 et
1773 627 2026 660 misericordiam
2057 629 2151 660 nobis
2174 629 2353 669 pollicetur,

352 674 497 713 obliquas
529 674 726 713 investigare
750 672 856 703 Deum
889 671 1075 713 quaerendi.
1107 672 1163 704 sed
1186 671 1327 703 ardenti·
1379 677 1412 702 et
1430 678 1540 711 gratas
1559 671 1621 711 ipsi
1641 671 1709 702 fore
1727 681 1838 711 preces
1862 677 2008 703 nostras:
2031 671 2118 712 quod
2141 676 2208 703 tota
2231 672 2354 712 passim

353 717 412 748 bus
446 717 594 756 precibus
628 715 720 746 illum
750 716 902 747 invocare
931 724 1194 755 perseveremus:
1226 725 1325 755 agno·
1351 677 1355 755 i
1379 715 1541 753 scriptura
1572 713 1666 744 nobis
1694 713 1870 754 praedicat.
1923 713 1988 746 Sed
2018 715 2072 745 isti
2101 721 2208 745 tamen
2240 714 2353 746 miseri

353 767 478 790 scentes
503 758 609 789 Deum
634 758 749 789 merito
772 769 866 789 suum
891 758 1049 790 auxilium
1073 757 1212 795 differre,
1242 757 1325 797 quod
1379 757 1528 787 homines
1557 766 1575 787 a
1604 756 1675 787 Deo
1705 755 1903 794 recedentes,
1935 763 1968 788 et
1998 758 2031 788 in
2064 756 2187 788 malitia
2209 756 2353 797 pertina-

351 801 529 841 e‹·indigni
543 801 654 832 simus.
697 800 798 831 Porro
812 811 876 832 non
889 811 961 832 eam
975 801 1168 841 dignitatem
1189 800 1326 831 dicimus
1378 800 1458 831 citer
1489 799 1671 835 haerentes,
1703 798 1798 830 modo
1829 799 1869 830 ad
1893 799 1981 831 hunc
2005 804 2164 840 sanctum,
2195 799 2290 830 modo
2312 798 2353 830 ad

351 854 434 884 quae
463 851 627 874 mereatur
657 854 676 874 a
699 843 841 874 Domino
872 843 1037 875 exaudiri:
1072 843 1127 874 sed
1152 851 1259 874 tamen
1280 843 1326 873 sic

350 897 458 918 coram
489 887 558 926 ipso
588 885 738 922 deiectos,
769 893 801 916 et
829 891 961 926 peccata
984 886 1176 918 confitentes
1200 890 1326 925 oportet

352 939 483 969 sperare
516 940 573 959 nos
602 929 642 959 ab
673 928 742 968 ipso
772 928 846 960 licet
875 929 1028 969 indiguos
1060 928 1250 960 exauditum
1275 928 1325 958 iri.

352 971 443 1003 Deus
474 972 559 1002 enim
591 982 610 1002 a
641 971 734 1002 nobis
756 971 832 1011 quid
857 971 945 1003 aliud
969 972 1110 1012 postulat
1133 981 1228 1011 quam
1251 981 1326 1002 cum

352 1025 431 1045 vera
455 1014 517 1045 fide
540 1014 657 1045 seriam
682 1013 925 1045 humilitatem?
961 1014 1045 1045 Nam
1069 1015 1095 1046 si
1120 1018 1325 1054 peccatorum

352 1065 536 1088 nostrorum
556 1066 654 1088 sensu
675 1057 721 1088 sic
740 1057 931 1094 afficiamur,
956 1062 992 1087 ut
1011 1057 1095 1097 apud
1120 1067 1178 1088 uos
1201 1056 1325 1087 confusi

352 1099 459 1131 Deum
476 1106 586 1130 tamen
606 1099 756 1139 precibus
775 1099 1070 1137 sollicitaverimus,
1091 1098 1326 1139 praestolantes

352 1143 453 1182 ipsius
481 1142 649 1179 auxilium,
681 1147 804 1173 certum
835 1148 883 1174 est
906 1152 965 1173 nos
988 1153 1005 1173 a
1030 1142 1169 1173 mortuis
1192 1141 1326 1172 minime

1352 2577 1354 2590 l

1379 841 1470 872 illum
1502 842 1710 882 confugiunt,
1742 848 1883 882 votaque
1913 843 1946 873 in
1976 843 2173 883 longinun
2204 843 2354 882 regiones

1379 884 1418 916 ad
1449 891 1635 916 sanctorum
1671 884 1824 924 reliquias
1858 885 2053 926 instituunt,
2089 884 2208 916 altaria
2239 884 2354 922 multa,

1379 927 1481 958 multa
1515 927 1600 958 idola
1633 928 1772 967 erigunt,
1808 933 1841 958 et
1874 928 1943 959 sine
1974 928 2040 959 fine
2071 932 2103 959 et
2133 926 2356 968 intelligentia

1380 970 1640 1010 precatiunculas
1679 970 1938 1002 demurmurant.
1999 970 2044 1002 Et
2083 969 2212 1010 quidem
2252 970 2355 1001 fateor

1380 1013 1483 1044 multa
1505 1012 1561 1044 illa
1585 1011 1670 1043 idola
1695 1013 1822 1044 nullum
1847 1013 1927 1044 dant
1949 1012 2197 1045 consulentibus
2219 1022 2353 1053 respon-

1379 1065 1465 1087 sum:
1496 1055 1552 1087 sed
1581 1063 1690 1086 tamen
1719 1055 1890 1087 verissima
1920 1055 2019 1087 stabit
2050 1056 2166 1086 ultimo
2196 1054 2248 1087 die
2277 1065 2352 1086 sen-

1379 1098 1482 1129 tentia
1513 1097 1669 1129 adversus
1699 1098 1795 1135 istos,
1833 1108 1931 1138 quam
1961 1098 2124 1139 prolatam
2154 1097 2305 1130 audimus
2333 1107 2353 1129 a

1380 1140 1528 1176 diabolo.
1563 1139 1618 1172 sed
1654 1140 1717 1171 Dei
1751 1141 1919 1172 voluntate
1953 1146 1986 1172 et
2019 1141 2209 1173 autoritate:
2242 1139 2353 1172 Deum

1379 1183 1467 1214 enim
1498 1182 1545 1213 illi
1575 1182 1723 1221 oderunt,
1753 1189 1786 1215 et
1809 1184 1941 1215 interim
1965 1189 2095 1216 sanctos
2117 1183 2222 1223 ipsius
2244 1183 2352 1224 requi-

1380 1231 1467 1257 runt.
1522 1225 1603 1263 Sed,
1647 1236 1782 1266 quaeso,
1822 1237 1886 1267 qua
1926 1226 2076 1258 ratione?
2134 1226 2187 1257 An
2221 1231 2353 1258 sanctos

1379 1273 1499 1308 putant
1517 1267 1674 1299 adversus
1697 1278 1791 1299 suum
1804 1268 1985 1301 Dominum
2008 1268 2276 1301 insurrecturos?
2300 1267 2354 1301 vel

1379 1310 1536 1341 adversus
1559 1311 1663 1350 ipsum
1688 1311 1953 1351 conspiraturos?
1990 1312 2070 1350 Nae,
2092 1312 2117 1344 si
2143 1311 2215 1352 quis
2237 1320 2354 1343 servus

1378 1363 1452 1385 cum
1483 1353 1554 1384 heri
1584 1353 1715 1385 inimico
1745 1354 1951 1386 familiariter
1975 1355 2074 1393 vivat,
2105 1364 2214 1386 nonne
2235 1353 2354 1386 merito

1379 1400 1534 1435 tanquam
1577 1395 1720 1436 perfidus
1757 1396 1931 1428 habebitur
1964 1401 1997 1428 et
2030 1396 2207 1438 punietur?
2264 1395 2354 1436 Quid

1379 1448 1456 1479 ergo
1476 1438 1598 1470 sanctis
1617 1439 1672 1478 qui
1692 1439 1725 1469 in
1745 1439 1895 1479 paradiso
1919 1445 1997 1471 sunt
2019 1440 2121 1477 fieret,
2145 1440 2170 1471 si
2195 1449 2268 1471 cum
2292 1440 2353 1471 im-

353 1187 510 1225 petituros
533 1185 716 1220 consilium,
747 1195 850 1224 neque
873 1185 960 1225 ipsos
983 1184 1262 1217 coniurationibus
1285 1194 1326 1214 ex

353 1228 498 1268 ipsorum
529 1227 688 1267 sepulcris
711 1232 918 1258 evocaturos:
950 1226 1006 1259 sed
1029 1228 1060 1258 in
1086 1238 1149 1258 uno
1174 1226 1244 1257 Deo
1269 1237 1326 1266 per

352 1270 450 1302 fidem
475 1277 506 1302 et
529 1270 762 1310 poenitentiam
785 1271 1022 1310 conquieturos.

439 1314 548 1353 Atque
590 1312 652 1344 hoc
690 1313 795 1352 ipsum
825 1312 1098 1353 pseudo-Samuel
1137 1312 1199 1343 iste
1231 1310 1325 1342 Sauli

354 1354 528 1395 respondet
558 1354 610 1386 his
641 1356 764 1386 verbis:
804 1354 841 1386 Si
869 1355 925 1386 tibi
961 1355 1045 1387 Deus
1072 1357 1117 1387 est
1145 1354 1324 1386 contrarius

353 1399 430 1437 quid
458 1408 505 1429 me
535 1397 687 1437 quaeris?
738 1397 838 1436 Quasi
871 1398 1007 1434 diceret,
1046 1397 1131 1437 quod
1162 1397 1220 1428 tibi
1251 1407 1323 1428 cum

354 1440 416 1472 Dei
447 1440 607 1471 ministris
639 1441 816 1481 negotium.
847 1450 945 1480 quum
977 1446 1009 1471 te
1033 1440 1123 1471 Deus
1153 1441 1221 1480 ipse
1246 1439 1324 1469 reie-

353 1482 460 1515 cerit?
518 1482 722 1523 Dignissima
755 1483 982 1514 observatione
1015 1483 1186 1513 sententia.
1239 1481 1324 1513 Nam

355 1527 414 1557 etsi
447 1526 486 1557 ab
517 1536 572 1556 ore
595 1526 730 1564 impuro,
758 1524 882 1556 Satana
907 1525 1066 1563 videlicet,
1097 1525 1242 1565 profecta
1265 1529 1324 1563 est,

355 1578 425 1600 eam
460 1576 570 1599 tamen
594 1567 685 1598 Deus
716 1567 872 1599 adversus
897 1567 1030 1599 Saulem
1055 1568 1157 1599 voluit
1180 1578 1323 1607 pronun-

354 1611 441 1642 ciari.
478 1610 560 1649 Quis
583 1610 669 1640 enim
694 1611 798 1642 nescit
820 1610 980 1650 quomodo
1004 1611 1095 1642 Deus
1118 1621 1177 1651 per
1200 1610 1325 1642 asinam

354 1653 501 1684 Balaami
524 1654 677 1692 loquutus
698 1659 754 1689 est,
779 1662 815 1685 ac
834 1653 969 1694 proinde
989 1663 1081 1693 posse
1100 1654 1207 1693 ipsum
1227 1653 1326 1685 etiam

353 1706 411 1736 per
441 1695 605 1726 diabolum
638 1700 669 1726 et
700 1695 843 1735 reliquos
873 1696 1061 1728 seductores
1085 1696 1189 1736 loqui:
1214 1706 1326 1736 quem-

354 1737 529 1769 admodum
553 1745 584 1769 et
608 1738 713 1778 ipsum
727 1738 908 1778 Caiapliam
932 1739 1144 1780 prophetasse
1163 1737 1325 1779 legimus?

354 1780 446 1812 Deus
476 1781 577 1821 igitur
608 1788 643 1811 ut
671 1783 791 1812 mortui
822 1782 998 1822 prophetae
1022 1783 1228 1813 autoritatem
1251 1791 1326 1812 con-

1379 1481 1489 1521 probis
1523 1481 1710 1512 hominibus
1744 1483 1970 1522 conspirarent
2004 1488 2037 1513 et
2065 1483 2353 1522 coniungerentur,

1379 1530 1413 1555 ut
1432 1524 1513 1564 ipsis
1532 1523 1679 1555 homines
1699 1524 1882 1564 adulentur,
1906 1530 1938 1556 et
1957 1524 2019 1556 sibi
2042 1525 2199 1566 propitios
2222 1524 2353 1562 faciant,

1379 1576 1443 1606 quo
1478 1576 1544 1597 non
1582 1566 1724 1607 amplius
1751 1566 1814 1598 Dei
1851 1577 1943 1608 opem
1976 1566 2169 1608 requirant?
2222 1566 2288 1599 Sed
2318 1566 2355 1598 in

1380 1610 1440 1641 hoc
1468 1610 1640 1650 praecipue
1670 1610 1792 1641 malum
1822 1615 1887 1648 est,
1919 1609 2004 1651 quod
2035 1609 2195 1642 increduli
2223 1609 2354 1650 quidem

1381 1652 1488 1684 Deum
1519 1652 1695 1692 propitium
1728 1652 1789 1684 sibi
1818 1663 1889 1685 esse
1919 1653 2064 1694 cupiunt,
2095 1658 2129 1684 at
2157 1652 2354 1684 conciliandi

1379 1695 1440 1726 sibi
1478 1695 1585 1735 ipsum
1616 1695 1779 1726 rationem
1810 1706 1873 1728 non
1903 1701 2081 1736 quaerunt:
2112 1706 2208 1736 quem
2237 1699 2354 1728 contra

1379 1747 1437 1769 suo
1458 1737 1580 1769 honore
1603 1738 1745 1778 spoliant
1768 1739 1872 1770 socios
1895 1739 1956 1779 ipsi
1981 1738 2206 1780 adiungentes,
2229 1744 2263 1770 et
2284 1748 2353 1769 ma·

1378 1781 1528 1812 iestatem
1548 1780 1648 1820 ipsius
1668 1787 1820 1821 tauquam
1840 1781 1962 1813 iudices
1974 1781 2156 1820 horrentes,
2175 1781 2268 1813 cuius
2281 1785 2354 1813 tan-

1379 1833 1475 1864 quam
1499 1823 1602 1863 patris
1625 1823 1887 1855 benevolentiam
1911 1825 2053 1864 experiri
2077 1825 2224 1864 eupiunt.
2261 1823 2354 1863 Quae

1380 1876 1456 1898 vero
1479 1866 1616 1898 istorum
1640 1875 1738 1897 causa
1760 1866 1832 1898 est?
1878 1866 2005 1906 Nempe
2026 1866 2202 1899 obstinatio
2223 1868 2258 1898 'et
2280 1876 2353 1907 per·

1380 1909 1533 1941 vicacitas
1570 1909 1726 1948 ipsorum.
1778 1908 1812 1941 Si
1844 1910 1932 1940 enim
1962 1909 2002 1940 ad
2034 1909 2142 1941 Deum
2173 1919 2214 1940 ex
2244 1909 2354 1941 animo

1379 1957 1659 1989 converterentur,
1691 1961 1755 1982 non
1787 1951 1921 1983 dubium
1951 1957 2002 1983 est
2031 1952 2108 1992 quin
2137 1952 2206 1983 eius
2229 1951 2355 1983 miseri-

1379 1995 1520 2026 cordiam
1551 1994 1796 2034 experirentur,
1832 2000 1864 2025 et
1894 1995 2039 2026 animum
2071 1994 2112 2026 ad
2140 2004 2175 2026 se
2205 1994 2356 2034 precibus

1379 2036 1596 2069 invocandum
1629 2037 1830 2068 immitteret.
1873 2036 1940 2069 Sed
1974 2037 2007 2068 in
2041 2036 2184 2068 sordium
2218 2047 2353 2068 suarum

1381 2081 1447 2111 luto
1479 2080 1677 2118 volutantur,
1708 2084 1745 2110 ut
1775 2080 1885 2120 procul
1916 2090 1934 2110 a
1957 2079 2030 2110 Deo
2054 2083 2216 2117 maneant,
2240 2084 2274 2110 et
2296 2089 2354 2120 per

1381 2124 1493 2164 longas
1535 2121 1688 2162 ambages
1731 2121 1770 2153 ad
1812 2122 1905 2153 illum
1940 2121 2111 2153 accedant:
2153 2127 2186 2153 et
2219 2121 2352 2153 interim

355 1824 514 1861 firmaret,
555 1823 660 1854 voluit
698 1830 764 1855 tam
800 1824 963 1865 insignem
1005 1824 1162 1856 adversus
1193 1824 1326 1856 Saulem

354 1866 548 1897 sententiam
577 1866 795 1905 pronunciari.
842 1867 915 1905 Qua
939 1867 1091 1899 docemur
1115 1867 1328 1899 vehementer

353 1908 512 1939 mundum
534 1908 645 1948 decipi.
670 1919 768 1948 quum
794 1908 833 1940 ad
857 1910 963 1941 Deum
988 1921 1045 1949 per
1068 1911 1148 1941 istos
1171 1911 1328 1942 circuitus

354 1951 535 1987 adducitur,
559 1950 643 1990 quod
668 1951 801 1991 perinde
825 1960 873 1983 est
897 1963 933 1983 ac
956 1953 982 1983 si
1006 1952 1169 1993 fugientes
1193 1953 1233 1984 ab
1256 1954 1326 1993 ipso

355 2001 526 2033 sperarent
557 2004 591 2024 se
614 1993 654 2024 ad
678 2004 752 2024 eum
777 2003 971 2026 accessuros.
1018 1995 1061 2026 Et
1085 2006 1167 2035 quac
1191 1996 1255 2027 alia
1278 2001 1327 2027 est

355 2036 450 2067 hodie
485 2037 686 2076 papistarum
721 2037 853 2068 obsecro
887 2037 1038 2068 devotio?
1095 2038 1204 2069 Deum
1239 2039 1326 2069 enim

355 2090 395 2110 ex
427 2079 598 2110 devotione
629 2079 746 2110 culturi
779 2080 864 2111 hunc
896 2080 945 2110 vel
976 2080 1069 2111 illum
1100 2081 1326 2118 sacrificulum,

355 2121 432 2162 quid
463 2122 523 2152 sibi
553 2122 636 2152 facto
667 2122 709 2152 sit
739 2132 820 2161 opus
851 2124 1071 2163 interrogant:
1101 2131 1133 2153 et
1164 2125 1269 2155 doceri
1293 2135 1327 2155 se

356 2165 395 2195 ab
427 2165 481 2194 illo
506 2164 717 2195 veliementer
740 2171 844 2201 orant,
868 2172 900 2196 et
923 2165 1022 2196 nullis
1045 2166 1229 2205 sumptibus
1253 2177 1326 2206 par-

356 2214 430 2238 cunt
467 2206 506 2237 ad
539 2207 767 2247 acquirendam
799 2207 901 2238 divini
931 2208 1037 2239 cultus
1060 2209 1245 2239 scientiam:
1271 2209 1325 2240 sed

356 2250 488 2281 interim
520 2250 622 2289 legem
651 2255 684 2280 et
712 2250 888 2290 prophetas
918 2251 1085 2288 reiiciunt,
1118 2261 1222 2291 neque
1251 2252 1325 2283 doc-

356 2293 476 2323 trinam
496 2291 673 2323 salutarem
692 2292 835 2332 ipsorum
861 2293 1061 2325 admittunt:
1085 2304 1181 2334 quam
1205 2295 1231 2325 si
1255 2295 1326 2334 quis

355 2341 489 2374 urgeat,
523 2335 631 2365 statim
663 2335 695 2365 in
731 2336 795 2366 iras
830 2336 1068 2374 effervescunt,
1104 2341 1136 2368 et
1170 2336 1327 2368 adversus

355 2378 461 2417 ipsum
487 2377 592 2408 Deum
624 2378 784 2414 feruntur,
816 2379 899 2418 quod
926 2379 994 2419 ipse
1025 2389 1125 2411 manu
1148 2390 1207 2411 sua
1230 2379 1327 2410 bene—

357 2420 466 2450 ficium
495 2419 651 2450 offerebat
675 2426 928 2460 contemnentes,
960 2422 1052 2453 vanis
1076 2423 1230 2453 nimirum
1254 2422 1325 2453 illu-

357 2463 500 2493 sionibus
532 2462 666 2502 decepti,
694 2463 812 2503 quibus
842 2474 876 2494 se
907 2464 947 2495 ad
979 2465 1134 2496 scientiae
1159 2464 1326 2496 cumulum

357 2506 468 2536 venire
505 2515 596 2544 posse
626 2505 706 2536 falso
737 2505 796 2536 sibi
828 2507 1041 2546 persuadent:
1081 2512 1113 2539 et
1143 2508 1189 2538 ita
1219 2507 1327 2538 Deum

357 2548 455 2578 irritis
488 2547 571 2577 votis
603 2555 719 2587 sponte
749 2559 806 2579 sua
830 2549 986 2581 nimirum
1010 2550 1115 2582 delusi
1139 2550 1325 2581 sollicitant.

1380 2173 1488 2197 tamen
1513 2165 1622 2196 Deum
1641 2165 1702 2196 sibi
1726 2165 1913 2196 devinctum
1937 2165 2137 2196 arbitrentur
2160 2164 2200 2196 ad
2224 2168 2355 2196 sanctos

1379 2207 1611 2249 confugiendo,
1658 2217 1677 2238 a
1715 2208 1832 2247 quibus
1867 2214 2015 2239 votorum
2057 2208 2139 2238 fiant
2179 2211 2354 2247 compotes,

1379 2251 1575 2290 veniamque
1617 2255 1823 2290 peccatorum
1865 2254 2115 2290 consequantur.
2171 2249 2239 2282 Nos
2274 2259 2353 2282 vero

1379 2298 1493 2326 contra
1520 2294 1627 2325 Deum
1662 2293 1802 2324 sciamus
1832 2292 2009 2333 propitium
2040 2291 2132 2324 nobis
2161 2292 2355 2324 effecturum

1380 2342 1416 2368 ut
1446 2346 1498 2367 rcs
1520 2345 1634 2367 omnes
1656 2340 1784 2366 creatae
1806 2335 1841 2366 in
1865 2340 2014 2366 nostrum
2038 2335 2178 2367 salutem
2201 2335 2354 2374 militent,

1380 2385 1410 2410 ct
1445 2380 1478 2410 in
1512 2377 1716 2410 commodum
1752 2382 1783 2408 et
1818 2377 1995 2409 utilitatem
2029 2377 2124 2409 nobis
2158 2377 2285 2416 cedant,
2319 2382 2356 2409 ut

1380 2422 1470 2452 nulla
1504 2431 1538 2452 re
1571 2421 1611 2451 ab
1645 2420 1749 2460 ipsius
1781 2420 1870 2451 cultu
1901 2420 2143 2452 dimoveamur:
2177 2419 2256 2460 quin
2287 2420 2354 2452 imo

1380 2465 1489 2504 potius
1520 2462 1750 2495 afflictionibus
1781 2463 1885 2503 magis
1907 2473 1944 2494 ae
1967 2463 2073 2504 magis
2096 2461 2137 2494 ad
2159 2463 2263 2503 ipsius
2285 2462 2354 2495 cul-

1380 2512 1458 2545 tum,
1487 2513 1519 2537 et
1545 2505 1585 2537 ad
1609 2505 1750 2536 nominis
1774 2505 1875 2545 ipsius
1898 2506 2138 2537 invocationem
2161 2506 2354 2543 excitemur,

1379 2555 1412 2580 et
1451 2552 1638 2580 constanter
1671 2558 1924 2587 perseveremus.
1982 2548 2027 2579 Et
2061 2547 2204 2580 vicissim
2237 2552 2354 2580 contra.

359 2590 422 2621 Sed
448 2600 486 2620 an
512 2590 544 2620 in
571 2589 630 2621 hoc
653 2591 722 2621 solo
745 2597 857 2623 errant
880 2592 1065 2632 principio?
1111 2594 1162 2624 An
1187 2592 1326 2633 gratiam
1379 2593 1499 2623 iratum
1530 2590 1623 2621 nobis
1653 2590 1762 2621 omnia
1794 2591 1825 2621 in
1851 2596 1997 2622 nostram
2021 2590 2199 2631 perniciem
2222 2600 2356 2623 conver-

357 2632 441 2672 apud
476 2633 580 2663 Deum
613 2633 779 2664 inventuri
809 2634 942 2666 Domini
974 2636 1076 2667 nostri
1105 2635 1178 2667 Iesu
1202 2635 1325 2667 Christi
1378 2644 1509 2671 surum,
1550 2637 1587 2664 ut
1628 2632 1708 2664 nihil
1751 2633 1814 2664 nisi
1856 2633 2040 2674 desperatio
2073 2633 2218 2673 supersit
2251 2633 2354 2674 ipsius

358 2674 577 2707 misericordia
607 2675 681 2706 freti
706 2676 810 2716 ipsum
842 2677 1016 2709 invocant?
1059 2678 1130 2709 Imo
1161 2678 1250 2709 nulla
1275 2677 1326 2709 hic
1351 2687 1354 2711 l
1378 2677 1485 2718 gratia
1504 2676 1623 2707 vacuis.
1657 2675 1838 2716 Prophetas
1857 2676 1959 2717 igitur
1977 2681 2134 2717 tanquam
2156 2675 2238 2708 fidos
2260 2675 2353 2707 nobis
