2551 3044
190 197 245 227 141

188 291 335 331 opinione
364 290 519 322 falluntur
548 292 574 322 si
598 291 717 322 evitata
742 290 1008 322 condemnatione
1033 287 1143 319 volunt

188 333 220 364 in
260 344 392 364 numero
428 334 586 365 iustorum
625 333 742 364 haberi.
796 334 893 373 Atqui
928 333 1022 363 etiam
1053 331 1142 361 Deus

190 419 232 450 Et
255 420 289 449 fit
314 418 397 450 istud
421 418 626 458 conspicuum
651 418 783 449 latronis
807 418 894 449 illius
917 416 1062 457 exemplo
1087 415 1142 455 qui

189 472 260 492 cum
275 461 414 492 Domino
439 468 546 492 nostro
570 461 644 492 Iesu
658 461 788 492 Christo
811 462 842 491 in
867 460 956 501 ligno
979 457 1141 500 pependit,

190 505 242 544 qui
275 504 346 535 licet
375 514 393 534 a
416 503 485 533 Deo
515 504 545 534 in
576 504 713 545 gratiam
738 508 894 544 receptus,
925 507 956 534 et
979 502 1016 532 de
1040 501 1142 532 salute

190 557 249 577 sua
279 546 316 576 ab
346 546 413 586 ipso
438 545 577 576 Domino
606 551 770 577 servatore
793 546 867 577 Iesu
891 545 1006 577 certior
1028 544 1141 580 factus,

190 593 296 619 tamen
318 587 447 619 meritas
466 589 596 628 flagitiis
616 588 773 628 prioribus
792 599 909 628 poenas
928 587 1023 618 dedit.
1054 585 1141 625 Qua-

191 637 319 671 propter
350 641 448 670 quum
479 630 626 662 audimus
657 631 689 661 in
721 631 886 671 evaugelio
915 630 977 661 Dei
1005 628 1142 670 gratiam

190 673 281 704 nobis
299 673 415 709 offerri,
436 678 702 713 peccatorumque
720 674 896 714 gratuitam
913 672 1142 709 remissionem,

191 725 255 746 non
285 715 355 746 ideo
386 721 493 746 tamen
523 717 668 756 sequitur
691 716 795 747 Deum
820 726 877 746 nos
901 725 963 746 non
987 714 1142 754 castigare

190 758 405 798 corporalibus
436 758 547 798 poenis
578 760 610 789 in
639 759 698 790 hac
730 758 811 797 vita,
845 758 958 798 quibus
991 761 1142 796 tanquam

190 800 455 840 alexipharmacis
474 800 669 838 erudiamur,
691 805 745 832 aut
764 801 878 841 quibus
896 810 969 832 caro
988 799 1143 836 dometur,

190 848 221 873 et
250 844 353 874 acrius
385 842 422 873 ad
455 843 570 874 seriam
598 844 828 883 poenitentiam
852 843 1044 874 stimuletur.
1090 841 1142 872 Er.

190 885 347 926 quomodo
360 885 449 916 Deus
462 886 624 917 interdum
638 886 765 926 quidem
786 896 882 917 manu
902 885 1030 926 propria
1048 894 1142 923 saepo

192 938 249 959 nos
279 929 429 968 castiget,
467 929 516 959 vel
547 928 715 959 hominum
746 933 856 959 utatur
884 927 1081 965 ministerio,
1110 930 1142 957 et

191 975 298 1002 tamen
337 971 437 1001 nostri
472 971 616 1002 misereri
652 981 715 1002 non
751 971 884 1002 desinat.
940 970 1143 1010 Quapropter

191 1023 285 1044 nemo
316 1013 374 1044 sibi
405 1014 487 1044 sinat
517 1013 646 1053 imponi,
678 1018 713 1044 ut
741 1014 890 1054 Agagum
921 1013 972 1044 hic
999 1012 1143 1043 videmus

192 1065 210 1086 a
237 1066 270 1086 se
300 1057 367 1095 ipso
391 1055 566 1096 deceptum,
598 1056 688 1096 quasi
713 1067 769 1087 nos
792 1056 879 1087 omni
903 1055 1088 1087 correctioni
1112 1058 1144 1085 et

191 1098 393 1139 castigationi
407 1098 587 1129 eximamur
599 1098 836 1138 praedicatione
855 1098 1052 1130 remissionis
1070 1107 1143 1137 pec-

192 1145 348 1178 catorum,
379 1145 411 1171 et
435 1151 496 1171 non
524 1141 746 1181 imputationis
769 1141 1014 1181 praeteritarum
1037 1144 1142 1171 trans-

192 1184 402 1224 gressionum.
447 1183 569 1214 Verum
601 1185 692 1224 Agag
723 1183 833 1224 procul
864 1183 972 1215 aberat
1002 1194 1020 1214 a
1047 1193 1143 1214 sensu

193 1226 426 1257 misericordiae
457 1226 599 1256 divinae:
631 1237 703 1257 nam
735 1226 809 1258 licet
838 1225 1086 1257 misericordiam
1110 1235 1143 1256 se

191 1278 209 1299 a
240 1268 389 1300 Samuele
425 1273 569 1308 speraret
606 1274 898 1309 consequuturum‚
935 1279 998 1299 non
1035 1273 1142 1299 tamen

192 1311 370 1342 doctrinam
402 1311 500 1351 ipsius
531 1311 790 1351 amplectebatur,
823 1312 909 1342 nullo
939 1311 999 1342 Dei
1030 1311 1144 1341 timore

191 1353 375 1390 ducebatur,
407 1354 528 1384 nullam
561 1354 747 1394 religionem
777 1354 923 1391 habebat,
955 1358 985 1384 et
1014 1353 1144 1384 interim

191 1406 224 1427 se
248 1402 383 1427 mortem
407 1406 577 1427 evasurum
602 1396 660 1427 sibi
685 1396 902 1436 persuadebat.
948 1396 1016 1427 Nae
1046 1395 1145 1427 stulta

192 1445 224 1470 et
246 1439 373 1479 stupida
395 1438 456 1469 fuit
479 1439 557 1470 haec
581 1440 696 1479 opinio.
731 1439 786 1471 Sic
809 1439 926 1470 multos
947 1438 1054 1470 videas
1071 1449 1143 1478 per-

190 1481 303 1512 frictae
331 1482 446 1512 frontis
476 1481 640 1520 homines,
668 1482 753 1513 ultro
785 1482 845 1513 Dei
874 1481 1016 1513 bonit-ate
1046 1481 1143 1519 abuti,

192 1524 315 1564 sibique
343 1534 470 1555 omnem
495 1524 719 1564 impunitatem
743 1525 894 1564 polliceri,
924 1524 1007 1565 quod
1031 1523 1142 1555 Domi-

192 1577 253 1598 nus
282 1572 391 1598 noster
414 1567 503 1598 Iesus
527 1567 676 1598 Christus
707 1568 740 1598 in
771 1567 925 1598 mundum
949 1566 1073 1598 venisse
1097 1566 1142 1597 di-

192 1610 275 1641 citur
297 1615 480 1650 peccatores
511 1614 704 1647 servaturus,
737 1610 810 1641 licet
840 1617 945 1641 tamen
976 1609 1058 1640 laxis
1088 1609 1143 1640 ha-

191 1651 282 1683 benis
304 1663 377 1684 cum
401 1663 526 1683 summo
549 1652 609 1683 Dei
633 1657 819 1692 contemptu
842 1653 874 1683 in
898 1652 1030 1692 quaevis
1052 1652 1142 1692 flagi-

191 1695 235 1726 tia
258 1695 448 1735 praecipites
471 1695 624 1733 ferantur,
649 1700 680 1726 et
703 1695 742 1726 ad
763 1695 898 1735 quodvis
922 1695 1041 1726 malum
1063 1695 1144 1725 fiant

191 1737 384 1769 audaciores.
436 1737 500 1768 Hic
537 1738 644 1778 itaque
682 1737 827 1769 videmus
862 1737 982 1768 nullam
1020 1747 1038 1767 a
1072 1737 1141 1768 Deo

191 1780 383 1820 sperandam
424 1780 694 1819 misericordiam,
748 1781 809 1812 nisi
858 1781 971 1820 quibus
1014 1785 1143 1820 peccata

191 1822 369 1863 displicent,
393 1827 425 1854 et
447 1823 503 1863 qui
526 1833 559 1854 se
583 1823 669 1863 ipsos
692 1823 940 1854 condemnantes
963 1832 1068 1854 coram
1082 1823 1142 1854 Dei

191 1866 358 1897 maiestate
381 1872 532 1906 tanquam
556 1876 625 1897 reos
648 1876 717 1897 sese
740 1866 867 1903 sistunt,
898 1869 930 1896 et
957 1865 1143 1906 suppliciter

190 1908 318 1939 veniam
342 1908 565 1949 deprecantur.

275 1951 491 1983 Transeamus
514 1951 552 1981 ad
577 1951 738 1982 Samuelis
762 1950 869 1989 verba,
900 1960 980 1991 quae
1003 1961 1142 1982 summo-

189 2004 266 2034 pere
299 1994 391 2025 nobis
423 1998 499 2025 sunt
533 1993 750 2025 observanda:
788 1993 888 2031 Sicut,
922 1993 1039 2033 inquit,
1072 1994 1144 2033 fecit

191 2036 304 2076 absque
332 2036 439 2068 liberis
468 2036 611 2067 mulieres
638 2036 764 2076 yladius
793 2039 881 2066 tuus:
908 2036 953 2067 εἰσ
972 2036 1081 2076 absque
1103 2037 1143 2067 Zi-

191 2079 271 2111 beris
300 2079 359 2110 erit
387 2079 465 2110 inter
492 2079 637 2110 mulieres
665 2081 762 2110 mater
784 2081 846 2109 tua.
892 2078 1014 2118 Quibus
1036 2079 1143 2111 verbis

191 2121 323 2153 Samuel
335 2122 462 2152 futurae
476 2122 568 2152 istius
584 2121 688 2152 caedis
701 2121 807 2161 Agagi
818 2121 972 2152 iustitiam
989 2126 1019 2152 et
1034 2122 1142 2162 aequi-

191 2169 289 2196 tatem
305 2164 517 2201 commendat,
538 2175 619 2204 quae
632 2174 735 2204 neque
747 2163 883 2195 crudelis
896 2164 936 2195 sit
949 2174 1051 2204 neque
1065 2164 1142 2195 vitio

191 2207 275 2238 verti
287 2207 434 2246 cuiquam
448 2207 564 2247 possit:
584 2207 638 2238 sed
653 2207 735 2238 iusto
747 2206 810 2237 Dei
822 2206 937 2238 iudicio
951 2207 1080 2238 nitatur.
1105 2206 1143 2238 Si

194 2251 342 2290 Agagum
373 2249 508 2280 dicimus
530 2249 697 2289 deceptum
723 2259 791 2280 esse
815 2248 983 2288 dicentem,
1007 2253 1141 2280 mortem

192 2302 332 2324 amaram
364 2301 382 2322 a
414 2302 447 2322 se
477 2291 660 2330 declinasse,
690 2291 819 2323 Samuel
850 2292 901 2322 his
924 2292 1028 2324 verbis
1050 2292 1142 2323 illum

191 2334 404 2375 reprehendet
433 2340 466 2365 et
495 2335 685 2374 increpabit,
716 2334 804 2374 quasi
835 2334 933 2366 dicat:
965 2334 1036 2374 Quo
1065 2346 1142 2366 vero

191 2378 260 2409 iure
284 2382 314 2407 te
336 2381 431 2417 putas
454 2382 599 2416 ereptum
623 2387 662 2408 ex
685 2382 787 2408 morte
809 2377 861 2417 qui
885 2381 1007 2408 tantam
1031 2378 1142 2409 crude-

191 2421 325 2456 litatem,
350 2419 425 2450 dum
450 2420 585 2457 viveres,
617 2419 810 2450 exercuisti?
842 2420 895 2460 qui
925 2420 1042 2451 multas
1070 2431 1141 2451 mu-

190 2463 285 2495 lieres
308 2461 416 2493 liberis
439 2461 530 2493 orbas
553 2462 663 2499 fecisti,
687 2467 718 2493 et
742 2462 859 2493 multos
882 2462 997 2494 liberos
1029 2474 1143 2503 paren-

191 2506 275 2538 tibus
306 2504 456 2544 privasti,
488 2504 668 2545 multasque
699 2504 809 2536 viduas
840 2504 1028 2536 reddidisti?
1073 2505 1143 2537 Nae

191 2551 224 2582 in
255 2547 381 2580 tabulas
408 2547 469 2578 ista
498 2546 599 2577 relata
628 2551 712 2585 sunt,
747 2557 882 2587 quorum
906 2548 963 2579 tibi
987 2548 1049 2579 iam
1074 2548 1142 2579 red-

192 2591 295 2624 denda
324 2589 405 2621 ratio
434 2593 492 2621 est.
538 2589 650 2629 Neque
681 2600 758 2621 sane
787 2590 843 2621 abs
874 2600 907 2621 re
936 2589 1067 2622 Samuel
1098 2591 1143 2622 ita

191 2632 401 2674 compellabat
432 2633 552 2663 virum:
584 2631 840 2672 quandoquidem
872 2633 1015 2673 improbi,
1043 2644 1141 2674 quum

846 196 890 227 IN
917 196 942 227 Ι.
966 195 1053 226 LIB.
1076 193 1271 226 SAMUEL.
1298 194 1393 225 CAP.
1421 195 1494 225 XV.

2094 194 2151 224 142

1197 287 1419 327 impendentes
1443 288 1501 319 sibi
1525 298 1643 328 poenas
1667 289 1785 325 vident,
1813 288 1915 319 solent
1942 288 2150 319 vehementer

1169 331 1170 361 ζ
1196 331 1402 367 commoveri,
1433 331 1592 371 indignari
1623 337 1654 362 et
1684 331 1831 362 dentibus
1856 331 2009 368 frendere,
2041 336 2071 361 et
2095 330 2150 361 ad-

189 377 325 417 gratiam
346 386 435 408 suam
456 377 586 408 minime
605 376 755 416 astringit
767 375 807 406 ad
821 376 919 406 vitam
932 378 1141 415 praesentem.
1168 391 1170 394 <

1197 383 1309 403 vorsus
1339 373 1442 403 Deum
1475 378 1505 403 et
1536 374 1681 405 homines
1704 373 1896 405 stomachari
1920 380 1950 404 et
1976 374 2150 413 insurgere.

1196 414 1239 445 At
1254 415 1385 446 Samuel
1408 415 1566 446 feritatem
1588 416 1676 447 illam
1696 417 1873 453 contundit,
1894 416 2009 447 docens
2029 415 2149 446 nullam

1196 468 1362 497 superesse
1381 468 1470 497 spem
1490 458 1599 489 salutis
1619 464 1648 490 et
1669 459 1762 496 vitae,
1787 459 1869 499 quod
1894 459 2041 489 meritam
2067 469 2148 489 mer-

1195 499 1302 531 cedem
1323 500 1413 531 illum
1433 505 1575 540 oporteat
1596 502 1721 539 referre,
1742 506 1772 532 et
1792 501 1946 532 factorum
1962 501 2148 541 praemium.

1195 542 1245 573 Ita
1277 542 1356 573 solet
1386 543 1543 582 scriptura
1573 544 1687 574 minari
1717 545 1783 575 fore
1807 549 1840 575 ut
1864 544 1973 575 eadem
2000 554 2151 574 mensura

1196 586 1387 616 remetiatur
1417 585 1454 616 iis
1485 586 1537 625 qui
1570 587 1730 625 proximos
1761 587 1930 624 laeserint,
1967 592 1996 616 et
2032 586 2150 616 iniuria

1197 628 1302 667 aliqua
1337 627 1388 658 vel
1426 629 1618 659 contumelia
1655 629 1827 660 affecerint.
1883 629 2005 660 Idcirco
2038 628 2150 659 Esaias

1196 670 1271 701 olim
1295 670 1436 702 dicebat:
1462 670 1530 700 Vae
1554 670 1610 701 tibi
1631 672 1685 711 qui
1706 671 1883 711 praedaris:
1908 681 1981 701 nam
2003 678 2031 701 et
2054 676 2149 701 erunt

1196 713 1250 753 qui
1275 718 1304 743 te
1328 712 1619 752 depraedabuntur.
1664 713 1754 752 Quae
1777 713 1982 745 comminatio
2004 723 2150 753 praeser-

1196 756 1254 786 tim
1278 755 1317 786 ad
1340 755 1564 796 babylonicam
1589 757 1806 787 monarchiam
1831 756 1997 796 spectavit⁷
2028 755 2150 796 rapinis

1195 802 1227 829 et
1249 797 1360 837 spoliis
1385 797 1559 828 multorum
1584 798 1774 838 populorum
1798 799 1934 839 plenam.
1969 798 2056 830 Sane
2080 802 2148 829 tum

1196 841 1229 871 in
1254 840 1388 872 Oriente
1416 851 1553 881 regnum
1577 841 1653 871 illud
1677 841 1903 881 babylonicum
1928 842 2068 871 maxime
2090 841 2148 871 flo-

1196 883 1296 923 rebat,
1326 888 1358 914 et
1387 888 1491 914 tutum
1522 883 1561 913 ab
1590 885 1675 914 omni
1706 884 1845 923 periculo
1877 883 2063 914 videbatur:
2094 883 2150 914 sed

1195 932 1304 957 tamen
1327 926 1431 966 ipsum
1456 926 1597 965 oportuit
1621 937 1700 965 quae
1724 927 1899 966 ingesserat
1924 925 2052 957 tandem
2077 936 2151 957 evo-

1196 979 1291 999 mere.
1328 968 1444 1007 Quare,
1464 973 1500 999 ut
1519 968 1669 1006 diximus,
1689 969 1739 999 isti
1760 969 1831 1000 licet
1851 979 1992 1000 summos
2012 969 2151 1000 honores

1196 1016 1360 1051 occupent,
1385 1016 1416 1042 et
1440 1010 1561 1041 viribus
1585 1012 1737 1051 polleant:
1764 1017 1869 1042 tamen
1895 1011 1955 1051 legi
1979 1011 2149 1042 subiicien-

1198 1053 1263 1091 dos,
1287 1058 1318 1085 et
1342 1064 1404 1094 qua
1427 1063 1577 1084 mensura
1602 1054 1717 1084 fuerint
1741 1053 1811 1084 aliis
1835 1055 1937 1085 mensi
1961 1054 2070 1084 eadem
2091 1053 2149 1084 sibi

1197 1096 1431 1128 remetiendum
1469 1096 1578 1127 sciant.
1635 1096 1721 1135 Quid
1758 1097 1857 1137 igitur
1886 1096 1975 1127 nobis
2006 1096 2148 1127 futurum

1196 1144 1363 1179 putamus,
1397 1139 1422 1170 si
1457 1138 1508 1169 isti
1543 1138 1688 1170 homines
1722 1138 1863 1169 divinam
1898 1139 2052 1170 ultionem
2088 1149 2150 1169 non

1197 1181 1378 1223 effugiunt?
1424 1181 1475 1212 An
1508 1181 1730 1221 impunitatem
1762 1181 1821 1213 sibi
1844 1181 2080 1221 pollicebuntur
2102 1182 2151 1212 in—

1197 1226 1290 1256 fimae
1303 1224 1496 1256 conditionis
1510 1223 1655 1255 homines
1675 1225 1700 1254 si
1720 1224 1772 1254 alii
1791 1223 1868 1254 alios
1889 1223 2148 1263 depraedentur?

1196 1268 1265 1299 Nae
1279 1268 1305 1299 si
1324 1267 1378 1307 qui
1399 1267 1570 1298 {munitate
1591 1271 1622 1297 et
1642 1266 1762 1298 viribus
1781 1266 1901 1306 pollent
1922 1277 1982 1297 non
2004 1267 2152 1297 eximun-

1197 1316 1250 1341 tur
1263 1310 1387 1341 meritis
1399 1309 1518 1350 poenis,
1538 1310 1597 1340 etsi
1617 1309 1782 1349 privilegio
1801 1308 1937 1348 quodam
1957 1309 2151 1340 sacrosancti

1197 1353 1356 1391 videntur,
1380 1352 1484 1392 qualis
1509 1352 1642 1383 aliorum
1667 1352 1772 1382 futura
1797 1357 1842 1382 est
1867 1351 1990 1391 poena?
2035 1351 2151 1382 Nonne

1197 1396 1259 1427 Dei
1290 1399 1512 1432 contemtores,
1547 1401 1747 1425 contumaces
1778 1400 1809 1425 et
1838 1394 2030 1431 refractarii,
2060 1404 2151 1433 prae-

1197 1438 1305 1476 dones,
1329 1440 1545 1469 foeneratores
1569 1443 1596 1467 et
1621 1436 1799 1468 istiusmodi
1824 1436 1970 1467 homines
1991 1436 2044 1476 qui
2066 1437 2150 1467 malo

1197 1481 1397 1513 delectantur
1420 1479 1579 1511 horrenda
1603 1479 1824 1511 condemnatio
1848 1478 1980 1509 manet?
2015 1478 2067 1510 Ex
2091 1478 2149 1510 Sa-

1197 1524 1311 1555 muelis
1339 1524 1438 1564 igitur
1469 1523 1611 1554 oratione
1641 1522 1679 1553 ad
1703 1522 1850 1561 Agagum
1875 1522 1906 1552 in
1930 1521 2043 1561 primis
2063 1521 2151 1552 colli-

1197 1577 1309 1608 gamus
1343 1570 1489 1606 oportere
1523 1565 1643 1596 iudiees
1677 1565 1802 1605 capitali
1836 1564 1992 1604 supplicio
2027 1564 2152 1604 aliquos

1196 1609 1447 1641 condemnantes
1467 1608 1672 1639 manifestum
1692 1607 1796 1639 facere
1816 1618 1848 1638 se
1869 1607 1955 1637 nulla
1974 1606 2036 1637 alia
2055 1617 2152 1646 quam

1196 1652 1290 1683 officii
1322 1652 1442 1682 ratione
1474 1655 1579 1682 sontes
1610 1651 1665 1681 tali
1696 1661 1795 1690 poena
1819 1650 1983 1681 mulctare.
2027 1648 2152 1681 Idcirco

1196 1706 1261 1726 non
1284 1695 1351 1726 sola
1374 1694 1562 1734 simpliciter
1585 1693 1696 1733 capitis
1720 1692 1878 1724 sententia
1901 1692 1933 1722 in
1957 1697 2064 1723 sontes
2087 1692 2150 1723 fer-

1195 1742 1258 1775 tur,
1290 1737 1344 1768 sed
1375 1737 1497 1768 adiecta
1520 1736 1615 1767 etiam
1638 1735 1780 1767 criminis
1804 1734 2032 1765 declaratione:
2064 1734 2149 1774 quod

1196 1791 1258 1812 non
1288 1784 1411 1811 tantum
1442 1783 1559 1817 sontes,
1589 1779 1643 1810 sed
1675 1778 1771 1809 etiam
1801 1787 1910 1808 omnes
1942 1777 1995 1816 qui
2019 1776 2150 1807 adstant

1195 1823 1369 1864 plurimum
1401 1822 1508 1854 afficit.
1554 1821 1596 1852 Et
1627 1832 1663 1852 ea
1686 1820 1808 1851 ratione
1831 1820 1971 1850 iustitiae
1995 1819 2150 1851 autoritas

1195 1870 1227 1897 et
1246 1867 1390 1906 aequitas
1409 1865 1448 1896 ab
1468 1864 1554 1895 omni
1573 1863 1727 1895 violentia
1749 1867 1781 1893 et
1805 1862 1924 1902 rapinis
1948 1861 2149 1893 discernitur.

1195 1908 1307 1940 Veluti
1331 1908 1366 1946 si,
1390 1907 1529 1947 exempli
1552 1906 1664 1947 gratia,
1688 1916 1744 1936 rex
1764 1905 1919 1945 quispiam
1940 1914 1997 1944 pro
2017 1903 2150 1935 arbitrio

1197 1952 1282 1983 hunc
1306 1950 1357 1981 vel
1376 1950 1467 1981 illum
1486 1949 1621 1981 interfici
1640 1949 1754 1984 iubeat,
1778 1946 2045 1988 quemadmodum
2065 1947 2149 1987 apud

1196 1994 1316 2025 'Furcas
1350 1993 1442 2024 hodie
1476 2002 1597 2023 morem
1632 1991 1775 2022 obtinere
1810 1990 1971 2026 videmus,
2014 1999 2077 2020 non
2112 2000 2150 2020 ea

1195 2037 1317 2068 iustitia
1347 2036 1402 2067 sed
1426 2035 1576 2066 violentia
1599 2039 1630 2065 et
1654 2033 1852 2065 latrocinium
1877 2032 2009 2063 dicetur.
2055 2033 2099 2062 At
2122 2033 2150 2063 si

1196 2079 1341 2111 criminis
1365 2077 1556 2119 significatio
1575 2077 1751 2113 accesserit,
1773 2080 1840 2106 tum
1860 2073 2026 2115 apparebit
2045 2075 2151 2115 aequi-

1196 2127 1245 2153 tas
1275 2121 1432 2158 iustitiae,
1467 2131 1530 2161 qua
1560 2130 1622 2150 non
1653 2124 1777 2150 tantum
1807 2116 2087 2154 obtrectatoribus,
2119 2122 2150 2148 et

1195 2164 1358 2195 maledicis
1389 2175 1423 2195 os
1446 2163 1637 2195 occluditur:
1668 2161 1721 2193 sed
1746 2161 1840 2191 etiam
1864 2159 2052 2199 supplicium
2077 2159 2149 2191 aliis

1196 2207 1386 2239 documento
1409 2211 1466 2243 est,
1495 2210 1531 2237 ut
1555 2206 1586 2235 in
1611 2204 1671 2235 Dei
1696 2204 1808 2235 timore
1832 2207 1862 2233 et
1885 2202 1989 2233 officio
2013 2202 2150 2242 quisque

1196 2250 1380 2281 retineatur.
1411 2249 1581 2280 Caeterum
1595 2246 1777 2278 meditanda
1790 2246 1849 2276 ista
1863 2244 2032 2282 sententia,
2053 2254 2149 2284 quam

1195 2293 1287 2323 Deus
1316 2292 1384 2332 ipse
1414 2302 1470 2332 per
1493 2290 1677 2322 Samuelem
1708 2288 1849 2329 protulit,
1879 2292 1914 2318 ut
1937 2287 1968 2318 in
1991 2286 2052 2318 hac
2077 2287 2149 2318 doc—

1196 2336 1280 2366 trina
1304 2335 1406 2375 magis
1430 2345 1465 2365 ac
1488 2334 1589 2374 magis
1620 2341 1840 2369 exerceamur,
1869 2340 1984 2369 nempe
2012 2340 2064 2361 eos
2094 2331 2149 2369 qui

1196 2377 1385 2418 sanguinem
1410 2377 1589 2407 humanum
1614 2374 1785 2406 crudeliter
1811 2372 1990 2409 effuderint,
2021 2371 2149 2403 tandem

1196 2421 1229 2451 in
1253 2420 1316 2450 Dei
1346 2429 1476 2450 manum
1510 2422 1541 2449 et
1572 2417 1726 2448 iudicium
1757 2426 1897 2454 casurOS,
1929 2414 2151 2454 rationemque

1197 2463 1272 2494 olim
1296 2462 1356 2502 ipsi
1380 2462 1536 2492 factorum
1560 2459 1758 2490 reddituros:
1788 2456 2057 2498 quemadmodum
2082 2457 2151 2497 ipse

1197 2505 1357 2537 Dominus
1381 2504 1498 2535 Genes.
1522 2513 1590 2542 cap.
1607 2502 1635 2533 9.
1660 2501 1815 2542 loquitur:
1839 2501 1919 2531 Eius
1942 2500 1996 2540 qui
2020 2500 2150 2541 sangui-

1197 2559 1269 2579 nem
1300 2548 1478 2578 humanum
1502 2544 1658 2582 efluderit,
1689 2544 1784 2575 etiam
1807 2542 2017 2581 fundendum,
2047 2553 2151 2583 neque

1196 2595 1320 2622 tantum
1361 2589 1482 2620 facinus
1516 2598 1658 2627 unquam
1693 2586 1888 2626 impunitum
1924 2586 1998 2616 fore.
2055 2584 2151 2624 Quod

1197 2644 1273 2665 sane
1304 2631 1454 2663 iudicium
1487 2634 1613 2661 exercet
1637 2630 1725 2661 Deus
1754 2638 1848 2668 saepe
1878 2628 1909 2659 in
1941 2627 2000 2659 hoc
2032 2627 2153 2659 mundo
