2551 3044
357 197 401 228 47

360 291 466 321 fauces
501 289 538 318 ad
577 287 709 317 miseros
743 285 966 327 deglutiendos
1000 291 1201 324 appui-antes.
1254 281 1318 314 Sed

360 342 432 363 ecce
456 329 644 370 repentinus
667 329 755 359 furor
778 339 795 358 a
820 328 889 359 Deo
914 328 1077 359 immissus
1102 326 1145 357 sic
1171 325 1240 356 illos
1263 326 1320 356 im-

361 375 451 415 pulit,
481 379 517 403 ut
548 379 662 402 mutuo
692 381 761 402 sese
796 371 966 402 laniarint:
1002 378 1033 400 et
1065 369 1154 400 Deus
1189 368 1318 398 illorum

360 415 632 457 conspirationem
665 414 696 444 in
721 421 815 453 caput
838 413 982 453 ipsorum
1008 413 1158 443 verterit:
1190 418 1317 441 servata

360 459 510 491 ecclesiae
545 467 621 497 pace
655 464 686 486 ct
721 457 964 496 tranquillitate,
1006 466 1086 494 quae
1128 462 1244 489 tamen,
1283 459 1318 484 ut

361 502 435 539 dixi,
467 508 617 540 tanquam
646 498 716 529 ovis
741 504 810 529 crat
833 498 978 529 lanienae
1003 498 1173 529 destinata.
1219 495 1319 527 Mira—

360 544 468 576 eulum
493 542 601 583 procul
627 541 723 572 dubio
749 541 973 572 manifestum:
998 541 1110 580 inquo
1131 539 1190 569 Dei
1218 540 1317 569 nostri

361 598 438 627 erga
460 597 533 617 suos
558 585 734 616 bonitatem
766 583 841 615 licet
870 584 1070 624 apertissime
1101 581 1317 621 contemplari.

362 629 473 670 Neque
507 638 580 659 vero
604 626 704 658 semel
734 632 860 657 tantum
885 633 940 657 aut
961 626 1078 657 iterum
1101 635 1206 656 caesos
1231 625 1318 671 fuga-

361 678 472 712 tosquc
504 671 612 702 hostes
641 680 659 700 a
683 668 833 706 Domino,
871 668 926 700 sed
957 668 1040 700 idem
1065 667 1207 708 quotidie
1230 666 1318 697 facti-

361 715 420 746 tari
452 713 606 744 videmus.

360 757 451 789 dicit:
478 756 608 787 Domini
634 755 735 785 nostri
760 754 832 785 Iesu
855 754 977 785 Christi
1000 764 1136 794 regnum
1167 754 1233 783 fore
1254 752 1315 791 spi-

359 800 484 831 rituale.
531 797 748 837 Quamobrem
771 797 810 828 iis
832 796 1004 828 adversum
1027 796 1191 828 ecclesiam
1218 794 1317 825 bosti-

358 844 419 874 bus
449 840 667 881 surgentibus,
701 839 817 880 quibus
848 838 1031 880 repellendo
1065 845 1097 870 et
1130 836 1316 869 sustinendo

358 885 467 916 miseri
498 883 607 914 fideles
630 887 706 914 sunt
729 882 877 922 impares,
908 881 992 922 quod
1017 881 1178 912 fortissimi
1209 880 1318 911 hostes

360 934 392 959 ct
421 925 673 958 numerosissimi
707 925 781 961 sint,
813 931 845 956 et
868 925 1019 955 omuibus
1042 924 1081 955 iis
1105 923 1263 954 machinis
1286 926 1318 953 et

360 976 515 1011 apparatu
559 968 672 999 bellico
703 967 953 1003 instructissimi,
995 967 1111 1007 quibus
1154 966 1201 996 vel
1250 975 1317 996 mo-

361 1019 468 1044 mento
499 1011 726 1042 obrueremur:
764 1010 797 1040 in
828 1011 1017 1041 memoriam
1042 1008 1219 1040 revocanda
1242 1013 1317 1039 sunt

361 1053 580 1086 memorabilia
613 1053 671 1084 Dei
707 1052 759 1083 illa
794 1053 948 1084 facinora:
982 1052 1086 1092 qualis
1127 1052 1185 1082 fuit
1218 1052 1314 1082 victo-

360 1099 408 1129 ria
430 1097 468 1128 de
493 1095 689 1132 Madianitis,
724 1106 786 1135 qua
817 1095 908 1126 Deus
941 1095 1095 1135 populum
1124 1104 1216 1124 suum
1247 1094 1317 1124 sine

360 1140 475 1171 mediis
516 1139 652 1170 terrenis
695 1149 734 1169 ex
781 1138 963 1169 imminenti
1006 1137 1147 1177 periculo
1189 1136 1314 1176 eripuit.

360 1182 476 1222 Qualis
510 1182 607 1213 etiam
649 1181 784 1212 victoria
825 1180 863 1211 de
898 1180 1092 1216 Philistaeis‚
1128 1190 1221 1219 quam
1257 1178 1316 1210 hoc

358 1226 428 1257 loeo
459 1230 703 1265 pertractamus.
749 1223 793 1254 Et
828 1223 906 1254 haec
941 1222 979 1254 de
1011 1223 1080 1254 istis
1114 1223 1191 1253 satis
1233 1221 1316 1252 dicta

358 1275 469 1305 suuto;
517 1278 558 1298 ex
598 1266 714 1306 quibus
756 1265 916 1297 discamus
956 1266 1002 1296 ita
1035 1266 1069 1296 in
1099 1264 1159 1296 Dei
1202 1265 1315 1295 timore

358 1318 389 1343 et
429 1309 609 1342 obedientia
650 1308 806 1345 incedere,
853 1314 887 1339 ut
931 1317 1076 1339 mutuam
1111 1306 1314 1339 concordiam

358 1353 432 1385 fidei
464 1352 591 1384 vinculo
614 1352 800 1387 excitemus,
838 1361 1009 1391 veramque
1040 1357 1071 1381 et
1104 1354 1222 1382 rectam
1253 1350 1314 1380 fra-

357 1397 541 1428 ternitatem
580 1394 633 1425 alii
672 1404 749 1435 erga
789 1393 869 1425 alios
900 1394 1075 1432 foveamus⁷
1112 1399 1144 1424 et
1173 1391 1313 1432 quando-

355 1438 484 1479 quidem
510 1438 592 1469 hanc
615 1448 633 1468 a
658 1437 726 1468 Deo
758 1437 895 1476 gratiam
918 1437 1105 1476 consequuti
1130 1446 1250 1473 sumus,
1278 1439 1314 1465 ut

358 1482 388 1512 in
419 1481 559 1512 filiorum
592 1490 725 1510 numere
757 1479 940 1515 habeamur,
975 1478 1109 1510 eandem
1143 1479 1176 1508 in
1210 1477 1315 1518 proxi-

359 1535 427 1555 mos
462 1522 686 1563 rependamus.
736 1524 842 1562 Atque
876 1521 922 1552 ita
955 1521 1028 1552 fidei
1064 1521 1186 1552 unitate
1219 1519 1314 1551 simul

360 1566 592 1601 devinciamur,
623 1570 658 1595 ut
688 1565 743 1594 illa
770 1565 812 1595 sit
833 1564 1068 1595 coniunctionis
1090 1571 1219 1594 mutuae
1243 1564 1314 1593 vin-

359 1609 488 1641 culum:
523 1614 560 1639 ut
588 1607 722 1647 quisque
756 1607 854 1637 alium
885 1606 981 1638 alacri
1015 1607 1121 1637 animo
1150 1606 1248 1642 iuvet,
1283 1612 1315 1636 et

360 1651 400 1683 ad
424 1651 531 1682 Deum
557 1661 614 1681 nos
639 1656 807 1680 vocantem
832 1649 976 1680 unanimi
999 1659 1157 1681 consensu
1187 1656 1312 1680 conten-

359 1694 490 1730 damus,
534 1693 743 1732 certatimque
788 1692 942 1732 proximis
986 1691 1236 1723 benefaciamus:
1283 1697 1315 1722 ut

359 1737 420 1768 hac
455 1735 580 1767 ratione
610 1743 730 1766 certam
761 1742 791 1764 ct
823 1734 1024 1765 indelebilem
1060 1740 1167 1764 notam
1203 1734 1316 1765 habea-

359 1790 432 1811 mus
465 1789 483 1809 a
513 1778 583 1809 Deo
614 1789 671 1809 nos
698 1777 732 1808 in
765 1777 916 1817 populun}
950 1777 1062 1817 recipi:
1094 1783 1125 1807 et
1153 1788 1224 1807 cum
1262 1777 1314 1817 qui

361 1821 451 1853 Deus
484 1829 533 1852 est
561 1821 646 1860 pacis
676 1828 707 1850 et
735 1820 922 1851 concordiae
953 1830 1065 1850 revera
1096 1820 1185 1851 nobis
1215 1819 1314 1851 domi-

360 1864 442 1897 nari.

445 1907 662 1937 Transeamus
692 1904 731 1936 ad
761 1905 939 1944 sequentia.

359 1950 494 1982 eratione
521 1948 670 1987 populum
703 1947 912 1985 obstrinxisse,
947 1947 1095 1978 diceudo:
1130 1947 1315 1978 Mtlffllictus

359 1995 420 2024 esto
444 1993 492 2022 vir
515 1991 566 2022 ille
584 1991 637 2030 qui
659 1990 820 2022 comederit
833 2000 948 2028 panem
970 2000 1066 2029 usque
1088 1990 1129 2019 ad
1151 2000 1314 2029 vesperam.

361 2036 460 2067 Panis
484 2044 579 2074 porro
604 2033 732 2063 nominc
751 2032 887 2072 quilibet
909 2033 998 2063 cibus
1021 2032 1222 2072 intelligitur.
1253 2032 1315 2062 Ita-

360 2088 421 2118 que
452 2076 613 2108 maledicit
643 2075 790 2106 omnibus
821 2075 860 2106 iis
889 2076 942 2114 qui
967 2081 1040 2106 ante
1063 2080 1186 2105 noctem
1211 2075 1314 2106 eibum
1340 2109 1341 2118 ἵ

361 2121 461 2152 ullum
486 2119 698 2159 gustaverint,
723 2117 807 2157 quod
826 2117 1020 2149 Philistaeos
1041 2117 1189 2158 persequi
1210 2117 1315 2153 vellet,
1340 2131 1341 2140 π

361 2169 391 2195 et
415 2171 620 2202 quoscunque
642 2161 775 2192 haberet
797 2160 909 2191 obvios
933 2160 1029 2191 morti
1053 2159 1187 2190 tradere.
1224 2160 1314 2191 Iona-

361 2206 480 2236 thanus
504 2205 633 2240 interea,
665 2203 818 2234 victoriae
841 2208 953 2234 auctor
975 2209 1003 2233 ct
1031 2203 1232 2242 principium.
1263 2203 1315 2234 ab·

360 2260 433 2279 sens
474 2248 724 2278 exsecrationem
761 2245 849 2276 illam
892 2256 954 2276 non
985 2246 1161 2282 audiverat,

360 2290 506 2322 hostibus
538 2289 726 2329 permixtus.

360 2339 482 2374 patrem
507 2342 602 2363 suum
628 2331 830 2362 adiuranteui
855 2331 1017 2370 populum,
1041 2331 1073 2361 in
1098 2330 1237 2362 transitu
1261 2341 1316 2361 ox·

360 2381 497 2407 tremum
523 2375 625 2405 baculi
649 2375 680 2404 in
707 2376 816 2405 favum
841 2373 946 2404 mellis
975 2374 1117 2407 intinxit,
1151 2378 1183 2404 et
1213 2373 1252 2403 ad
1282 2384 1316 2403 os
1341 2400 1343 2407 ,

359 2418 518 2449 admovit:
551 2423 619 2447 erat
650 2417 735 2447 enim
767 2424 853 2447 terra
883 2416 937 2446 illa
968 2415 1073 2447 mellis
1104 2415 1314 2447 feracissima:

360 2472 462 2501 neque
492 2460 577 2491 enim
611 2464 777 2498 tantopere
802 2460 832 2489 in
857 2459 920 2490 illis
945 2458 1130 2499 regionibus
1153 2458 1316 2489 laborat-ur

360 2503 398 2534 de
421 2503 534 2544 apibus
557 2500 740 2537 educandis,
765 2508 962 2542 quantopere
986 2501 1019 2532 in
1044 2501 1102 2532 his.
1134 2501 1218 2532 Nam
1241 2511 1316 2541 apes

360 2552 472 2585 sponte
504 2544 552 2575 vel
577 2545 609 2575 in
634 2545 777 2584 rupibus,
811 2544 861 2575 vel
886 2544 919 2575 in
942 2544 1030 2575 cavis
1053 2543 1203 2575 arborum
1227 2543 1316 2574 favos

360 2588 498 2629 fingunt,
528 2592 562 2618 ut
591 2598 655 2617 non
687 2587 756 2618 sine
787 2597 882 2619 causa
913 2593 999 2617 terra
1030 2586 1202 2618 israelitica
1230 2596 1315 2617 com-

360 2631 528 2662 mendetur
551 2639 570 2660 a
592 2629 695 2661 mellis
719 2635 750 2660 et
773 2629 864 2661 lactis
895 2629 1067 2661 feracitate.
1114 2629 1316 2660 Ionathanus

1157 187 1355 220 UOMILIA
1377 189 1441 221 Xl,
1449 190 1471 217 V
1481 189 1538 220 ΙΙΙ.

652 712 699 743 Ac
730 721 806 743 sanc
837 722 900 742 non
934 711 1003 742 sine
1037 721 1133 741 causa
1164 708 1318 749 propheta
1344 743 1345 746 Ἰ

2287 193 2327 225 48

1371 294 1447 324 ergo
1479 283 1582 314 baculi
1605 291 1750 314 extremo
1773 284 1804 314 in
1836 283 1944 314 favum
1970 282 2073 314 mellis
2095 283 2244 321 intincto,
2268 285 2325 316 ali-

1371 326 1560 365 quantulum
1585 326 1689 357 suxit:
1718 326 1772 366 qui
1803 336 1821 356 a
1849 325 1986 365 quodam
2018 336 2034 355 e
2065 324 2156 365 plebe
2178 326 2216 356 de
2239 337 2327 360 exse-

1369 369 1511 400 cratione
1536 369 1636 407 patris
1669 368 1862 406 admonitus,
1898 368 2038 407 excepit:
2075 368 2175 406 Atqui
2196 369 2328 402 turbavit

1365 413 1457 450 paler
1478 420 1563 441 meus
1584 413 1714 443 terram:
1734 411 1858 442 vidistis
1875 411 1955 442 enim
1974 411 2048 449 quia
2067 410 2240 442 illuminati
2256 416 2328 444 sunt

1369 453 1449 485 oculi
1480 454 1549 490 mei,
1582 464 1615 485 eo
1643 453 1723 494 quod
1749 454 1937 494 gustaverim
1967 453 2132 492 paululum
2165 453 2203 485 de
2243 454 2327 486 melle

1344 501 1345 530 1
1371 496 1438 527 isto.
1472 495 1575 534 Quasi
1598 495 1699 527 dicat:
1724 496 1917 527 Debilitatae
1943 506 2030 527 meae
2055 496 2138 527 vires
2161 496 2325 528 oculorum

1344 548 1345 573 ;
1371 548 1516 569 meorum
1539 538 1724 578 adspectum
1749 538 1968 570 turbaverant.
2019 538 2103 569 Nam
2127 539 2247 570 scimus
2269 550 2325 570 ex·

1371 581 1538 621 perientia.
1569 581 1668 612 nimia
1695 581 1888 612 abstinentia
1921 582 2006 612 vires
2030 580 2135 622 frangi
2159 588 2191 612 et
2214 581 2324 613 debili-

1371 625 1446 654 tari:
1471 634 1508 655 ac
1532 623 1664 663 proinde
1687 634 1760 655 eum
1783 625 1836 664 qui
1861 625 1987 655 ieiunus
2006 624 2142 654 nimium
2162 624 2323 660 laborarit,

1370 666 1465 697 etiam
1490 666 1653 697 oculorum
1680 667 1742 697 vim
1766 667 1924 698 amittere.
1972 667 2068 707 Ergo,
2102 667 2216 706 inquit,
2239 667 2324 699 oculi

1370 709 1443 747 mei,
1473 716 1640 749 postquam
1664 709 1724 740 mel
1757 709 1841 740 istud
1865 710 2003 749 gustavi,
2034 716 2112 740 sunt
2134 709 2322 742 illuminati:

1344 755 1345 758 ’
1369 752 1459 791 quasi
1479 751 1571 788 dicat,
1596 750 1718 782 reddita
1735 751 1814 783 mihi
1834 753 1899 783 vita
1923 759 1984 783 est:
2009 751 2218 783 moribundus
2236 762 2323 784 eram

1342 801 1409 825 *ex
1444 793 1670 829 debilitatione,
1710 795 1773 826 iam
1815 805 1888 826 vero
1931 795 2158 835 redintegratis
2192 795 2322 833 viribus,

1370 836 1539 877 degustato
1570 836 1674 868 mellis
1708 837 1848 877 pauxillo
1880 838 1962 868 vivo.
2007 838 2055 869 Ac
2078 837 2103 868 si
2128 837 2263 877 populus
2286 838 2323 869 li·

1370 879 1443 910 bere
1473 879 1662 911 comedisset
1694 879 1788 911 hodie
1817 880 1856 911 de
1887 880 2004 920 praeda
2027 890 2158 911 suorum
2184 879 2323 912 hostium

1369 922 1453 962 quod
1477 922 1656 954 suffecisset
1678 922 1716 953 ad
1743 923 1826 954 vires
1849 922 2053 963 reparandas,
2078 923 2197 954 maiore
2215 924 2323 954 animo

1369 971 1401 996 et
1430 965 1555 996 viribus
1585 964 1692 996 hostes
1724 965 1960 1005 insequeretur:
1996 975 2055 996 nae
2090 966 2190 996 nimia
2223 966 2323 1006 patris

1370 1007 1429 1038 hac
1460 1008 1493 1038 in
1524 1014 1615 1047 parte
1645 1007 1704 1039 fuit
1733 1008 1897 1040 severitas.
1944 1008 2163 1039 Nihilominus
2187 1008 2323 1048 populus

1370 1050 1478 1081 hostes
1498 1051 1700 1090 insequutus.
1725 1051 1878 1090 percussit
1903 1051 1973 1082 illos
1997 1062 2014 1081 a
2039 1051 2226 1082 Machmaso
2248 1051 2323 1083 Ais-

1369 1092 1475 1124 lonem
1500 1103 1620 1132 usque:
1645 1101 1676 1124 et
1697 1093 1816 1134 insigni
1839 1093 1927 1125 clade
1951 1094 2067 1131 affecit,
2093 1094 2323 1134 victoriamque

1369 1135 1609 1167 memorabilem
1641 1147 1680 1167 ex
1711 1145 1774 1176 qua
1801 1137 1858 1168 toti
1893 1137 2006 1176 populo
2037 1136 2124 1167 salus
2155 1143 2245 1176 parta
2274 1142 2321 1169 est

986 1904 1065 1935 Saul
1094 1904 1210 1936 dicitur
1233 1915 1316 1936 exse·
1341 1916 1342 1919 ¹

1368 1179 1555 1218 reportavit.
1601 1178 1686 1217 Quid
1711 1189 1786 1210 vero
1805 1179 1861 1210 illa
1882 1179 1990 1211 Saulis
2012 1181 2188 1211 exsecratio
2213 1180 2323 1211 fecerit

1369 1221 1465 1261 paulo
1499 1226 1571 1261 post
1606 1221 1793 1257 videbimus.
1833 1221 2088 1262 quandoquidem
2123 1222 2216 1253 hodie
2249 1232 2320 1262 per-

1368 1265 1500 1295 tractari
1532 1264 1587 1295 illa
1615 1275 1679 1295 non
1703 1270 1844 1304 possunt.
1890 1265 2024 1296 Interim
2049 1265 2221 1296 Ionathani
2245 1275 2320 1305 que-

1369 1306 1539 1338 rimoniam
1581 1307 1695 1338 iustam
1741 1317 1810 1338 esse
1842 1314 1964 1339 certum
1997 1315 2054 1345 est,
2095 1307 2177 1347 quod
2223 1308 2322 1339 nimia

1368 1351 1539 1381 severitate
1570 1356 1661 1390 pater
1694 1351 1874 1381 iuramento
1903 1350 2053 1390 populum
2085 1350 2319 1383 adstrinxisset.

1369 1391 1457 1424 Sane
1488 1403 1583 1432 saepe
1617 1393 1824 1432 imperatores
1859 1393 1980 1434 legibus
2011 1393 2173 1424 inusitatis
2203 1393 2321 1425 milites

1368 1435 1402 1466 in
1434 1435 1541 1467 officio
1571 1436 1710 1466 retinere
1739 1441 1878 1475 oportet:
1909 1435 2008 1466 nimia
2031 1435 2171 1475 alioquin
2196 1436 2228 1466 in
2252 1445 2321 1468 cas-

1369 1478 1427 1509 tris
1451 1478 1559 1509 futura
1581 1477 1768 1509 confusione
1791 1488 1960 1518 rerumque
1983 1478 2233 1518 perturbatione,
2258 1478 2321 1510 nisi

1367 1521 1489 1552 severis
1514 1520 1636 1562 legibus
1655 1521 1772 1552 milites
1793 1521 2027 1552 contineantur.
2052 1520 2117 1552 Sed
2137 1521 2195 1552 hoc
2212 1531 2318 1552 exem-

1367 1563 1420 1603 plo
1451 1563 1602 1594 docemur
1633 1574 1695 1594 non
1722 1571 1839 1595 temere
1868 1563 2144 1595 exsecrationibus
2166 1563 2248 1595 ullos
2269 1563 2322 1595 ob-

1369 1605 1584 1646 stringendos.
1619 1606 1701 1637 Nam
1724 1606 1920 1638 tolerabilior
1942 1607 1976 1637 in
1999 1606 2144 1646 principe
2166 1612 2222 1637 aut
2245 1616 2321 1648 rege

1369 1649 1463 1679 unius
1487 1656 1541 1679 aut
1564 1648 1696 1680 alterius
1724 1649 1835 1680 militis
1857 1649 1967 1681 caedes
1989 1654 2083 1685 esset,
2114 1649 2189 1680 lieet
2211 1649 2321 1680 imme-

1367 1691 1444 1730 rita,
1467 1702 1562 1731 quam
1585 1693 1681 1723 unius
1704 1697 1760 1722 aut
1781 1691 1922 1732 plurium
1945 1692 2129 1722 exsecratio.
2155 1691 2238 1723 Nam
2260 1693 2319 1724 etsi

1367 1734 1456 1765 iussu
1487 1735 1690 1774 imperatoris
1711 1734 1826 1774 aliquis
1848 1734 2008 1771 caedatur,
2040 1734 2248 1766 nihilominus
2271 1740 2319 1766 ta-

1367 1787 1441 1807 men
1465 1777 1533 1808 eius
1557 1777 1700 1808 misereri
1727 1777 1813 1808 Deus
1842 1784 1961 1817 potest:
1991 1776 2055 1808 Sed
2079 1783 2234 1816 quantum
2258 1777 2318 1808 ful·

1367 1829 1439 1850 men
1471 1827 1518 1851 est
1541 1819 1604 1850 Dei
1634 1820 1763 1851 nomine
1792 1820 1945 1851 advocato
1974 1819 2204 1859 qualiscunque
2226 1830 2319 1852 exse-

1366 1862 1487 1893 cratio?
1534 1862 1692 1902 Equidem
1724 1862 1826 1893 fateor
1855 1869 1974 1894 temere
1999 1862 2058 1893 Dei
2090 1863 2219 1893 nomine
2241 1862 2318 1894 abu-

1365 1910 1496 1942 tentem,
1527 1905 1559 1935 in
1590 1915 1683 1936 suum
1714 1912 1810 1945 caput
1837 1915 1931 1937 omne
1961 1904 2193 1936 maledictionis
2215 1915 2318 1946 genus

1367 1947 1530 1979 derivare:
1573 1953 1796 1979 verumtamen
1829 1953 1861 1979 et
1892 1947 1971 1978 illud
2011 1954 2133 1978 certum
2175 1954 2222 1978 est
2263 1958 2318 1988 per

1367 1991 1472 2030 ipsum
1514 2001 1578 2022 non
1617 1996 1702 2022 stare
1743 1991 1911 2030 quominus
1953 1990 2059 2020 devoti
2104 1991 2317 2022 exsecrationi

1367 2043 1480 2064 omncs
1502 2034 1571 2064 sine
1595 2033 1782 2065 remissione
1805 2039 1945 2073 percant.
1968 2032 2173 2073 Quapropter
2195 2034 2221 2064 si
2241 2032 2319 2065 Saul

1367 2076 1589 2108 interdixisset
1612 2087 1652 2107 ne
1675 2075 1748 2116 quis
1769 2077 1829 2107 sub
1851 2076 1963 2116 eapitis
1985 2085 2088 2115 poena
2111 2075 2216 2106 cibum
2245 2081 2321 2107 ante

1368 2119 1510 2150 devictos
1535 2119 1644 2150 hostes
1667 2125 1840 2159 gustasset:
1864 2124 1996 2158 poterat,
2019 2118 2045 2148 si
2069 2117 2214 2158 legitima
2243 2118 2319 2150 fuis-

1203 2256 1316 2285 nempe
1340 2267 1342 2287 ¹,

772 2288 883 2327 Quare
916 2299 1013 2328 quum
1046 2298 1108 2319 non
1140 2288 1342 2327 audivisset3

1340 2157 1341 2164 ¹
1367 2170 1415 2191 set
1439 2163 1610 2200 excusatio,
1633 2162 1712 2204 legis
1735 2161 1888 2193 severitas
1911 2162 2091 2201 temperari.
2129 2160 2211 2191 Nam
2236 2167 2321 2201 pote-

1342 2205 1343 2215 *
1369 2211 1417 2234 rut
1441 2205 1653 2235 temeritatem
1685 2203 1780 2236 edicti
1803 2213 1984 2244 agnoscere,
2010 2210 2042 2233 et
2073 2203 2190 2234 babere
2215 2210 2320 2243 potes-

1368 2254 1465 2277 tatem
1503 2247 1687 2278 remittendi
1722 2247 1760 2278 de
1793 2256 1839 2286 eo,
1879 2245 1963 2286 quod
1998 2246 2117 2276 nimius
2150 2246 2256 2277 fervor
2289 2252 2321 2278 et

1368 2289 1555 2329 insequendi
1580 2289 1680 2321 hostis
1704 2288 1894 2320 desiderium
1924 2294 2097 2319 extorsisse
2129 2290 2242 2319 merito
2273 2290 2320 2320 vi-

1340 2351 1342 2366 .
1367 2331 1506 2363 deretur.
1552 2332 1616 2364 Sed
1640 2343 1738 2372 quum
1762 2332 1914 2363 advocato
1939 2331 1998 2361 Dei
2023 2331 2151 2361 nomine
2174 2340 2319 2363 exsecra-

1340 2408 1341 2414 *
1368 2375 1446 2405 tioni
1471 2376 1625 2415 populum
1647 2375 1834 2406 obstrinxit:
1857 2373 1915 2405 sibi
1940 2373 2017 2404 nihil
2044 2373 2203 2413 reliquum
2228 2374 2317 2406 fecit:

1341 2421 1343 2454 ξ
1368 2418 1442 2456 quia
1464 2418 1569 2457 potius
1593 2424 1747 2458 quantum
1777 2418 1809 2448 in
1838 2427 1872 2448 se
1899 2415 1970 2454 fuit,
2001 2417 2032 2446 in
2066 2417 2217 2456 populum
2248 2417 2320 2448 uni-

1341 2462 1496 2495 lversum
1532 2461 1592 2491 Dei
1635 2461 1716 2491 iram
1756 2466 1788 2491 et.
1827 2458 2080 2490 maledictionem
2123 2459 2319 2499 provocavit.

1341 2507 1343 2530 Ι
1368 2501 1584 2540 Quamobrem
1616 2503 1786 2543 diligenter
1807 2501 2023 2538 observemus,
2053 2503 2140 2532 omni
2170 2502 2319 2534 maledic-

1340 2531 1343 2573 ,Ι
1368 2544 1454 2575 tione
1478 2552 1508 2576 ct
1531 2546 1751 2577 exsecratione
1772 2544 2013 2581 abstinendun13
2044 2550 2076 2574 et
2105 2544 2318 2577 cohibendum

1367 2588 1464 2618 animi
1488 2588 1654 2628 impetum,
1695 2598 1735 2619 ne
1763 2586 1839 2628 quid
1863 2587 1895 2617 in
1927 2587 2108 2626 proximum
2142 2597 2317 2627 peccemus.

1370 2629 1514 2661 Proiecto
1545 2631 1599 2671 qui
1629 2631 1811 2671 proximum
1841 2629 1890 2660 vel
1914 2629 2013 2669 digito
2036 2629 2178 2667 offendit,
2212 2639 2318 2662 eoram
