2551 3044
143 200 205 233 345

142 295 242 327 creati
270 294 309 325 de
339 303 398 325 sua
427 293 550 332 origine
577 289 774 326 exciderunt,
805 298 958 319 revocare
982 287 1014 317 in
1039 297 1105 316 me-

146 340 280 368 moriam
312 336 463 367 debemus
494 334 534 365 D.
558 332 650 364 Pauli
675 331 934 362 exhortationem
959 334 990 360 et
1013 330 1046 359 in
1070 339 1107 359 ea

146 381 311 420 proficere,
336 389 433 418 quum
457 377 516 407 ait:
549 375 613 414 Qui
636 380 721 405 stare
744 384 778 404 se
802 374 976 409 existimat,
1001 370 1106 402 videat

147 433 188 454 ne
211 423 312 453 cadat.
358 420 446 451 Sane
469 429 531 449 non
555 426 725 457 possumus
748 426 807 446 nos
830 417 916 455 ipsos
939 415 1107 453 sustinere,

147 465 202 496 sed
223 463 398 495 remedium
418 469 524 492 tamen
543 469 695 499 quaerere
714 458 869 489 adversus
882 458 1107 489 infirmitatem
1133 484 1134 488 ,

149 512 289 538 nostram
331 514 509 545 possumus,
551 512 578 533 sl
612 501 767 531 nimirum
803 500 989 532 ardentibus
1024 506 1107 529 votis

147 560 219 581 cum
249 548 334 579 omni
365 545 546 577 humilitate
576 543 682 574 Deum
714 554 892 583 precemur,
924 549 958 573 ut
989 552 1046 573 sua
1073 542 1106 572 in

148 592 238 623 nobis
269 590 351 620 dona
379 588 559 619 continuet:
591 592 622 617 et
645 596 702 617 nos
725 587 865 617 sciamus
889 586 928 616 ab
952 585 1004 615 illo
1028 595 1105 624 pen-

147 634 230 670 dere,
258 643 298 663 ne
330 630 523 662 effraenibus
551 629 642 668 equis
673 629 794 660 similes
817 630 927 666 simus,
958 638 998 658 ne
1021 637 1105 657 vana

145 675 282 716 quadam
310 674 414 715 gloria
442 678 475 703 et
497 671 683 711 arrogantia
706 672 888 708 efferamur,
920 680 1019 710 quum
1042 669 1106 699 Dei
1133 703 1134 706 ¹

1132 723 1133 730 ¹
1160 712 1270 742 nullus
1304 717 1352 743 est
1379 713 1499 744 candor
1529 719 1556 742 ot
1589 713 1766 752 integritus.

145 718 249 759 gratia
279 722 312 747 et
341 715 432 747 donis
460 714 692 746 excellentibus
715 715 820 744 ornati
844 714 1017 744 fuerimus:
1048 712 1105 743 sed

144 770 220 791 eum
250 769 268 790 a
297 769 358 799 quo
381 758 437 789 illa
459 757 639 797 accepimus
663 757 803 787 sciamus
827 761 990 787 momento
1013 765 1105 795 posse

144 802 255 834 eadem
279 802 436 832 adimere:
459 801 592 840 gloriam
615 800 724 839 itaque
747 799 808 838 ipsi
832 799 973 830 debitam
991 798 1105 829 redda-

145 855 226 883 mus,
258 850 289 875 et
319 844 380 884 ipsi
411 843 466 874 uni
491 847 621 882 accepta
644 842 728 872 dona
750 842 900 872 feramus.
946 841 995 872 Ne
1018 851 1105 871 arro-

145 893 259 928 ganter
282 886 321 918 de
342 893 451 918 nostra
473 884 643 925 prudentia
666 885 861 916 sentiamus:
885 890 917 915 et
940 894 980 914 ne
1003 883 1104 923 negli-

145 936 260 971 genter
282 930 421 960 offieium
445 928 616 958 faciamus:
640 927 695 958 sed
720 937 848 968 semper
872 927 1010 958 humiles
1032 936 1105 956 cum
1132 955 1133 960 ,

145 979 233 1003 metu
262 977 294 1003 et
323 970 537 1003 sollicitudine
557 970 697 1001 ‘salutem
722 976 867 1001 nostram
891 970 1105 1010 perficiamus,
1132 974 1134 1004 ξ

146 1015 317 1054 Deumque
359 1014 510 1044 invocare
555 1022 719 1052 nunquam
757 1013 951 1044 desinamus.
999 1014 1106 1051 Atque

145 1057 224 1089 haec
259 1056 376 1088 animis
406 1056 525 1087 nostris
555 1055 720 1096 infigenda
749 1061 833 1092 sunt,
872 1062 903 1086 et
934 1054 1107 1086 metuenda

144 1100 200 1131 illa
228 1099 379 1130 terribilis
409 1098 470 1129 Dei
502 1098 655 1135 vindicta,
687 1109 727 1128 ne
751 1098 842 1129 donis
865 1098 932 1129 suis
955 1097 1106 1137 spoliatos

145 1142 288 1174 Satanae
317 1142 362 1173 sic
389 1141 555 1181 permittat
586 1148 621 1172 ut
644 1146 798 1180 tanquam
822 1141 924 1181 ipsius
948 1140 1107 1180 mancipia
1132 1167 1134 1183 3

145 1185 313 1216 trahamur
347 1194 418 1215 cum
456 1183 632 1224 ignominia
666 1188 699 1214 et
729 1183 884 1214 dedecore
914 1193 1106 1223 quoeunque

145 1227 207 1268 ipsi
225 1227 350 1258 libitum
369 1227 473 1257 fuerit.
513 1227 555 1257 Et
573 1226 691 1258 idcirco
710 1237 768 1258 nos
788 1226 938 1258 Christus
958 1226 1107 1257 admonet

145 1274 181 1301 ut
213 1269 394 1310 vigilemus,
432 1268 501 1300 fore
534 1269 677 1300 minatus
712 1275 747 1300 ut
782 1270 809 1300 si
843 1280 884 1300 ex
907 1269 1014 1309 aliquo
1039 1269 1106 1299 loco

144 1312 288 1344 diabolus
311 1322 468 1352 egressus,
493 1311 603 1342 eodem
627 1316 820 1351 revertatur,
844 1322 907 1343 non
931 1312 1019 1343 solus
1037 1312 1106 1351 ipse

143 1354 199 1386 sed
229 1355 339 1386 multis
369 1354 440 1385 aliis
470 1354 608 1394 stipatus
638 1354 805 1394 spiritibus
835 1354 1034 1386 dominatum
1058 1354 1107 1384 in-

143 1397 250 1434 vadat,
281 1403 313 1428 et
342 1407 468 1428 summa
496 1398 528 1427 vi
557 1398 703 1428 retineat.
750 1400 858 1437 Atque
881 1399 959 1429 haec
982 1407 1105 1428 merces

143 1440 292 1471 omnibus
322 1440 360 1471 iis
389 1440 530 1479 debetur,
564 1441 617 1480 qui
649 1451 666 1471 a
691 1441 760 1471 Deo
784 1441 921 1480 acceptis
945 1440 1104 1471 excellen-

143 1482 229 1514 tibus
259 1482 351 1513 donis
381 1484 546 1523 segniores
577 1488 674 1514 erunt
702 1484 734 1514 in
759 1484 827 1523 ipso
850 1482 1040 1521 invocando,
1072 1487 1106 1513 ut

143 1525 256 1556 eadem
286 1525 318 1556 in
349 1526 426 1565 ipsis
456 1531 632 1565 perpetuet,
668 1536 708 1556 ne
737 1526 768 1557 in
802 1525 943 1558 Sat-anae
974 1526 1106 1556 veniant

143 1571 343 1608 potestatem.
390 1568 472 1598 Nam
497 1568 594 1599 huius
618 1568 730 1599 mundi
754 1569 930 1609 principem
955 1579 1024 1600 esse
1049 1568 1106 1600 Sa-

144 1617 254 1641 tanam
285 1610 420 1642 scimus:
454 1621 490 1642 ae
525 1610 659 1651 proinde
689 1622 747 1642 nos
775 1622 874 1652 quum
904 1611 966 1642 Dei
996 1616 1106 1642 sancto

143 1654 259 1693 spiritu
288 1654 445 1690 afflamur,
474 1653 513 1685 ab
542 1653 597 1684 illo
627 1654 806 1694 iniquitatis
834 1655 962 1695 gurgite
986 1661 1016 1685 et
1040 1655 1105 1684 dia-

143 1696 207 1727 boli
231 1696 402 1737 tyrannide
425 1706 487 1736 qua
510 1697 737 1736 premebamur
760 1697 897 1729 liberari.
945 1696 1053 1736 Quare
1077 1699 1103 1728 si

142 1738 206 1769 Dei
242 1739 392 1779 spiritum
426 1745 536 1770 nostra
570 1740 692 1770 malitia
726 1740 941 1778 reiecerimus‚
975 1750 1105 1771 necesse

143 1781 204 1812 erit
236 1792 294 1813 nos
322 1782 356 1811 in
380 1781 497 1813 diaboli
520 1788 711 1822 potestatem
736 1783 856 1820 venire,
887 1788 920 1814 et
943 1788 1007 1813 tam
1032 1783 1106 1813 hor-

143 1823 252 1855 rendis
285 1825 387 1855 modis
418 1824 457 1855 ab
485 1825 542 1856 illo
572 1826 696 1862 vexari,
732 1830 768 1856 ut
796 1826 831 1856 in
861 1826 1106 1857 detestationem

142 1867 286 1898 omnium
306 1867 482 1898 veniamus.
528 1867 739 1899 Metuendum
758 1868 867 1909 itaque
886 1874 951 1899 tam
972 1868 1106 1899 horren-

143 1910 219 1941 dum
242 1909 408 1947 iudicium,
430 1910 521 1941 euius
540 1916 649 1942 tamen
669 1911 761 1943 nobis
782 1912 815 1942 in
836 1911 935 1943 Saule
955 1918 1105 1951 tanquam

141 1953 176 1984 in
202 1953 343 1993 imagine
375 1953 450 1983 viva
472 1954 661 1993 proponitur
684 1954 887 1994 exemplum:
920 1955 986 1985 fore
1010 1955 1106 1984 nimi-

142 2006 214 2027 rum
243 2000 279 2027 ut
309 1996 362 2035 qui
390 2006 408 2026 a
435 1995 507 2027 Deo
537 1997 658 2027 fuerint
687 1998 802 2034 aversi,
833 2004 864 2028 et
892 1997 992 2037 ipsius
1023 1997 1106 2027 dona

142 2039 334 2079 spreverint,
364 2039 397 2068 in
427 2038 620 2070 horrendam
649 2039 861 2071 mutationem
885 2039 1037 2077 incidant,
1069 2045 1106 2070 ut

142 2081 400 2121 quandoquidem
430 2080 494 2112 Dei
524 2081 696 2122 imperium
727 2082 810 2114 ferre
842 2093 906 2114 non
934 2083 1104 2123 potuerint,

144 2123 261 2155 diaboli
284 2123 489 2165 tyrannidem
513 2124 597 2156 ferre
620 2130 785 2166 cogantur.

230 2165 418 2206 Sequuntur
449 2167 599 2207 deinceps
630 2168 728 2199 verba
758 2169 821 2199 ista
852 2168 989 2200 Davidis
1020 2169 1103 2208 apud

145 2209 361 2241 Ionathanum
397 2209 436 2241 de
475 2209 574 2241 Saule
611 2211 839 2250 conquerentis
876 2211 1103 2251 expendenda:

150 2251 231 2291 Quid
257 2252 324 2291 feci,
354 2262 431 2291 quae
449 2255 491 2283 est
520 2251 673 2292 iniqzcitas'
693 2264 769 2291 mea,
800 2257 826 2285 et
848 2255 924 2294 quid
947 2257 1104 2294 peccatum

146 2303 246 2325 meum
267 2294 301 2324 in
319 2297 440 2334 patrem
461 2298 556 2333 tuum,
580 2297 655 2335 quia
677 2298 798 2336 quaerit
821 2298 959 2328 animam
978 2297 1102 2328 meam?

147 2336 256 2376 Digna
283 2336 504 2369 observatione
532 2338 640 2378 verba,
671 2350 710 2370 ex
741 2340 855 2379 quibus
886 2346 1018 2380 apparet
1040 2351 1104 2380 qua

146 2379 269 2410 ratione
300 2378 406 2410 David
436 2380 607 2412 Ionathani
640 2382 798 2413 auxilium
823 2388 855 2414 et
875 2393 966 2422 opem
991 2384 1103 2423 implo-

147 2422 236 2457 rarit‚
265 2432 388 2461 nempe,
419 2428 455 2454 ut
481 2424 583 2464 ipsius
612 2425 796 2456 innocentia
826 2427 952 2457 veniret
981 2426 1014 2456 in
1038 2436 1102 2456 me-

147 2464 246 2512 dium.
291 2464 396 2503 Atque
414 2465 474 2497 hac
493 2467 616 2498 ratione
635 2467 787 2499 debemus
806 2469 838 2499 in
858 2468 953 2500 rebus
971 2469 1103 2500 incertis

145 2508 302 2555 auxilium
332 2514 526 2547 exspectare,
559 2515 592 2541 et
621 2521 735 2541 cavere
765 2521 804 2541 ne
834 2511 962 2551 quando
992 2518 1103 2542 nostra

146 2559 323 2597 pervncacia
357 2554 387 2579 et
427 2553 610 2591 arrogantia
644 2553 727 2583 male
760 2553 852 2585 nobis
885 2555 1101 2586 consulamus.

146 2593 229 2623 Nam
253 2602 289 2623 eo
311 2592 530 2632 impudentiae
552 2595 720 2636 plerosque
744 2597 854 2628 venire
878 2596 1032 2635 videmus,
1066 2603 1102 2627 ut

146 2635 220 2666 licet
252 2635 372 2666 centies
404 2635 521 2667 millies
552 2639 724 2676 peccarint,
759 2639 818 2670 sibi
853 2644 961 2671 tamen
992 2640 1100 2671 statim

807 195 850 225 IN
881 196 901 226 l.
929 194 1015 225 Llss.
1038 194 1235 225 SAMUEL.
1261 194 1357 225 CAP.
1385 194 1461 224 XX.

2058 191 2119 220 234ss

1161 287 1283 327 ignosci
1308 287 1425 318 velint:
1451 293 1544 327 atquc
1564 288 1595 317 in
1613 286 1697 317 hunc
1718 297 1808 317 usum
1830 285 2020 324 plerumque
2040 284 2119 314 ami·

1160 330 1251 359 citiae
1289 337 1495 369 quaeruntur.
1542 331 1575 361 Si
1615 330 1685 369 quis
1723 330 1808 359 enim
1839 327 1975 358 alicuius
2004 327 2119 366 flagitii

1161 382 1233 402 reus
1262 378 1397 407 tenetur,
1436 374 1523 403 vultu
1554 372 1681 412 quidem
1706 373 1811 402 virum
1838 371 1954 400 bonum
1979 369 2119 407 simulat,

1161 415 1213 445 sed
1239 421 1344 445 tamen
1370 416 1476 445 animo
1500 415 1705 445 violationem
1732 414 1871 444 iustitiae
1895 412 2025 452 expetit,
2049 417 2120 442 uta

1159 457 1303 488 criminis
1342 468 1444 497 poena
1476 458 1638 487 liberetur.
1684 457 1760 487 Ideo
1795 467 1855 486 1100
1891 455 2119 495 inquirendum

1160 506 1223 529 tani
1249 510 1359 530 severe
1383 501 1413 530 in
1438 511 1566 531 causam
1591 500 1682 535 (licet,
1717 506 1746 529 01
1773 511 1811 529 00
1835 499 1965 529 01110100
1991 498 2116 528 nullum

1163 547 1326 581 peccatum
1366 542 1500 577 dicatur,
1542 543 1667 581 aliquod
1702 542 1832 581 quidem
1866 541 2029 576 fatebitur,
2064 540 2119 571 sed

1160 595 1223 614 1100
1248 590 1371 615 tantum
1397 592 1431 615 ut
1455 591 1519 615 tam
1543 596 1655 615 severe
1678 590 1710 615 et
1729 584 1831 624 rigide
1850 585 1890 615 sit
1910 583 2119 623 puniendum.

1161 629 1265 666 Atque
1299 627 1343 657 ita
1377 628 1477 657 solent
1512 629 1563 666 qui
1597 628 1693 657 veluti
1725 627 1848 657 duabus
1879 627 1965 657 sellis
1996 626 2119 658 sedent.

1159 670 1212 709 qui
1236 669 1325 700 nullo
1348 670 1410 700 Dei
1434 670 1552 709 gloriae
1577 670 1683 700 studio
1703 670 1877 708 ducuntur,
1901 675 1931 699 et
1951 669 1982 698 in
2004 668 2118 707 quibus

1813 712 1961 750 Denique
1986 717 2022 742 ut
2045 717 2119 740 ante

1159 755 1236 791 dixi,
1272 755 1365 785 multi
1395 755 1551 785 amicitias
1582 756 1690 785 fovent
1726 755 1826 789 inagis
1850 754 1982 785 studiosi
2006 753 2120 784 salutis

1158 798 1377 836 improborum
1406 805 1435 827 et
1466 798 1696 833 flagitiosorum
1724 798 1897 833 hominum,
1938 807 2034 835 quam
2058 796 2119 826 Dei

1158 839 1279 880 gloriae
1299 846 1329 870 et
1349 841 1566 879 proximorum
1587 841 1802 871 innocentiae:
1828 840 1950 878 sibique
1970 839 2121 869 videntur

1158 883 1262 913 officio
1296 884 1429 923 pulchre
1462 883 1602 913 defuncti
1635 883 1658 913 si
1685 882 1859 912 amicorum
1884 881 2118 921 turpitudinem

1157 926 1356 956 occultarint.
1403 925 1466 956 Sed
1499 926 1603 956 David
1637 937 1692 955 nos
1723 925 1780 955 1100
1813 926 1878 955 1000
1911 925 2004 963 longe
2029 924 2114 954 aliud

1160 969 1266 999 docet:
1291 979 1366 998 nam
1391 968 1515 998 nullum
1540 978 1557 997 a
1580 968 1761 998 Ionathano
1781 968 1857 1006 petit
1878 967 2035 997 auxilium
2056 967 2118 996 nisi

1160 1011 1320 1050 proposita
1360 1011 1540 1041 conditione
1571 1018 1606 1041 ut
1637 1012 1735 1050 ipsius
1767 1011 1947 1040 innocentia
1977 1015 2008 1040 et
2039 1010 2122 1039 inte-

1159 1054 1260 1094 gritas
1300 1054 1488 1084 innotescat.
1534 1053 1657 1083 Idcirco
1697 1053 1748 1083 vel
1790 1053 1858 1092 ipso
1893 1052 1998 1083 iudice
2031 1062 2120 1082 suam

1159 1107 1289 1127 causam
1324 1100 1442 1133 tuetur,
1476 1107 1574 1135 quum
1606 1097 1658 1131 ait,
1694 1095 1845 1134 quidnam
1877 1102 1925 1125 est
1955 1099 2120 1134 peccatum

1159 1149 1277 1175 meum,
1308 1143 1339 1169 et
1362 1149 1519 1178 quaenam
1544 1138 1719 1178 iniquitas?
1765 1137 1848 1168 Nam
1872 1148 2001 1168 suorum
2026 1138 2121 1168 facto-

1159 1193 1230 1212 rum
1265 1181 1488 1221 dictorumque
1522 1182 1677 1212 rationem
1712 1180 1843 1211 reddere
1878 1185 2008 1219 paratus
2042 1188 2120 1210 erat.

1159 1224 1318 1264 Equidem
1365 1235 1502 1264 agnosco
1547 1234 1641 1263 saepe
1683 1223 1944 1254 sceleratissimos
1978 1233 2120 1261 quosque

1159 1278 1249 1298 suam
1278 1267 1494 1298 innocentiam
1527 1267 1628 1306 plenis
1652 1266 1759 1297 buccis
1782 1265 1934 1305 profiteri,
1966 1275 2120 1304 suamque

1158 1310 1375 1341 innocentiam
1390 1309 1594 1349 impudenter
1608 1310 1757 1348 proferre,
1771 1314 1805 1339 ut
1819 1308 1892 1338 iusti
1906 1308 2119 1346 reperiantur.

1160 1352 1224 1384 Sed
1248 1353 1342 1392 longe
1366 1353 1427 1382 alia
1450 1360 1497 1383 est
1521 1352 1656 1382 Davidis
1680 1352 1768 1388 ratio,
1792 1351 1845 1390 qni
1871 1350 1952 1380 nibil
1973 1351 2038 1390 agit
2058 1351 2118 1380 nisi

1159 1395 1293 1426 candide
1322 1400 1353 1426 et
1383 1395 1515 1426 sincere.
1562 1394 1668 1433 Quare
1700 1404 1800 1433 neque
1824 1404 1892 1424 sese
1914 1392 2121 1432 impudenter

1159 1438 1320 1476 iustificat,
1349 1448 1451 1477 neque
1482 1448 1515 1468 se
1539 1437 1698 1467 simulatis
1718 1436 1824 1467 verbis
1847 1441 1965 1472 tuetur,
1996 1442 2031 1465 ut
2054 1435 2118 1474 ple-

1159 1482 1249 1521 rique
1272 1481 1375 1511 solent
1398 1482 1493 1511 etiam
1517 1480 1688 1511 deierando
1712 1490 1781 1510 sese
1804 1479 1876 1509 licet
1895 1484 2005 1509 sontes
2024 1478 2118 1509 tueri.

1158 1524 1230 1555 Non
1254 1524 1299 1554 ita
1320 1523 1445 1553 David:
1474 1523 1528 1554 sed
1552 1524 1619 1563 ipse
1643 1533 1676 1553 se
1698 1522 1791 1553 offert
1813 1521 2004 1558 Ionatham,
2026 1521 2120 1551 ratio-

1159 1577 1232 1598 nem
1267 1567 1427 1598 actionum
1462 1566 1594 1597 reddere
1630 1570 1775 1605 paratus:
1809 1570 1840 1594 et
1874 1563 1990 1594 idcirco
2024 1573 2119 1594 suum

1158 1614 1322 1649 peccatum
1347 1609 1482 1649 proferri
1503 1608 1653 1649 postulat,
1678 1617 1823 1647 poenam,
1845 1607 1869 1637 si
1889 1606 1963 1646 quid
1978 1606 2054 1636 mali
2067 1605 2120 1636 ad-

1158 1652 1290 1686 miserit,
1324 1652 1406 1682 ferre
1441 1658 1581 1691 paratus.
1627 1651 1697 1681 Hoc
1727 1649 1909 1689 exemplum
1940 1658 1998 1679 nos
2031 1648 2121 1679 decet

1158 1695 1289 1734 imitari,
1319 1700 1353 1725 ut
1383 1695 1498 1725 bonam
1528 1694 1753 1725 conscientiam
1784 1702 1891 1723 coram
1915 1691 1985 1721 Deo
2008 1697 2039 1722 et
2062 1690 2120 1721 ho-

1158 1739 1300 1768 minibus
1328 1738 1533 1771 retineamus.
1570 1743 1607 1767 ut
1637 1745 1840 1776 quascunque
1869 1734 2058 1765 afflictiones
2089 1739 2121 1764 et

1158 1791 1266 1812 cruces
1290 1780 1380 1811 Deus
1399 1780 1569 1810 immiserit
1589 1790 1689 1818 aequo
1709 1784 1740 1809 et
1760 1777 1892 1817 patienti
1912 1777 2018 1807 animo
2038 1777 2121 1806 fera-

1158 1834 1239 1854 mus.
1286 1825 1391 1862 Atque
1415 1822 1473 1853 hoc
1496 1823 1602 1862 ipsum
1625 1832 1682 1852 nos
1702 1821 1792 1852 docet
1811 1820 1929 1850 Petrus
1948 1818 2119 1858 apostolus,

1158 1866 1333 1897 admonens
1364 1865 1474 1895 fideles
1502 1871 1537 1895 ut
1567 1875 1631 1895 non
1655 1865 1820 1903 patiantur
1844 1868 1998 1901 tanquam
2021 1861 2119 1898 fures,

1158 1909 1300 1940 latrones
1324 1914 1379 1939 aut
1402 1908 1551 1948 flagitiosi
1575 1907 1737 1937 homines:
1762 1905 1816 1936 sed
1840 1905 1868 1935 si
1892 1904 1961 1934 Deo
1985 1904 2117 1934 volente

1158 1952 1440 1992 persequutionem
1464 1951 1637 1990 patiantur,
1660 1959 1767 1980 coram
1793 1948 1861 1978 Deo
1884 1952 1917 1977 et
1935 1947 2120 1977 hominibus

1159 1995 1276 2026 bonam
1300 2004 1390 2025 suam
1416 1993 1642 2025 conscientiam
1668 1991 1777 2022 testari
1801 1991 1934 2030 possint,
1956 1989 2120 2020 1111111100-

1158 2038 1220 2068 rito
1260 2037 1299 2067 ab
1337 2036 1519 2067 hominibus
1554 2036 1653 2075 affligi
1688 2035 1772 2073 ipsos
1806 2033 1912 2073 palam
1947 2036 2120 2072 appareat:

1158 2086 1224 2111 tota
1255 2081 1320 2110 vita
1350 2085 1459 2110 nostra
1490 2089 1545 2118 pro
1570 2078 1658 2108 nobis
1681 2078 1801 2107 ferente
1826 2075 2057 2108 testimonium,
2088 2080 2120 2104 et

1157 2129 1300 2154 nostram
1331 2121 1548 2161 integritatem
1572 2124 1604 2151 et
1626 2120 1796 2151 eandorem
1821 2123 1969 2149 testante.
2015 2117 2117 2148 Porro

1157 2177 1196 2197 ex
1223 2165 1397 2196 Ionathani
1428 2164 1634 2204 responsione
1657 2168 1788 2202 apparet
1814 2160 1946 2192 Saulem
1969 2160 2034 2191 iam
2058 2160 2118 2199 ipsi

1157 2208 1302 2239 diffidere
1332 2208 1481 2247 coepisse,
1516 2211 1547 2237 et
1577 2216 1642 2236 non
1676 2204 1929 2236 communicasse
1959 2213 2031 2234 cum
2065 2202 2120 2232 illo

1157 2262 1215 2282 sua
1248 2250 1395 2282 consilia:
1433 2256 1464 2280 et
1498 2248 1625 2289 quidem
1659 2253 1696 2278 ut
1730 2246 1889 2277 Davidem
1914 2245 2039 2276 facilius
2063 2255 2119 2284 op-

1155 2295 1317 2334 primeret,
1358 2292 1497 2323 noluisse
1538 2291 1621 2331 quod
1663 2295 1771 2320 mente
1810 2288 1991 2320 occultabat
2030 2292 2120 2326 pate-

1156 2337 1276 2368 facere:
1317 2335 1473 2375 siquidem
1503 2334 1581 2364 nihil
1613 2340 1706 2364 antea
1732 2336 1937 2372 promoverat
1960 2330 2120 2370 patefacto

1156 2379 1337 2411 Ionathano
1371 2388 1428 2409 suo
1461 2377 1602 2409 consilio.
1647 2375 1865 2414 Quamobrem
1897 2374 1997 2404 inscio
2024 2372 2119 2403 Iona-

1155 2423 1255 2453 thano
1288 2426 1424 2452 mortem
1460 2419 1596 2451 Davidis
1619 2417 1819 2458 procuravit:
1848 2415 2118 2456 quemadmodum

1155 2465 1328 2497 verisimile
1351 2470 1398 2494 est
1422 2461 1581 2493 Davidem
1599 2461 1727 2491 fraudes
1744 2459 1854 2491 Saulis
1870 2458 2036 2494 detexisse,
2066 2458 2120 2497 qui

1156 2509 1229 2540 licet
1257 2508 1382 2537 iuratus
1413 2504 1594 2536 Ionathano
1617 2503 1815 2543 promisisset
1838 2513 1872 2532 se
1895 2512 1959 2531 non
1982 2500 2120 2540 amplius

1155 2550 1293 2581 Davidis
1331 2559 1442 2579 necem
1480 2547 1716 2586 quaesiturum:
1755 2551 1862 2575 tamen
1893 2545 1993 2575 inscio
2023 2543 2119 2574 Iona-

1156 2594 1253 2624 thano
1293 2591 1396 2632 magis
1436 2601 1472 2621 ac
1517 2589 1620 2628 magis
1661 2588 1889 2628 procuraverit.
1944 2586 2018 2617 Non
2064 2585 2119 2616 du-

1157 2636 1243 2667 bium
1289 2644 1363 2675 ergo
1403 2633 1479 2673 quin
1527 2631 1633 2662 David
1679 2630 1788 2662 Saulis
1832 2630 1990 2661 malitiam
2036 2628 2123 2660 dete-
