2551 3044
115 217 177 248 349
778 210 823 240 IN
851 209 873 240 1.
899 208 986 239 LIB.
1011 207 1208 238 SAMUEL.
1234 208 1329 238 CAP.
1356 206 1431 238 XX.
2031 204 2092 233 2550

115 320 277 351 coynovero
308 309 483 348 completam
514 317 576 339 esse
594 306 697 345 patris
720 306 779 336 mei
800 303 952 335 malitiam
974 303 1077 332 contra

118 357 153 391 te,
176 363 237 384 non
268 353 447 384 annuntiem
475 350 539 381 tibi.
586 348 633 378 10.
659 347 885 386 Respondiiqice
908 344 1016 375 David
1038 344 1078 374 ad

120 395 287 427 Ionatham
327 394 403 434 Quis
432 391 623 424 renunciabit
648 390 735 427 milei,
766 390 795 421 si
825 388 899 429 qaid
924 388 1002 427 forte
1031 397 1078 417 re-

119 438 277 477 sponderit
299 437 354 468 tibi
370 438 463 475 pater
484 437 556 465 tuus
578 433 679 464 dure?
716 433 764 464 11.
791 432 882 463 Dixit
900 439 968 461 vero
984 430 1078 460 Iona-

120 481 192 512 tlcas
214 480 255 512 ad
272 479 439 511 Davidem:
473 476 544 507 Veni
563 478 588 506 ei
607 475 802 515 eyrediamar
814 473 948 514 ferasin
961 481 1079 511 aprum.

205 563 376 601 Pergimus
406 563 437 592 in
461 561 659 601 explicandis
683 561 820 592 Davidis
840 557 1080 593 tentationibus,

119 608 209 640 cuius
232 606 298 637 vita
323 611 387 635 tam
411 603 507 635 dubia
530 609 560 634 et
584 604 704 635 incerta
729 603 909 639 videbatur,
936 610 1030 640 quam
1055 599 1080 629 si

119 659 138 680 a
160 648 248 679 tenui
271 647 326 678 filo
350 646 561 686 dependeret:
587 647 744 686 siquidem
768 657 808 676 66
828 648 991 675 momento
1011 642 1080 682 qui-

119 691 191 722 dem
221 690 348 730 quietus
378 699 447 720 6666
470 690 581 729 potuit.
627 689 720 728 Quae
743 699 820 720 sane
844 687 989 718 doctrina
1011 685 1080 724 qui-

118 732 252 764 busdam
287 731 466 762 delicatulis
498 731 638 762 taedium
675 732 820 762 fortassis
850 729 988 760 adferet:
1025 727 1079 758 sed

118 785 199 816 quae
237 779 345 806 tamen
383 774 473 805 nobis
508 774 600 805 valde
630 781 678 805 est
709 774 797 805 utilis
828 777 858 803 et
889 770 1079 802 necessaria.

118 817 201 849 Nam
232 818 298 848 fere
327 818 364 847 fit
393 822 429 847 ut
459 817 484 848 si
515 828 612 848 unam
635 822 691 847 aut
714 817 847 847 alteram
872 814 1079 846 afflictionem

117 861 244 892 fortiter
273 859 452 898 tulerimus,
484 859 698 890 diuturnitate
731 861 920 899 frangamur
950 861 982 887 et
1011 856 1079 886 ani—

118 913 207 934 mum
237 902 509 943 despondeamus:
539 901 617 933 adeo
646 902 774 941 quidem
805 907 841 932 ut
871 900 924 940 qui
948 898 1081 930 fortissi-

118 956 190 976 mus
220 945 280 976 sibi
303 944 480 982 videbatur,
511 945 537 976 si
569 955 713 975 mensem
739 955 838 975 unum
863 949 919 974 aut
941 942 1080 972 alterum

119 988 280 1020 continuis
303 992 490 1018 exerceatur
512 987 748 1019 calamitatibus
772 993 803 1018 et
827 983 1079 1019 difficultatibus,

119 1030 257 1061 nimium
277 1030 408 1069 longum
428 1029 557 1060 illarum
570 1030 782 1061 afflictionum
799 1036 924 1068 tempus
938 1030 1079 1067 reputet:

118 1078 151 1104 et
179 1073 238 1103 nisi
270 1073 358 1103 Deus
390 1072 620 1104 relaxationem
652 1078 684 1103 et
714 1073 933 1103 remissionem
964 1069 1081 1101 doloris

117 1116 256 1155 aliquam
294 1114 410 1151 mittat,
452 1115 508 1146 vix
551 1126 569 1147 a
609 1126 775 1146 murmure
814 1114 873 1146 sibi
912 1116 1080 1152 temperet.

119 1157 336 1197 Quamobrem
356 1158 504 1197 exemplo
524 1158 661 1189 Davidis
675 1158 859 1190 confirmari
873 1167 932 1187 nos
945 1159 1081 1195 oportet,

120 1206 156 1232 ut
179 1200 206 1231 si
228 1199 320 1231 Deus
341 1210 404 1230 non
424 1201 463 1231 ad
483 1211 627 1232 mensem
647 1212 748 1232 unum
768 1207 824 1232 aut
844 1200 992 1235 alterum,
1015 1207 1080 1228 non

119 1243 160 1274 ad
182 1253 302 1274 annum
326 1253 427 1273 uuum
451 1250 508 1274 aut
530 1243 648 1284 plures,
674 1243 729 1275 sed
752 1244 791 1274 ad
811 1243 960 1274 ultimum
980 1250 1081 1280 usque

118 1287 206 1317 vitae
228 1292 357 1316 nostrae
376 1286 571 1318 curriculum
596 1286 675 1317 velit
698 1297 755 1318 nos
779 1285 949 1326 explorari,
979 1283 1081 1314 disca-

119 1338 190 1359 mus
220 1337 356 1367 aequum
389 1338 458 1359 esse
487 1335 522 1359 ut
545 1330 706 1369 patienter
729 1335 760 1360 et
783 1339 883 1368 aequo
906 1328 1012 1358 animo
1035 1325 1081 1356 fe-

118 1380 227 1402 ramus
255 1380 463 1410 quaecuuque
492 1372 673 1410 immiserit,
707 1382 843 1412 eumque
866 1371 949 1402 serio
972 1378 1082 1409 prece-

118 1423 192 1444 mur
224 1418 261 1444 ut
294 1413 393 1444 vitam
428 1419 570 1445 nostram
604 1414 770 1452 custodiat,
805 1419 841 1445 ut
870 1412 1004 1444 eandem
1034 1410 1083 1441 illi

120 1461 273 1496 tanquam
308 1461 435 1496 gratum
466 1458 657 1489 sacrificium
690 1458 874 1489 offeramus.
919 1456 1002 1487 Nam
1032 1454 1083 1484 in-

119 1498 241 1530 creduli
271 1499 374 1529 multa
404 1499 547 1531 subsidia
577 1506 748 1540 quaerunt,
782 1500 897 1539 quibus
927 1498 1082 1529 adversus

119 1551 331 1581 quoscunque
353 1552 446 1573 casus
468 1548 692 1583 protegantur,
716 1549 747 1574 et
771 1542 810 1574 ab
833 1541 982 1573 omnibus
1000 1539 1084 1580 peri-

120 1583 201 1615 culis
235 1594 303 1615 esse
338 1585 397 1615 tuti
428 1585 638 1616 vehementer
668 1590 841 1625 expetunt:
884 1584 939 1616 sed
973 1582 1084 1614 fideles

120 1632 232 1658 contra
255 1627 353 1657 vitam
377 1627 509 1658 student
532 1628 689 1660 devovere
712 1629 800 1659 Deo:
828 1628 1084 1668 quotiescunque

119 1670 227 1700 visum
260 1669 323 1709 ipsi
355 1669 469 1701 fuerit:
504 1676 536 1701 et
566 1676 744 1712 agnoscunt
773 1671 870 1702 breve
900 1681 970 1701 esse
999 1669 1084 1700 vitae

120 1712 213 1743 istius
236 1712 378 1743 stadium
401 1717 434 1743 et
457 1714 665 1745 curriculum.
696 1714 849 1746 Infideles
873 1724 948 1744 vero
971 1718 1085 1744 contra

121 1755 226 1785 varias
248 1755 391 1786 rationes
414 1755 613 1797 investigant
636 1761 668 1788 et
690 1758 859 1795 rimantur⁷
883 1755 997 1796 quibus
1017 1764 1085 1785 sese

121 1802 301 1845 protegant,
324 1801 357 1828 et
379 1809 505 1839 semper
524 1800 638 1831 incerti
657 1804 689 1831 et
709 1800 797 1831 dubii
809 1803 899 1830 metu
912 1797 1084 1838 trepidant.

122 1839 252 1887 Fideles
282 1845 400 1879 autem,
433 1841 507 1873 licet
534 1842 638 1874 sciant
660 1847 796 1874 mortem
820 1843 886 1874 suis
909 1840 1087 1873 cervicibus

123 1882 260 1923 siugulis
289 1884 463 1915 momentis
492 1885 671 1923 imminere,
702 1889 734 1916 et
757 1885 833 1916 huic
855 1884 1029 1916 conditioni
1054 1893 1086 1913 66

123 1925 277 1973 obnoxios
296 1935 374 1966 esse,
399 1927 610 1959 nihilominus
624 1933 732 1959 tamen
746 1932 857 1968 pacato
870 1932 901 1958 et
913 1925 1088 1966 tranquillo

123 1977 231 1999 ammo
253 1968 355 1999 vitam
379 1969 508 2010 degunt,
532 1982 620 2011 spem
640 1981 729 2002 suam
750 1972 782 2001 in
796 1971 866 2002 Deo
884 1974 1087 2010 reponentes,

123 2020 219 2051 quem
246 2020 377 2042 suarum
407 2013 588 2045 animarum
620 2014 784 2045 custodem
808 2024 876 2044 esse
899 2021 1088 2053 persuasum

124 2052 254 2101 liabent.
311 2054 483 2086 Caeterum
517 2057 614 2087 etiam
648 2057 885 2088 observandum
918 2054 1088 2091 Davidem,

124 2095 200 2127 hcet
221 2100 308 2127 certa
330 2097 393 2128 fide
415 2098 448 2128 in
466 2098 574 2130 Deum
598 2099 763 2137 niteretur,
786 2109 943 2138 suumque
966 2102 1089 2137 protec-

126 2144 229 2186 torem
258 2144 290 2169 et
318 2140 479 2172 vindicem
510 2142 615 2181 ipsum
639 2153 708 2174 esse
732 2152 922 2182 persuasum
945 2140 1090 2178 haberet,

128 2190 221 2212 11ον16
261 2186 370 2213 tamen
403 2193 531 2224 semper
570 2185 726 2225 agitatum
768 2183 1089 2224 apprehensionibus.

129 2222 215 2271 Nam
244 2223 307 2255 fide
340 2225 374 2255 in
398 2225 505 2257 Deum
539 2237 605 2258 non
636 2228 817 2258 redduntur
846 2227 955 2258 fideles
979 2235 1091 2257 666666

131 2275 234 2312 omnis
256 2273 413 2307 expertes,
435 2270 514 2309 quin
538 2270 677 2309 pericula
701 2271 778 2310 ipsis
798 2271 998 2301 imminentia
1020 2279 1090 2308 pro-

133 2307 277 2338 vrdeant:
317 2315 349 2340 et
387 2311 502 2342 iisdem
536 2313 719 2344 afficiantur
753 2318 785 2343 et
818 2316 1090 2343 commoveantur.

132 2350 184 2381 Ita
206 2349 313 2398 Dauid
340 2352 374 2382 in
405 2354 511 2385 Deum
542 2357 670 2395 quidem
702 2366 791 2395 spem
822 2365 914 2386 suam
939 2354 1093 2394 reposuit,

132 2399 239 2440 certus
271 2403 374 2432 ipsum
407 2397 633 2435 promissiones
667 2409 742 2429 suas
776 2398 1003 2438 impleturum:
1038 2397 1092 2428 sed

133 2446 198 2466 non
228 2435 298 2466 ideo
328 2444 436 2469 tamen
463 2441 619 2480 stupidus,
650 2441 702 2481 qui
731 2452 788 2472 suo
811 2445 897 2472 statu
921 2451 985 2471 non
1008 2450 1093 2471 com—

133 2483 328 2526 moveretur,
354 2486 390 2528 ·et
419 2481 611 2514 obstinatam
642 2485 726 2524 regis
749 2484 921 2515 adversum
945 2493 979 2514 se
1002 2482 1094 2513 mali-

134 2526 212 2551 tiam
246 2525 278 2550 et
310 2521 417 2554 odium
450 2524 684 2558 interneciuum
718 2531 871 2566 expertus
900 2536 1094 2566 magnopere

135 2570 325 2611 terreretur:
347 2567 612 2604 quemadmodum
626 2569 709 2609 apud
723 2569 944 2600 Ionathanum
958 2579 1093 2608 conque-

135 2616 211 2637 rens
230 2606 320 2646 dunt,
346 2618 379 2638 se
403 2619 467 2639 non
490 2609 599 2642 abesse
619 2622 748 2651 passum
770 2618 914 2651 amorte,
939 2616 971 2642 et
984 2611 1094 2652 iugulo

134 2660 192 2681 suo
215 2649 357 2690 gladium
380 2651 543 2683 intentari.
577 2653 687 2693 Quare
706 2665 803 2694 quum
824 2665 887 2685 non
908 2665 1095 2685 exuerimus
1120 2673 1122 2678 ·

1132 301 1235 332 adhuc
1266 311 1380 332 sensus
1410 301 1580 337 naturales,
1617 312 1679 331 non
1713 301 1865 331 debemus
1890 304 1997 329 tamen
2023 298 2093 329 istis

1133 344 1257 380 terreri,
1289 354 1391 383 neque
1421 345 1504 375 vitaev
1527 355 1654 375 cursum
1679 344 1878 382 abrumpere,
1907 341 1960 372 sed
1985 341 2092 381 potius

1133 387 1287 417 adversus
1319 393 1444 417 nostras
1470 388 1672 417 infirmitates
1695 387 1821 416 fortiter
1845 395 1999 425 pugnare.
2045 383 2093 415 Ac

1132 439 1208 459 sanc
1238 429 1384 459 fiduciam
1417 430 1449 459 iu
1475 429 1579 459 Deum
1611 439 1775 468 nunquam
1807 438 2001 467 reponemus
2024 427 2093 457 sine

1134 472 1218 502 lucta
1248 472 1384 510 quadam
1416 478 1446 501 et
1480 472 1693 511 repugnantia
1724 471 1839 502 carnis.
1887 473 1991 509 Atque
2017 470 2094 500 haec

1134 521 1179 545 est
1203 514 1295 545 istius
1319 514 1468 545 historiae
1491 525 1617 545 summa
1641 514 1811 553 diligenter
1834 524 1852 544 a
1876 514 1966 543 uobis
1986 512 2019 542 in
2039 523 2093 552 gc-

1134 568 1210 587 nere
1230 557 1475 587 consideranda:
1496 558 1557 586 11111]
1579 567 1653 586 vcro
1673 556 1837 596 sigillatim
1859 557 1944 595 agite
1965 555 2094 595 singula

1134 600 1361 639 expendamus.
1402 600 1519 630 Davidi
1551 599 1650 638 igitur
1674 599 1706 629 in
1732 605 1872 629 mentem
1899 598 1987 628 venit
2011 598 2096 637 regis

1133 653 1210 682 erga
1233 653 1266 673 se
1290 642 1434 672 animum
1459 642 1642 681 explorare:
1669 642 1749 672 ratio
1774 652 1868 680 quam
1893 641 1954 671 init
1977 650 2014 670 ea
2037 649 2095 677 061,

1134 690 1168 715 ut
1191 684 1323 716 solenne
1344 685 1534 715 sacrificium
1560 685 1615 713 toti
1641 685 1777 714 fauniliao
1802 685 1902 723 patris
1925 693 2095 714 commune

1133 732 1310 767 praetexat.
1345 727 1458 766 Itaque
1481 727 1556 757 dicit
1581 728 1645 756 fore
1668 727 1735 767 (sed
1760 734 1884 756 tautum
1909 736 1946 756 ex
1971 726 2095 755 coniec-

1133 770 1217 811 tura)
1238 775 1271 800 ut
1292 770 1318 801 si
1332 769 1409 800 Saul
1432 770 1469 800 dc
1491 770 1590 808 ipsius
1611 769 1753 799 absentia
1768 769 1932 808 inquirens
1945 769 2093 798 admittat

1133 814 1372 844 exeusationem
1398 812 1578 847 Ionathani,
1611 822 1734 851 nempe,
1766 819 1915 851 rogatum
1939 822 1972 841 se
1993 821 2011 841 a
2031 810 2096 841 Da-

1134 856 1215 892 vide,
1251 862 1284 885 ut
1321 857 1438 885 faceret
1468 854 1528 894 ipsi
1557 860 1746 893 potestatem
1771 854 1867 884 eundi
1891 853 2040 885 celeriter
2065 854 2095 883 in

1133 898 1325 929 Bethlehem
1341 898 1446 928 natale
1460 897 1571 931 solum.
1597 905 1627 927 et
1646 909 1678 927 se
1703 897 1830 927 veniam
1855 896 1979 927 dedisse
2002 906 2096 935 prop-

1133 948 1182 971 ter
1213 941 1345 971 solenne
1379 940 1582 975 sacrificium,
1618 950 1668 970 res
1703 950 1776 970 suas
1806 950 1874 970 esse
1906 939 1988 969 bono
2020 939 2095 970 loco.

1135 984 1322 1023 nullumque
1346 983 1405 1013 sibi
1430 981 1636 1013 metuendum
1661 994 1678 1012 11
1702 993 1776 1021 rege
1797 982 1984 1022 periculum.
2031 980 2096 1011 Sed

1134 1027 1159 1057 si
1184 1031 1305 1065 contra,
1329 1026 1441 1065 iuquit,
1466 1036 1521 1055 rex
1543 1025 1727 1065 indignetur
1752 1036 1801 1055 me
1824 1036 1842 1054 a
1866 1031 1895 1055 te
1920 1024 2096 1060 dimissum,

1134 1070 1263 1109 signum
1287 1069 1348 1099 erit
1372 1069 1473 1108 ipsius
1497 1068 1651 1098 malitiam
1676 1068 1864 1107 completam
1888 1078 1958 1098 esse
1977 1066 2094 1097 616111-

1133 1112 1201 1142 lum
1233 1111 1369 1151 amplius
1400 1122 1566 1150 superesse
1598 1110 1785 1147 remedium,
1816 1110 2005 1149 nullumque
2029 1120 2095 1139 am-

1134 1155 1215 1194 plius
1228 1155 1334 1194 ipsum
1351 1155 1504 1193 aequitati
1524 1159 1554 1183 et
1574 1154 1688 1183 rationi
1709 1153 1812 1183 locum
1833 1153 1992 1189 daturum,
2012 1151 2097 1191 quod

1134 1198 1278 1238 elapsum
1303 1208 1319 1228 e
1343 1198 1408 1227 suis
1433 1196 1578 1227 manibus
1599 1196 1757 1227 Davidem
1783 1206 1877 1235 aegre
1901 1195 1990 1225 feret.
2026 1194 2097 1225 Hac

1134 1242 1266 1276 ratione,
1300 1240 1406 1279 inquit
1441 1239 1556 1276 David,
1591 1249 1821 1279 cognoscemus
1851 1238 1952 1277 ipsius
1982 1239 2014 1268 16
2047 1248 2097 1267 me

1136 1283 1243 1314 odium
1268 1293 1330 1322 quo
1355 1294 1405 1313 me
1429 1282 1468 1313 ad
1492 1286 1625 1312 mortem
1649 1292 1745 1320 usque
1764 1282 1975 1320 persequitur,
1999 1291 2097 1319 quum

1135 1337 1186 1357 me
1205 1326 1348 1366 elapsum
1369 1325 1580 1356 existimabit:
1607 1325 1696 1355 virus
1716 1325 1800 1354 enim
1821 1334 1913 1354 suuni
1935 1324 2097 1353 continere

1136 1379 1200 1400 non
1232 1369 1366 1409 poterit;
1396 1369 1587 1408 signumque
1621 1367 1793 1397 inveterati
1823 1372 1853 1396 et
1885 1365 2011 1396 lethalis
2034 1365 2098 1395 odii

1136 1412 1233 1449 dabit,
1258 1416 1291 1442 ut
1313 1421 1419 1442 coram
1444 1412 1512 1450 ipso
1536 1421 1585 1440 me
1609 1419 1772 1449 nunquam
1796 1409 1931 1449 amplius
1953 1415 2100 1448 oporteat

1137 1465 1301 1495 apparere.

1222 1496 1323 1528 Addit
1336 1507 1410 1527 vero
1425 1496 1546 1527 David:
1571 1494 1607 1525 Si
1631 1498 1731 1526 autem
1752 1496 1795 1525 est
1817 1494 1968 1533 iniquitas
1991 1493 2098 1532 aliqua

1137 1541 1171 1571 in
1193 1551 1249 1577 me,
1274 1543 1314 1578 tu,
1339 1539 1485 1575 Ionatha,
1509 1550 1556 1569 me
1579 1538 1719 1577 interfice,
1756 1539 1781 1567 et
1804 1537 1844 1567 acl
1868 1540 1990 1576 patrem
2012 1539 2100 1567 tuum

1138 1593 1174 1614 ne
1197 1583 1376 1614 introducas
1399 1593 1452 1613 me.
1479 1581 1603 1620 Quibus
1618 1580 1753 1611 Davidis
1778 1580 1882 1610 verbis
1895 1579 2098 1610 Ionathanus

1138 1630 1317 1658 commotus
1340 1626 1479 1657 affirmat
1502 1623 1709 1655 iureiurando
1732 1633 1766 1654 66
1789 1622 1873 1652 60116
1896 1633 2028 1652 manum
2052 1621 2100 1652 illi

1137 1670 1264 1705 inferre,
1288 1670 1379 1700 cuius
1402 1668 1619 1699 innocentiam
1644 1667 1714 1706 plus
1738 1665 1814 1696 satis
1838 1665 1934 1695 habet
1956 1675 2100 1704 comper-

1138 1718 1214 1744 tam.
1262 1713 1366 1751 Atque
1390 1711 1498 1741 David
1530 1715 1564 1741 ut
1595 1710 1809 1740 Ionathanum
1840 1708 1943 1747 magis
1971 1712 2100 1738 moveat

1138 1755 1248 1786 obiicit
1279 1755 1325 1785 illi
1355 1755 1467 1785 foedus
1491 1753 1621 1783 Domini
1650 1751 1731 1791 quod
1759 1756 1869 1781 mutuo
1893 1750 2100 1790 pepigerant:

1138 1804 1175 1830 ut
1198 1808 1254 1838 per
1277 1797 1385 1828 datam
1407 1797 1503 1827 fidem
1529 1803 1560 1826 et
1583 1797 1720 1825 iuratam
1744 1794 1918 1824 amicitiam
1942 1793 2034 1823 illum
2060 1792 2100 1824 ad

1138 1840 1331 1872 servandam
1367 1841 1468 1870 amico
1502 1838 1595 1870 fidem
1629 1838 1826 1868 exhortetur.
1867 1836 1996 1866 Interea
2026 1846 2101 1866 vero

1139 1883 1256 1914 dubius
1285 1894 1348 1923 qua
1379 1883 1502 1913 ratione
1529 1881 1599 1912 fieri
1628 1880 1743 1911 certior
1773 1879 1811 1910 de
1835 1878 1945 1910 Saulis
1968 1889 2045 1918 erga.
2068 1889 2101 1909 se

1139 1927 1257 1964 animo,
1286 1932 1316 1957 et
1339 1925 1397 1957 sibi
1420 1925 1482 1966 ipsi
1505 1935 1541 1955 ac
1563 1923 1657 1954 saluti
1681 1933 1739 1953 sua
1761 1921 1928 1953 consulere
1950 1921 2059 1961 possit,
2085 1932 2101 1951 a

1139 1969 1322 2000 Ionathano
1345 1968 1514 1999 deducitur
1537 1968 1620 1997 foras
1643 1966 1675 1995 in
1700 1975 1824 2005 agrum,
1849 1970 1879 1995 et
1892 1964 1931 1995 ab
1944 1964 1997 1994 illo
2010 1964 2102 2004 signa

1141 2012 1292 2052 intelligit
1314 2012 1428 2051 quibus
1452 2010 1490 2041 de
1514 2021 1546 2040 re
1567 2016 1631 2039 tota
1644 2010 1699 2039 fiat
1711 2008 1842 2039 certior:
1863 2014 1893 2038 et
1904 2007 2015 2037 foedus
2028 2012 2103 2037 aute

1141 2056 1259 2086 initum
1293 2065 1376 2085 novo
1411 2052 1614 2084 iureiurando
1647 2052 1832 2082 confirmat:
1879 2049 2104 2089 Davidemque

1142 2099 1321 2129 obtestatur
1355 2102 1390 2127 ut
1419 2107 1515 2136 quum
1547 2095 1585 2125 ad
1616 2094 1737 2133 regiam
1769 2092 1960 2133 dignitatem
1991 2102 2103 2132 perve-

1143 2142 1237 2179 nerit,
1256 2140 1367 2172 eadem
1387 2150 1464 2179 erga
1483 2150 1516 2169 se
1536 2138 1738 2168 humanitate
1757 2141 1788 2166 et
1800 2135 1970 2167 clementia.
1981 2140 2102 2166 utatur.

1143 2184 1208 2216 Sed
1232 2184 1293 2214 ista
1305 2183 1471 2223 sigillatim
1484 2180 1703 2221 expendenda,
1727 2186 1758 2210 et
1780 2178 1814 2208 in
1833 2178 1946 2218 primis
1964 2177 2106 2208 animad-

1143 2227 1335 2259 vertendum
1351 2225 1506 2256 Davidem
1527 2224 1578 2254 hic
1598 2223 1703 2262 aliqua
1723 2222 1912 2252 infirmitate
1934 2220 2106 2257 laborasse,

1143 2281 1242 2310 quum
1266 2279 1409 2300 annuum
1429 2267 1618 2299 sacrificium
1640 2264 1801 2295 absentiae
1821 2274 1896 2295 suae
1915 2263 2108 2303 praetexuit,

1144 2312 1228 2353 quod
1253 2318 1360 2342 tamen
1384 2322 1449 2341 non
1473 2315 1550 2340 erat.
1595 2308 1709 2347 Itaque
1733 2307 1900 2338 mendacio
1923 2316 1993 2337 sese
2016 2307 2106 2337 texit.

1145 2355 1240 2395 Quod
1271 2356 1297 2386 si
1328 2354 1399 2394 quis
1429 2353 1575 2391 excipiat,
1608 2350 1731 2381 nemini
1761 2350 1866 2389 ipsum
1898 2359 2021 2385 nocere,
2053 2360 2108 2379 ne-

1145 2399 1265 2429 minem
1296 2398 1433 2428 voluisse
1464 2394 1621 2430 fraudare,
1653 2403 1715 2423 non
1746 2393 1909 2423 sufficiens
1939 2398 1987 2423 est
2008 2403 2105 2423 excu-

1146 2442 1235 2472 satio.
1282 2440 1364 2471 Nam
1395 2448 1491 2478 supra
1519 2436 1719 2467 ostendimus
1740 2435 1846 2466 Deum
1870 2435 1914 2465 ita
1939 2435 2107 2465 veritatem

1146 2494 1263 2521 amare,
1291 2488 1327 2514 ut
1356 2482 1383 2513 si
1416 2481 1490 2521 quid
1522 2480 1738 2510 admisceatur
1760 2477 1918 2509 mendacii
1941 2488 2042 2518 gravo
2066 2479 2107 2508 sit

1146 2527 1301 2558 adversus
1324 2526 1427 2565 ipsum
1452 2527 1627 2563 peecatum.
1673 2520 1783 2559 Quare
1806 2521 1881 2552 licet
1905 2520 1985 2551 nihil
2014 2520 2105 2551 mali-

1146 2571 1226 2601 tiose
1239 2569 1372 2604 dicatur,
1392 2577 1483 2597 nemo
1502 2570 1715 2604 conqueratur
1734 2563 1772 2594 de
1791 2564 1879 2594 illata
1898 2564 1959 2595 sibi
1979 2563 2107 2602 iniuria,

1146 2612 1347 2643 mendacium
1368 2615 1475 2640 tamen
1494 2617 1620 2647 semper
1638 2613 1686 2638 est
1704 2606 1992 2638 condemnandum.
2017 2605 2108 2636 Deus

1147 2656 1232 2686 enim
1256 2654 1305 2686 sui
1329 2663 1454 2692 semper
1477 2650 1589 2681 similis
1610 2650 1726 2680 mutari
1749 2660 1912 2690 nunquam
1932 2653 2054 2689 potest:
2078 2653 2110 2679 et
