2551 3044
359 218 419 248 4οῖ
1145 209 1348 242 HOMILIA
1371 207 1568 241 LXXVIII.

363 310 468 341 David
501 310 558 340 hoc
590 309 656 338 loco
681 307 771 338 nobis
795 306 942 345 exemplo
966 306 1079 345 praeit,
1105 304 1187 343 quod
1213 314 1324 336 omnes

361 354 449 384 det-et
485 351 615 389 imitari,
650 359 751 389 quum
788 359 849 380 non
886 353 1012 379 tantum
1048 348 1216 387 profitetur
1245 358 1278 378 se
1307 356 1325 377 a

363 396 430 426 Deo
462 393 618 430 adiutum,
649 398 680 423 et
711 402 749 423 ex
779 392 891 422 mortis
920 390 1065 422 faucibus
1093 396 1239 426 erutum,
1269 388 1324 420 sed

361 439 457 468 etiam
489 436 597 467 fideles
626 445 736 466 omnes
767 434 903 465 advocat
930 442 947 463 a
977 443 1010 463 se
1042 432 1209 464 docendos.
1257 432 1325 463 Nos

363 482 468 520 itaque
500 479 596 509 etiam
627 477 716 509 decet
749 488 812 507 non
844 483 968 507 tantum
993 475 1114 516 gratias
1137 485 1232 516 agere
1255 474 1325 506 Deo

361 533 418 563 pro
441 521 577 561 acceptis
602 520 641 551 ab
666 521 733 560 ipso
757 520 930 555 beneficiis,
953 518 1009 549 sed
1032 517 1112 549 alios
1135 528 1262 558 quoque
1286 517 1325 548 ad

362 566 445 596 idem
477 563 657 595 faciendum
689 562 860 599 cohortari,
893 566 923 592 et
953 566 1062 592 nostro
1090 560 1239 600 exemplo
1270 561 1325 591 sti-

361 608 494 639 mulare.

446 650 664 681 Transeamus
694 648 757 678 iam
788 647 825 677 ad
858 647 912 677 illa
945 647 1042 677 verba
1073 646 1188 686 quibus
1220 644 1327 676 David

363 694 435 725 dicit
461 703 494 723 se
527 691 655 723 Domini
684 690 839 722 auxilium
870 690 1052 729 percepisse,
1085 689 1159 728 quia
1197 689 1228 718 in
1251 688 1326 718 sim.-

357 737 494 777 plicitate
523 738 549 765 et
582 734 749 774 intem-itale
772 742 875 764 coram
898 733 966 771 ipso
987 731 1164 768 ambulavit,
1189 734 1214 761 et
1236 731 1326 768 [νωι-

361 780 453 811 dibus
481 781 505 809 et
536 777 625 812 dolis,
654 779 681 807 et
714 775 751 806 ab
781 776 865 806 omni
889 773 1327 814 prorimormniniuriaabs·
1352 776 1354 778 ’

362 822 466 852 tinuit.-
505 819 631 859 Quibus
662 819 767 849 verbis
798 818 951 849 docemur
982 827 1046 857 qua
1070 817 1192 847 ratione
1217 815 1328 846 debea-

363 875 435 895 mus
456 864 505 894 his
529 862 725 902 temporibus
749 871 841 901 opem
866 866 897 891 et
920 860 1080 891 auxilium
1103 859 1247 890 divinum
1273 869 1327 888 ex-

365 912 525 947 spectare,
565 911 595 936 et
636 904 696 935 sub
731 903 854 934 alarum
893 903 994 943 ipsius
1028 901 1142 933 umbra
1166 902 1226 932 tuti
1252 911 1328 931 esse.

364 949 531 980 vellemus
561 947 647 978 euim
672 947 777 977 Deum
809 947 1061 986 quotiescunque
1085 945 1274 985 premimur,
1298 950 1327 973 et

366 991 515 1032 periculis
539 1000 702 1031 urgemur,
733 988 772 1020 ad
798 995 946 1020 nostrum
970 987 1128 1019 auxilium
1152 996 1328 1023 accurrere,

364 1036 420 1066 sed
449 1043 568 1074 quaeso
596 1043 691 1072 quam
714 1031 763 1063 illi
786 1031 993 1063 succurrendi
1018 1031 1214 1062 occasionem
1239 1040 1329 1069 prae-

366 1076 498 1109 bemus?
545 1075 687 1106 Tantum
718 1075 804 1106 enim
835 1074 922 1105 abest
953 1081 990 1104 ut
1019 1084 1125 1104 coram
1159 1074 1227 1112 ipso
1251 1072 1327 1102 deii-

366 1122 496 1153 ciamur.
528 1125 558 1149 et
589 1118 690 1158 ipsius
723 1117 878 1148 voluntati
909 1126 965 1147 nos
997 1116 1081 1147 ultro
1110 1116 1327 1150 subiiciamus,

366 1170 398 1194 ut
429 1168 540 1193 contra
569 1171 696 1201 semper
719 1160 780 1200 ipsi
805 1160 1001 1195 resistamus,
1026 1166 1057 1189 ct
1081 1159 1180 1198 ipsius
1205 1158 1327 1188 miseri-

366 1205 494 1238 cordiae
534 1204 621 1234 viam
663 1201 918 1243 praecludamus.
975 1201 1056 1232 Nam
1092 1201 1211 1231 malum
1246 1199 1329 1230 malo

366 1259 492 1288 semper
523 1246 734 1283 cumulamus,
764 1252 795 1276 et
824 1245 851 1276 si
882 1244 962 1275 dolis
991 1245 1174 1284 appetimur
1202 1249 1258 1273 aut
1279 1243 1329 1272 in-

367 1291 460 1322 iuriis
494 1290 654 1321 afficimur
688 1298 746 1319 nos
782 1288 841 1327 ipsi
875 1289 1017 1327 privatas
1051 1287 1185 1317 iniurias
1219 1285 1328 1316 ulcisci

367 1335 527 1374 cupimus.
549 1338 582 1363 et
605 1332 630 1363 si
655 1330 795 1362 brachiis
818 1336 871 1359 aut
893 1330 1041 1360 manibus
1064 1339 1128 1359 nou
1151 1338 1330 1368 possumus,

368 1377 420 1407 vel
449 1376 527 1416 ipsis
555 1373 705 1405 dentibus
736 1383 880 1412 premere
911 1378 1137 1412 persequentes
1161 1381 1224 1402 non
1249 1370 1329 1402 desi-

367 1420 492 1455 stimus,
517 1424 550 1448 et
572 1418 695 1448 interea
720 1416 824 1446 Deum
850 1421 979 1446 nostrae
1002 1414 1186 1454 cupiditatis
1209 1420 1238 1444 et
1263 1414 1328 1444 aui-

369 1461 527 1493 mositatis
540 1459 699 1490 vindicem
712 1458 900 1498 expetimus.
935 1456 999 1489 Sed
1023 1457 1187 1488 hominum
1210 1456 1332 1486 malitia

371 1503 556 1535 mendacem
594 1502 696 1532 Deum
738 1510 902 1540 nunquam
945 1501 1070 1532 afficiet.
1128 1500 1208 1530 Nam
1246 1499 1331 1530 illius

371 1547 480 1578 afflatu
513 1544 619 1575 David
649 1544 724 1575 olim
756 1543 908 1583 loquutus
939 1548 996 1581 est,
1028 1552 1085 1574 nos
1116 1543 1141 1574 si
1173 1542 1330 1573 auxilium

372 1601 389 1621 a
421 1588 560 1621 Domino
594 1593 751 1627 petamus,
798 1591 967 1626 opportere
1002 1585 1040 1617 ab
1082 1585 1168 1616 omni
1211 1584 1333 1615 malitia

372 1632 483 1664 fraude
508 1636 538 1661 et
564 1630 713 1661 violentia
737 1629 908 1660 abstinere.
942 1628 1013 1660 Hae
1037 1629 1159 1659 ratione
1174 1628 1234 1658 Dei
1258 1637 1334 1667 erga

373 1685 429 1706 nos
469 1673 605 1704 bonitati
641 1673 724 1702 viam
761 1671 1000 1711 patefaciemus.
1044 1670 1335 1702 Verumenimvero

372 1717 457 1748 dicat
480 1716 596 1755 aliquis
618 1726 676 1746 nos
699 1725 794 1755 saepe
820 1714 879 1745 hac
902 1715 1027 1745 ratione
1051 1713 1194 1744 hostibus
1218 1713 1336 1744 nostris

375 1759 526 1800 praedam
558 1759 636 1793 fieri,
665 1757 719 1788 sed
746 1756 959 1788 nihilominus
989 1761 1097 1788 tamen
1127 1761 1248 1787 certum
1281 1761 1338 1792 est,

376 1803 481 1834 Deum
514 1801 630 1832 nostris
661 1799 755 1831 malis
784 1799 989 1840 provisurum
1019 1805 1051 1830 et
1081 1806 1223 1839 tempore
1245 1809 1338 1838 opor-

377 1852 455 1876 tuno
483 1843 640 1875 auxilium
674 1843 825 1874 laturum.
870 1843 918 1873 Ae
940 1842 1075 1882 proinde
1098 1852 1187 1882 spem
1211 1851 1338 1872 omnem

376 1899 412 1919 ae
438 1886 587 1919 fiduciam
611 1890 754 1917 nostram
779 1886 812 1916 in
836 1885 903 1925 ipso
926 1895 995 1916 esse
1017 1883 1245 1916 collocandam.
1280 1885 1339 1914 At-

378 1940 440 1971 que
467 1930 546 1960 haec
577 1928 723 1960 doctrina
743 1938 779 1959 eo
799 1926 988 1968 diligentius
1006 1938 1024 1958 a
1043 1927 1134 1959 nobis
1153 1932 1201 1958 est
1221 1937 1340 1966 expen-

378 1972 492 2011 denda,
525 1982 588 2012 quo
622 1982 733 2003 sumus
768 1977 883 2002 natura
917 1971 1020 2010 magis
1052 1970 1276 2010 impatientes,
1310 1974 1341 2000 et

379 2016 465 2047 mala
483 2016 566 2046 serre
586 2024 649 2045 non
669 2024 849 2054 possumus,
873 2019 905 2044 et
924 2018 1089 2053 praeterea
1111 2022 1238 2052 semper
1261 2011 1342 2042 diffi-

380 2059 489 2090 dentia
513 2063 543 2088 et
566 2057 788 2097 desperatione
812 2056 982 2097 agitamur,
1006 2060 1044 2086 ut
1066 2055 1139 2086 lieet
1162 2054 1254 2086 nobis
1276 2059 1341 2085 tam

383 2100 518 2133 Davidis
536 2110 630 2141 quam
651 2099 795 2130 aliorum.
814 2109 892 2139 quos
903 2099 992 2130 Deus
1011 2109 1069 2130 suo
1089 2102 1233 2137 tempore
1252 2098 1342 2133 iuvit,

382 2143 530 2183 exempla
560 2147 792 2182 proponantur,
822 2151 950 2181 semper
979 2146 1087 2172 tamen
1117 2140 1237 2180 aliquid
1267 2139 1342 2171 obii-

383 2189 514 2225 ciamus,
545 2192 574 2217 et
607 2195 673 2219 nos,
703 2185 728 2215 si
752 2184 868 2221 David,
892 2189 949 2215 aut
969 2184 1022 2215 alii
1046 2183 1146 2215 adiuti
1169 2188 1254 2219 sunt,
1279 2193 1343 2214 non

384 2230 454 2260 idco
496 2235 601 2259 tamen
642 2227 843 2259 adiuvandos
879 2226 1033 2258 dicamus.
1088 2225 1210 2257 Idcirco
1244 2226 1345 2266 igitur

386 2271 493 2303 David
517 2271 680 2311 praecipit,
705 2274 740 2301 ut
762 2269 802 2300 ab
826 2271 912 2300 (vinni
937 2269 1048 2300 fraude
1072 2274 1103 2300 et
1125 2268 1198 2300 dolo
1222 2274 1255 2299 et
1277 2279 1345 2299 om-

384 2315 480 2346 nibus
498 2314 624 2345 iniuriis
642 2313 797 2344 adversus
816 2313 979 2352 proximos
997 2312 1224 2349 abstineamus,
1247 2316 1280 2342 et
1303 2311 1347 2342 ita

384 2368 474 2398 spem
493 2357 568 2387 facit
589 2366 646 2387 nos
669 2355 715 2387 sic
738 2355 948 2391 ambulantes,
973 2359 1005 2386 et
1027 2354 1066 2386 ad
1081 2355 1186 2385 Deum
1211 2354 1346 2385 necessi-

386 2407 451 2431 tate
484 2405 620 2440 urgente
654 2399 890 2438 confugientes,
925 2397 1133 2429 adiuvandos.

387 2450 453 2475 esto
482 2442 515 2473 iu
548 2442 607 2473 hac
637 2441 706 2482 ipsa
735 2451 831 2472 eausa
862 2439 978 2477 David,
1009 2441 1062 2480 qui
1092 2439 1225 2472 Saulem
1258 2439 1349 2470 nulla

388 2490 577 2527 provocarat
606 2484 738 2521 iniuria,
769 2483 953 2523 nullamque
983 2494 1017 2514 se
1048 2481 1258 2523 persequendi
1288 2481 1349 2522 ipsi

387 2529 583 2560 occasionem
605 2527 745 2563 dederat,
771 2532 803 2558 et
823 2525 939 2557 ideirco
952 2525 1012 2556 Dei
1037 2525 1179 2556 bonitate
1201 2530 1234 2556 et
1255 2524 1347 2556 mise-

388 2570 526 2603 ricordia
559 2580 599 2601 ex
632 2569 781 2600 omnibus
815 2568 966 2608 periculis
1001 2568 1154 2600 liberatus
1187 2572 1245 2599 est.
1301 2568 1350 2599 Ac

389 2624 466 2646 sane
508 2623 662 2653 magnum
704 2612 789 2644 istud
826 2611 920 2642 habet
954 2611 1080 2651 pondus
1114 2609 1198 2651 apud
1233 2609 1349 2646 Deum,

390 2666 488 2697 quum
518 2655 609 2687 testis
639 2659 687 2686 est
718 2654 808 2686 nobis
837 2654 1033 2685 conscientia
1055 2663 1162 2686 coram
1187 2652 1265 2690 Deo,
1294 2652 1350 2683 ho-

1190 2396 1348 2436 Exemplo
1373 2398 1375 2405 ¹

2279 204 2340 236 408

1379 305 1480 334 mines
1517 301 1635 332 iniuria
1665 306 1695 331 et
1726 301 1810 332 ultro
1843 311 1899 331 uos
1930 300 2079 340 persequi
2110 309 2128 330 a
2157 299 2248 330 uobis
2279 309 2341 330 uon

1377 345 1548 379 lacessitos,
1574 351 1603 373 et
1628 353 1779 384 magnam
1803 343 2000 374 occasionem
2026 342 2057 372 iu
2074 342 2142 372 Deo
2165 351 2255 382 spem
2279 341 2342 372 col-

1376 388 1500 420 locandi
1527 386 1665 426 praebet.
1700 385 1782 416 Nam
1807 386 1893 417 Deus
1917 395 2049 416 suorum
2074 395 2239 425 nunquam
2263 384 2342 416 obli-

1378 432 1519 462 viscitur.
1565 428 1677 469 Neque
1708 439 1782 459 vero
1812 435 1919 460 tamen
1950 428 2020 459 istis
2051 427 2156 458 verbis
2187 427 2342 458 iustitiam

1377 473 1539 514 quandam
1575 472 1604 502 iu
1639 470 1730 502 uobis
1761 470 1946 502 haerentem
1975 470 2148 511 imaginari
2180 469 2343 509 debemus,

1377 527 1439 556 qua
1464 515 1569 545 Deum
1594 513 1685 544 nobis
1706 513 1883 555 obligatum
1908 519 2084 550 teneamus,
2114 511 2168 544 sed
2193 523 2232 543 ex
2257 521 2344 543 mera

1378 560 1479 599 ipsius
1510 557 1651 588 bonitate
1674 562 1705 587 et
1729 557 1945 588 misericordia
1968 557 2110 595 gratuita
2132 556 2177 592 fit,
2211 563 2245 586 ut
2267 555 2346 595 pati-

1380 602 1468 633 entia
1494 606 1602 630 nostra
1625 599 1791 630 meliorem
1814 609 1944 631 causam
1969 599 2052 639 apud
2079 598 2184 630 Deum
2210 598 2344 630 efficiat:

1380 645 1425 676 sic
1455 643 1563 682 itaque
1587 641 1662 672 iusti
1686 652 1798 672 sumus
1821 652 1919 682 quum
1945 653 2008 672 non
2031 648 2158 672 tantum
2177 641 2261 672 malo
2273 639 2345 672 abs·

1381 688 1536 721 tinemus,
1585 683 1640 715 sed
1671 685 1766 715 etiam
1798 684 1944 715 hostibus
1974 684 2109 723 nostris,
2137 694 2155 714 a
2184 683 2300 724 quibus
2329 693 2348 714 a

1381 729 1473 760 nobis
1505 738 1568 758 non
1593 727 1771 767 provocatis
1794 727 1982 767 premimur,
2012 727 2096 758 ultro
2121 727 2201 758 bene
2224 725 2345 767 precati

1380 772 1537 803 fuerimus
1550 769 1612 800 Dei
1625 770 1766 800 iustitiae
1785 779 1913 801 causam
1936 774 2079 801 nostram
2100 769 2347 806 committentes,

1380 823 1517 855 quorum
1553 812 1682 843 tandem
1717 812 1884 843 saevitiam
1916 817 1947 843 et
1976 812 2211 843 immanitatem
2242 811 2348 843 Deum

1380 865 1542 889 summum
1556 855 1701 886 omnium
1722 854 1860 885 iudicem
1881 855 2028 885 ulturum
2049 854 2265 886 certissimum
2285 859 2348 885 est:

1382 910 1456 931 nam
1489 897 1610 938 alioqui
1636 897 1740 929 Deum
1767 903 1903 928 naturae
1933 907 2010 929 suae
2040 897 2228 928 renuntiare
2257 906 2349 937 opor-

1381 948 1472 979 teret,
1496 946 1552 972 aut
1571 939 1647 971 mali
1667 946 1814 971 autorem
1833 950 1903 972 esse
1922 949 1958 972 ac
1978 940 2181 980 improboum
2204 946 2236 970 et
2254 939 2351 971 scele—

1380 992 1526 1016 ratorum
1558 983 1726 1014 hominum
1758 983 1894 1014 socium:
1926 982 2008 1023 quod
2042 992 2107 1014 non
2131 982 2202 1014 sine
2225 982 2349 1022 ingenti

1381 1027 1582 1068 blasphemia
1612 1026 1748 1065 proferri
1779 1030 1893 1066 potest,
1931 1026 2030 1057 immo
2060 1035 2101 1056 ne
2123 1024 2258 1066 eogitari
2280 1025 2348 1065 qui-

1381 1072 1452 1102 dem
1477 1074 1590 1110 potest.
1629 1068 1802 1100 Caeterum
1827 1067 1934 1099 David
1958 1079 2023 1099 non
2047 1072 2175 1099 tantum
2198 1068 2233 1098 in
2257 1067 2347 1099 nobis

1381 1113 1601 1153 integritatem
1621 1118 1651 1142 et
1675 1111 1847 1142 candorem
1871 1112 2017 1151 requirit:
2042 1110 2251 1150 studiumque
2274 1119 2348 1151 pro-

1382 1158 1485 1188 ximos
1516 1153 1725 1192 sublevandi,
1763 1154 1886 1185 etiamsi
1917 1154 2001 1194 apud
2034 1154 2179 1184 homines
2210 1152 2349 1184 ludibrio

1381 1199 1572 1230 habeamur:
1603 1197 1658 1228 sed
1686 1197 1782 1228 etiam
1814 1207 1870 1228 nos
1893 1196 1933 1227 ad
1957 1196 2017 1228 Dei
2042 1196 2238 1237 praesidium
2261 1195 2350 1227 iubet

1354 1268 1356 1283 a
1381 1242 1468 1273 omni
1492 1246 1636 1280 tempore
1659 1240 1847 1279 confugere:
1871 1246 1902 1270 et
1925 1240 2019 1279 quale
2038 1241 2151 1279 iugum
2175 1238 2267 1270 nobis
2289 1239 2348 1269 im-

1382 1285 1524 1326 posuerit
1558 1293 1636 1314 vera
1670 1281 1851 1313 humilitate
1885 1289 1916 1313 et
1949 1282 2106 1314 modestia
2140 1282 2238 1313 ferre:
2274 1291 2349 1312 nam

1356 1360 1357 1364 ,
1383 1327 1503 1359 multos
1533 1325 1662 1365 quidem
1693 1325 1836 1356 ethnicos
1860 1325 2006 1357 videmus
2029 1324 2188 1365 singulari
2211 1323 2349 1364 quadam

1384 1371 1514 1407 virtute,
1546 1367 1734 1399 fortitudine
1765 1376 1795 1399 et
1825 1368 1994 1407 prudentia
2027 1367 2187 1408 praeditos
2215 1367 2351 1398 iniurias

1357 1436 1358 1443 1
1385 1414 1424 1444 ab
1453 1412 1524 1443 aliis
1554 1411 1660 1442 illatas
1690 1411 1812 1449 tulisse,
1853 1411 1907 1442 sed
1939 1411 2110 1452 praecipuo
2141 1409 2350 1441 fundamento

1357 1479 1358 1484 ,
1386 1456 1543 1492 caruisse3
1574 1453 1732 1494 siquidem
1764 1463 1877 1485 verum
1901 1453 2007 1485 Deum
2031 1464 2096 1484 non
2120 1457 2351 1493 cognoverunt,

1387 1509 1481 1539 quem
1512 1497 1543 1528 in
1575 1497 1641 1527 suis
1671 1496 1915 1528 difficultatibus
1947 1497 2147 1536 invocarent,
2179 1496 2256 1536 quin
2288 1496 2352 1526 imo

1388 1540 1591 1581 blasphemas
1603 1539 1744 1579 ipsorum
1759 1539 1948 1579 plerumque
1962 1548 2054 1570 voces
2071 1538 2231 1576 audimus,
2252 1548 2352 1579 quum

1390 1584 1479 1615 Deus
1512 1593 1577 1614 non
1612 1582 1694 1613 iuvit
1727 1592 1782 1613 eos
1816 1587 1881 1613 tam
1917 1588 2065 1622 prompto
2100 1592 2196 1622 quam
2230 1580 2353 1614 vellent

1389 1626 1520 1658 auxilio.
1574 1624 1639 1657 Sed
1678 1624 1835 1665 quomodo
1870 1625 1959 1656 Deus
1999 1623 2176 1656 adiuvisset
2209 1633 2264 1656 eos
2297 1624 2353 1664 qui

1389 1671 1493 1710 ipsum
1524 1679 1586 1699 non
1617 1667 1841 1708 precabantur,
1872 1668 1936 1698 imo
1966 1667 2021 1708 qui
2051 1667 2171 1699 rabiem
2202 1677 2292 1699 suam
2322 1673 2354 1698 et

1389 1713 1479 1743 virus
1509 1711 1665 1742 adversus
1694 1710 1800 1750 ipsum
1830 1710 2073 1750 despumabant,
2104 1716 2135 1741 et
2165 1710 2220 1750 qui
2244 1709 2354 1741 Deum

1389 1755 1450 1785 sibi
1485 1754 1642 1785 auxilium
1677 1753 1761 1784 serre
1795 1753 2038 1785 arbitrabantur
2071 1753 2266 1793 obligatum,
2299 1753 2354 1793 qui

1390 1804 1499 1829 tamen
1519 1807 1590 1827 eum
1613 1807 1676 1827 non
1695 1795 1914 1827 invocabant?
1944 1796 2039 1827 Hanc
2058 1795 2158 1836 igitur
2173 1795 2211 1827 ob
2224 1804 2354 1827 eausam

1393 1839 1497 1871 David
1531 1840 1608 1871 haec
1640 1839 1703 1869 duo
1733 1839 1923 1869 nominatim
1947 1838 2121 1879 coniungit,
2153 1847 2268 1878 nempe
2291 1839 2356 1870 sin-

1366 1908 1367 1913 ,
1391 1884 1556 1915 ceritatem
1580 1887 1612 1912 et
1635 1881 1865 1922 integritatem,
1896 1887 1928 1913 et
1950 1892 2062 1922 preces
2085 1881 2124 1912 ad
2149 1880 2265 1919 Deum,
2288 1882 2357 1922 qui·

1394 1927 1452 1957 bus
1481 1935 1713 1966 cognoscamus
1743 1934 1801 1955 nos
1831 1925 1900 1955 sine
1931 1924 2032 1964 ipsius
2055 1924 2176 1955 auxilio
2200 1924 2267 1955 fore
2290 1933 2359 1955 om—

1394 1970 1484 1999 nium
1530 1967 1744 1998 miserrimos:
1789 1966 2049 2007 quandoquidem
2092 1973 2209 1998 natura
2246 1977 2359 1999 sumus

1368 2043 1369 2046 ,
1394 2021 1501 2042 rerum
1525 2011 1669 2042 omnium
1693 2011 1796 2051 egeni,
1822 2018 1851 2040 et
1875 2010 1960 2040 unde
1984 2009 2141 2040 auxilium
2166 2019 2359 2049 quaeramus

1395 2065 1459 2084 non
1478 2053 1643 2089 habemus,
1668 2053 1727 2083 nisi
1748 2052 1787 2083 ad
1807 2053 1909 2092 ipsius
1929 2053 2106 2084 bonitatem
2126 2052 2358 2093 confugiamus,

1395 2108 1488 2137 quam
1526 2097 1706 2127 invocatam
1739 2106 1757 2126 a
1787 2095 1876 2127 nobis
1905 2100 2030 2127 certum
2062 2100 2110 2125 est
2139 2105 2178 2126 ex
2210 2096 2360 2126 omnibus

1397 2139 1546 2179 periculis
1585 2149 1642 2169 nos
1672 2137 1898 2176 liberaturam,
1937 2139 2088 2178 quoniam
2119 2138 2147 2169 is
2176 2143 2224 2169 est
2253 2147 2271 2169 a
2299 2148 2360 2178 quo

1397 2183 1463 2213 solo
1506 2181 1727 2213 liberationem
1761 2190 1777 2211 e
1800 2180 1952 2220 perieulis
1986 2186 2173 2219 exspectare
2198 2179 2359 2212 debemus.

1397 2224 1568 2256 Caeterum
1599 2229 1630 2255 et
1659 2223 1738 2254 iliud
1761 2222 2017 2263 expendendum,
2046 2222 2131 2262 quud
2154 2233 2218 2254 non
2242 2228 2363 2254 temere

1399 2267 1504 2298 David
1538 2266 1661 2304 adiicit,
1697 2276 1811 2306 nempe
1845 2266 1946 2296 iustos
1975 2272 2006 2296 et
2037 2265 2175 2297 humiles
2203 2265 2299 2298 eorde
2329 2266 2361 2297 in

1400 2310 1518 2341 multas
1552 2309 1759 2340 difficultates
1793 2315 1954 2348 venturos,
1989 2307 2045 2340 sed
2080 2318 2120 2339 ex
2155 2308 2220 2339 illis
2253 2313 2363 2340 tamen

1399 2352 1547 2383 omuibus
1566 2352 1676 2383 divina
1696 2351 1838 2383 bonitate
1857 2357 1889 2382 et
1908 2351 2052 2391 potentia
2073 2351 2240 2382 eruendos.
2272 2351 2366 2390 Quae

1401 2395 1545 2426 doctrina
1577 2393 1669 2426 valde
1697 2393 1879 2425 necessaria
1902 2399 1958 2432 est,
1985 2401 2020 2425 ut
2043 2403 2152 2424 eorum
2177 2401 2365 2425 occurratur

1401 2438 1553 2477 opinioni,
1577 2437 1629 2478 qui
1649 2436 1795 2468 divinum
1817 2436 1972 2468 auxilium
1993 2441 2026 2467 et
2048 2436 2236 2477 angelorum
2260 2442 2366 2468 custo·

1401 2480 1485 2511 diam
1506 2481 1551 2511 sic
1569 2481 1769 2512 arbitrantur
1793 2480 1942 2511 omnibus
1965 2479 2188 2519 propinquam,
2211 2483 2247 2510 ut
2261 2479 2365 2510 Deum

1402 2533 1458 2563 per
1477 2523 1605 2554 unicum
1628 2523 1728 2554 filium
1749 2522 1934 2553 invocatum
1954 2532 2082 2562 semper
2100 2531 2232 2553 suorum
2257 2531 2367 2562 preces

1401 2565 1554 2597 exaudire
1577 2565 1695 2603 dicant,
1719 2571 1750 2596 et
1773 2575 1836 2595 non
1860 2565 2047 2605 permittere
2071 2569 2105 2595 ut
2128 2563 2204 2596 ullis
2226 2574 2367 2604 unquam

1403 2608 1500 2639 rebus
1520 2608 1695 2649 indigeant,
1719 2608 1778 2640 sibi
1803 2607 2028 2648 persuadeant.
2063 2605 2150 2639 Sane
2173 2612 2296 2639 certum
2319 2611 2369 2639 est

1405 2651 1467 2682 Dei
1502 2651 1592 2689 filios,
1627 2650 1700 2683 licet
1735 2660 1968 2691 nonnunquam
2005 2655 2228 2691 paupertatem
2262 2649 2368 2681 immi-
