2551 3044
370 213 429 243 357

374 313 482 340 lauert·
507 314 535 336 et
561 306 605 335 ilzi
632 317 699 335 >ese
724 306 859 335 tradere.
907 304 1000 334 Hanc
1027 304 1124 343 igitur
1144 306 1182 334 ob
1207 314 1335 335 cansam

375 361 404 379 111
429 349 647 379 :arictum-ium
675 349 783 378 venire
804 357 898 387 qnam
923 347 956 376 in
981 346 1080 377 aliuni
1105 347 1205 377 ullum
1230 347 1335 378 locum

375 391 496 429 maluit,
517 391 587 421 licet
610 401 671 421 non
697 390 802 421 dubiis
819 389 1010 421 coniecturis
1033 389 1251 429 suspicaretur
1271 391 1336 420 fore

375 442 408 464 ut
432 434 475 464 ibi
500 433 663 464 videretur
687 440 717 463 et
741 432 779 463 ad
805 442 911 472 regem
939 432 1125 462 deferretur.
1172 431 1336 471 Quemad-

375 477 502 508 modum
527 476 697 515 contigisse
721 475 856 506 inferins
881 474 1017 506 infelicis
1039 474 1128 505 illius
1154 475 1255 515 Docgi
1279 477 1337 505 mi-

374 520 506 551 nisterio
539 519 726 549 videbimus.
776 518 897 549 Verum
928 518 1013 548 enim
1047 527 1120 548 vero
1151 528 1214 548 non
1246 517 1336 548 dubi-

375 563 453 594 tavit
483 563 559 602 quin
590 563 674 591 Deus
704 562 808 601 ipsum
841 561 1064 597 misereretur,
1095 566 1127 591 et
1155 561 1336 600 profugium

375 606 434 645 ipsi
455 605 641 635 concederet
660 615 695 634 eo
715 606 790 640 loco,
816 611 851 633 ut
874 609 1076 643 praesentem
1096 603 1236 643 alioquin
1259 613 1338 633 inor-

374 654 439 680 tem
461 648 626 688 efi'ugeret.
671 646 784 687 Itaque
809 656 872 676 non
897 646 1029 676 dubium
1053 652 1114 682 est,
1146 647 1238 685 quin,
1269 654 1337 684 post

376 692 465 722 varia
488 701 569 730 quae
593 690 700 721 animo
723 689 861 729 agitavit
884 689 1031 724 consilia,
1056 687 1187 719 tandem
1211 688 1338 719 conclu-

375 734 466 770 serit,
496 733 620 763 nullum
643 733 703 763 sibi
729 733 830 762 tutius
850 732 1031 771 profugium
1055 742 1150 771 quam
1177 731 1279 762 locum
1304 731 1335 760 in

373 788 434 817 quo
459 776 547 807 Deus
571 775 723 806 adoratur
753 782 786 805 et
809 784 850 805 ex
880 784 941 813 quo
965 775 1113 814 promisit
1141 784 1174 804 se
1206 783 1335 804 suorum

372 830 481 860 preces
505 818 744 852 exauditurum.
768 817 989 856 virtutemque
1012 827 1102 847 suam
1128 827 1203 855 erga
1226 826 1336 846 omnes

373 864 477 903 ipsunt
503 863 689 892 invocantes
711 868 925 890 exserturum.
975 859 1131 890 Davidem
1158 860 1263 898 itaque
1289 858 1336 888 vi-

373 905 486 936 demus
510 914 575 934 non
599 904 643 934 ita
667 904 763 933 tuisse
793 903 959 933 affectibus
983 908 1013 932 et
1048 902 1247 942 passionibus
1270 901 1336 931 suis

374 948 554 982 turbatum,
585 947 662 985 quin
687 946 793 976 animo
822 946 920 984 ipsius
945 945 1081 976 haeserit
1113 953 1197 975 certa
1220 943 1337 974 fiducia

375 991 435 1021 Dei
460 1000 535 1030 erga
564 990 666 1028 ipsum
693 988 938 1020 misericordiae.
985 986 1093 1026 Quare
1122 987 1194 1018 licet
1219 986 1337 1016 multas

374 1033 534 1073 lacrymas
557 1031 709 1062 effuderit
736 1038 767 1062 et
795 1042 829 1061 se
853 1029 985 1061 dubium
1009 1031 1105 1060 animi
1138 1040 1206 1060 esse
1229 1034 1336 1059 osten-

375 1076 468 1114 derit,
501 1086 563 1106 non
595 1075 666 1105 ideo
697 1080 804 1104 tamen
839 1083 902 1103 non
927 1074 1071 1112 confugit
1096 1072 1134 1102 ad
1160 1072 1221 1102 Dei
1245 1072 1336 1102 auxi-

375 1118 463 1153 lium,
487 1124 519 1148 et
543 1127 605 1148 non
630 1117 771 1157 speravit
796 1117 876 1152 fore,
909 1122 941 1146 ut
968 1116 1069 1154 ipsum
1098 1116 1184 1146 Deus
1209 1114 1337 1145 tandem

376 1161 465 1192 velut
500 1172 539 1191 ex
562 1161 675 1191 mortis
699 1159 847 1198 sepulcro
871 1158 1050 1189 redivivum
1077 1164 1248 1195 revocaret,
1282 1156 1337 1188 sed

375 1204 464 1234 illum
498 1203 637 1243 oportuit
661 1201 817 1232 adversus
842 1202 976 1231 affectus
1007 1211 1151 1239 pugnare
1175 1206 1204 1230 et
1231 1199 1338 1230 earnis

374 1246 564 1277 infirmitate
585 1245 695 1284 premi,
721 1252 754 1275 ut
774 1244 851 1275 tides
874 1244 972 1283 ip›ius
993 1244 1093 1283 magis
1117 1253 1152 1272 ac
1167 1243 1268 1282 magis
1288 1253 1335 1273 ro-

375 1289 541 1320 boraretur
564 1297 593 1318 et
625 1288 716 1318 firma
743 1286 804 1317 fide
829 1287 861 1316 iu
888 1286 945 1316 Dei
970 1285 1236 1325 promissionibus
1267 1295 1338 1316 con-

376 1333 563 1371 quiesceret.

377 1460 482 1500 potius
497 1465 649 1489 terrorem
670 1464 701 1488 et
721 1456 921 1487 formidinem
943 1467 1033 1488 suam
1053 1457 1207 1496 agnoscit.
1250 1456 1337 1495 Que-

377 1502 581 1533 madmodum
602 1500 724 1540 psalmo
746 1500 804 1530 lou·
827 1500 881 1535 ait,
905 1499 972 1538 Euo
997 1500 1064 1530 dise?
1087 1500 1120 1530 itt
1139 1499 1339 1538 trepidatione

376 1555 457 1578 ntea.
489 1545 588 1575 omnis
611 1543 698 1574 homo
720 1542 860 1573 mmtclazc.

376 1598 409 1619 se
431 1598 494 1618 non
516 1586 624 1626 procul
645 1596 662 1616 a
684 1586 770 1625 lapsu
792 1585 896 1616 fuisse.
943 1584 1222 1623 Quemadmodum
1238 1585 1338 1616 homi-

379 1641 451 1662 nem
476 1629 507 1660 in
532 1629 647 1660 declivi
677 1634 858 1660 currentem
884 1628 973 1658 facilc
1004 1628 1118 1667 aliquis
1141 1628 1196 1658 dat
1221 1628 1341 1668 praeci-

379 1673 487 1713 pitem.
535 1671 639 1702 David
665 1672 762 1710 igitur
787 1671 817 1700 iu
843 1670 908 1700 suis
932 1670 994 1700 illis
1018 1671 1175 1710 angustiis
1199 1671 1340 1711 agnovit,

380 1726 442 1746 non
468 1714 585 1745 habere
610 1714 755 1744 homines
780 1724 840 1752 quo
865 1713 1041 1745 glorientur
1065 1714 1153 1743 etde
1177 1714 1242 1744 suis
1267 1714 1342 1744 viri-

381 1758 437 1788 bus
452 1756 571 1796 aliquid
585 1764 805 1796 praesumant:
826 1755 981 1795 siquidem
1002 1762 1115 1786 natura
1129 1757 1232 1786 omnis
1247 1756 1342 1787 homo

381 1842 480 1874 animi
506 1841 669 1878 fortitudo,
693 1846 857 1872 momento
881 1841 1001 1878 effluat,
1027 1841 1086 1871 nisi
1113 1842 1200 1872 Deus
1227 1843 1344 1872 virtute

381 1895 439 1917 sua
463 1885 626 1915 retineret.

467 1928 624 1967 Sequitur
637 1927 786 1965 deinceps
795 1925 992 1957 sacerdotem
1007 1927 1156 1957 miratum
1172 1938 1248 1963 esse,
1263 1928 1346 1966 quod

383 1981 455 2001 cum
480 1970 583 2001 solum
617 1969 705 2000 vidit.
752 1968 824 2000 Non
849 1968 932 2008 quod
956 1969 1065 1999 multis
1096 1970 1234 2009 stipatus
1264 1977 1347 2002 essct

383 2013 527 2049 famulis,
558 2012 612 2043 sed
645 2011 729 2052 quod
753 2022 816 2042 non
841 2022 877 2042 eo
900 2022 993 2050 quem
1017 2020 1227 2042 consueverat
1250 2014 1346 2043 comi-

384 2064 451 2087 tatu
477 2056 632 2095 stipatum
660 2055 790 2085 videret.
837 2054 918 2084 Nam
952 2059 1045 2084 antea
1072 2053 1210 2085 vidimus
1240 2066 1347 2095 regem

385 2098 518 2131 Saulem
553 2098 657 2138 ipsum
689 2097 799 2128 multis
829 2103 861 2128 et
890 2096 1046 2127 militibus
1075 2103 1106 2126 ct
1136 2099 1229 2127 terris
1257 2109 1347 2138 prae—

386 2194 503 2223 magno
532 2183 637 2223 aliquo
663 2182 857 2213 famulorum
888 2187 920 2212 et
950 2181 1088 2212 militum
1119 2184 1271 2214 comitatu
1302 2184 1347 2214 in-

385 2228 509 2267 signem
532 2226 610 2256 lieri.

387 2271 539 2300 miserum
576 2278 612 2299 ac
636 2268 806 2308 profugum
831 2268 900 2298 sine
924 2277 1052 2298 annona
1083 2269 1166 2298 fame
1195 2268 1347 2307 quodam-

386 2312 481 2343 modo
516 2312 626 2351 premi.
678 2310 780 2342 Porro
810 2309 915 2341 David
951 2309 1116 2340 mendacio
1146 2310 1280 2350 quodam
1319 2317 1350 2342 et

388 2355 468 2386 falso
491 2359 642 2394 pretextu
665 2364 698 2384 se
721 2353 805 2393 apud
829 2352 1024 2384 sacerdotem
1049 2359 1183 2384 excusat
1200 2364 1234 2383 se
1259 2353 1350 2384 nimi-

389 2408 459 2429 rum
480 2408 497 2428 a
518 2406 592 2436 rege
611 2396 649 2426 ad
669 2406 822 2427 arcanum
843 2395 971 2435 aliquod
988 2396 1151 2436 negot-ium
1172 2395 1349 2429 dimissum.

388 2451 459 2472 cum
483 2439 646 2480 expressis
669 2439 830 2470 mandatis
860 2449 898 2469 nc
921 2438 970 2468 cui
998 2447 1062 2469 rem
1087 2438 1289 2478 patefaceret,
1321 2446 1351 2470 et
1376 2443 1377 2478 ξ

388 2482 508 2514 idcirco
532 2482 627 2512 etiam
651 2491 799 2512 sonuum
823 2486 879 2512 aut
902 2482 1038 2512 alterum
1061 2491 1167 2512 secum
1194 2481 1350 2512 famulum
1376 2481 1378 2520 ξ
1402 2488 1433 2513 et
1455 2481 1623 2521 specialem
1656 2481 1756 2521 ipsius
1785 2492 1893 2513 curam
1925 2481 2146 2514 demonstrare
2176 2491 2273 2522 quum
2306 2483 2365 2514 mi-

388 2525 568 2558 clanculum
600 2524 826 2563 assumpsisse,
860 2529 892 2555 ct
923 2524 1026 2554 locum
1059 2524 1197 2563 aliquem
1229 2530 1350 2555 certum

390 2567 573 2599 condixisse
597 2567 735 2598 famulis.
764 2567 852 2598 Ficta
883 2568 943 2598 ista
967 2567 1075 2598 omnia
1098 2566 1351 2604 suntaDavide‚
1376 2565 1377 2572 ¹

1161 209 1363 242 HOMILIA
1388 210 1565 248 Lxxylt.

612 1330 653 1360 Et
678 1330 819 1369 profecto
842 1340 940 1368 quum
966 1331 1021 1359 1)ι-1
1048 1329 1221 1359 bonitatem
1246 1338 1336 1368 prae·
1362 1335 1365 1369 j

376 1375 470 1414 dieat⁷
490 1384 584 1414 quam
607 1374 639 1404 in
659 1372 772 1403 mediis
791 1371 1016 1403 afflictionibus
1035 1372 1142 1405 sensit,
1164 1381 1225 1402 non
1246 1381 1337 1401 suam
1364 1385 1365 1391 =

376 1417 595 1448 fortitudinem
620 1415 796 1455 praedicat,
825 1425 887 1445 non
912 1415 944 1444 in
966 1414 1056 1444 malis
1079 1413 1249 1445 ιῖπόθειανε
1282 1413 1337 1444 sed
1364 1414 1366 1421 '

2292 209 2355 240 3⁶³5

1389 316 1449 345 que
1479 305 1564 344 ipsos
1589 303 1647 334 hae
1673 303 1794 333 ratione
1818 302 1957 334 deiicere
1980 312 2137 342 suamque
2165 304 2242 343 ipsis
2266 304 2354 334 intir-

1391 348 1534 378 mitatem
1573 346 1741 376 ostendere
1774 345 1920 376 voluisse.
1974 345 2105 375 Mentiri
2143 356 2219 376 saue
2255 356 2356 385 oeque

1390 390 1478 420 licuit
1500 399 1601 428 neque
1620 389 1813 428 permissum
1834 389 1894 419 fuit
1912 388 2029 418 Davidi
2049 395 2166 419 etcum
2187 398 2251 419 non
2264 397 2355 428 posse

1390 433 1566 462 rationibus
1591 430 1664 461 ullis
1687 432 1833 462 excusari
1857 438 1980 462 eertum
2005 437 2067 466 est.
2099 439 2134 461 ut
2162 430 2215 471 qui
2239 431 2278 462 de
2302 431 2356 462 illo

1391 473 1593 506 iustificando
1618 474 1677 505 hac
1708 475 1741 505 in
1765 484 1799 505 rc
1830 473 1979 504 laborant
2011 480 2136 513 tempus
2164 479 2196 504 et
2226 484 2355 514 operam

1392 517 1535 557 perdant,
1564 516 1735 556 Deumque
1759 516 1849 547 velut
1872 524 2015 547 autorem
2039 516 2197 547 mendacii
2220 517 2355 548 faciant:

1390 559 1444 590 scd
1468 567 1580 590 contra
1603 569 1643 590 ex
1667 560 1801 590 istorum
1826 559 2015 589 infirmitate
2037 558 2188 590 docemur
2202 560 2293 591 nobis
2308 560 2355 599 ip-

1390 603 1434 634 sis
1457 612 1571 632 cavere
1601 601 1860 642 quandoquidem
1884 602 2103 633 sanctissimos
2133 612 2278 642 quosque
2310 603 2355 633 vi-

1391 645 1517 681 demus,
1548 644 1819 684 quemadmodum
1846 648 1878 674 et
1900 643 1960 675 hoc
1991 644 2058 675 loco
2084 645 2259 681 Davidem,
2289 651 2355 676 tam

1390 688 1481 719 facile
1504 688 1610 727 lapsos
1633 698 1713 718 esse.
1759 689 1846 718 Ante
1870 686 2008 718 vidimus
2027 687 2186 718 Davidem
2211 693 2277 718 tam
2301 697 2357 718 ex·

1389 730 1579 761 cellentibus
1602 730 1736 770 spiritus
1760 729 1821 760 Dei
1845 729 1937 760 donis
1960 735 2126 768 ornatum,
2149 735 2185 761 ut
2207 730 2356 761 omnibus

1390 772 1604 804 admiratione
1627 772 1742 803 fuerit:
1765 782 1851 803 nunc
1872 782 1948 803 vero
1972 772 2160 803 infirmitate
2178 772 2304 813 lapsum
2326 778 2358 804 et

1390 816 1421 846 in
1446 815 1588 856 periculo
1613 814 1851 855 deprehensum
1882 815 2097 854 conspicimus
2122 825 2186 846 non
2217 816 2372 859 potuisse.

1389 869 1422 889 se
1447 858 1541 889 aliter
1565 858 1626 889 nisi
1651 857 1817 889 mendacio
1839 857 1948 888 tutari.
1994 858 2098 888 Tanto
2120 858 2220 898 igit-ur
2243 858 2358 889 arden-

1390 901 1454 932 tius
1478 901 1584 932 Deum
1610 901 1733 940 precari
1767 900 1935 936 debemus,
1968 909 2002 930 ut
2033 911 2092 931 nos
2114 901 2182 941 ipse
2213 907 2305 942 regat
2326 907 2359 932 et

1389 945 1537 983 spiritum
1562 943 1684 975 consilii
1709 944 1740 974 in
1765 943 1910 983 angustis
1933 949 1965 974 et
1987 943 2092 973 dubiis
2121 944 2218 975 rebus
2241 953 2357 984 suppe-

1390 987 1484 1025 ditet,
1518 987 1597 1018 311οο
1628 992 1665 1017 ut
1697 996 1909 1026 quaecunque
1940 986 2135 1016 tentationes
2166 987 2356 1026 ingruerint,

1390 1029 1501 1070 lingua
1525 1037 1634 1060 nostra
1654 1039 1818 1068 nunquam
1842 1037 2018 1068 peccemus.
2064 1028 2183 1060 Actum
2203 1029 2289 1060 enim
2310 1035 2359 1061 est

1389 1082 1485 1112 quam
1505 1072 1618 1112 fragile
1638 1071 1819 1102 membrum
1845 1071 1957 1111 lingua
1975 1071 2026 1102 sit.
2057 1071 2140 1102 Nam
2160 1073 2219 1103 etsi
2243 1076 2275 1103 et
2292 1081 2358 1103 cor—

1390 1115 1475 1154 poris
1499 1121 1531 1146 et
1554 1115 1653 1146 animi
1679 1120 1786 1154 partes
1810 1114 1939 1154 fragiles
1962 1119 2048 1151 sunt,
2080 1114 2224 1155 linguam
2250 1117 2358 1146 tamen

1390 1158 1533 1188 omnium
1555 1157 1760 1197 fragillimam
1781 1167 1850 1188 esse
1869 1157 2092 1196 conspicimus.
2138 1156 2358 1196 Quamobrem

1391 1201 1479 1231 illam
1503 1210 1521 1230 a
1542 1200 1610 1231 Deo
1634 1206 1787 1239 tanquam
1811 1199 1894 1230 intra
1918 1205 2046 1239 septum
2072 1200 2203 1231 retineri
2227 1210 2358 1232 neeesse

1391 1249 1449 1281 est,
1473 1248 1504 1274 et
1527 1243 1567 1274 ab
1591 1244 1658 1283 ipso
1682 1252 1847 1273 sermones
1870 1249 1996 1273 nostros
2017 1243 2095 1283 regi,
2119 1242 2202 1282 quod
2227 1243 2266 1274 ab
2288 1243 2358 1283 ipso

1391 1286 1539 1326 precibus
1562 1286 1736 1326 impetrare
1751 1285 1886 1315 Davidis
1910 1295 1967 1315 nos
1987 1286 2170 1325 exemplum
2196 1285 2356 1316 admonet.

1392 1328 1480 1368 Quin
1512 1333 1544 1359 et
1572 1328 1677 1368 ipsum
1710 1328 1868 1358 Davidem
1906 1328 1965 1359 hae
1995 1328 2195 1367 experientia
2228 1329 2358 1360 doctum

1393 1372 1491 1402 fuisse
1515 1378 1636 1401 certum
1662 1378 1722 1409 cst,
1755 1381 1851 1410 quum
1878 1370 2009 1401 Psalmo
2034 1370 2074 1402 39
2099 1371 2129 1400 in
2157 1371 2235 1403 haec
2259 1371 2357 1403 verba

1393 1415 1513 1454 erupit:
1552 1414 1678 1445 Custodi
1701 1414 1771 1445 vias
1794 1424 1886 1447 naeus,
1912 1416 1945 1443 ut
1969 1423 2027 1444 nou
2045 1414 2221 1453 delinquam
2247 1415 2277 1445 in
2301 1414 2360 1445 lin-

1364 1466 1366 1503 j
1391 1468 1455 1495 ‚qna
1479 1467 1554 1493 Πῖσα,
1577 1467 1654 1502 pone
1675 1457 1723 1487 ori
1745 1466 1809 1487 meo
1831 1456 2012 1494 custodiam,
2040 1466 2107 1486 cum
2131 1457 2269 1488 consistit
2285 1467 2357 1496 pec-

907 1542 1030 1581 Quibu·
1064 1552 1114 1572 101
1124 1543 1170 1573 bis
1199 1542 1340 1573 ostendit
1365 1533 1367 1559 ἶ
1391 1503 1475 1531 calor
1497 1500 1661 1531 adversum
1683 1509 1738 1529 ma

934 1571 936 1577 y
1018 1556 1032 1572 s
1076 1553 1082 1562 f
1114 1553 1120 1560 .

1785 1498 1969 1530 Revocabat
1993 1499 2092 1539 igitur
2108 1498 2212 1530 David
2239 1500 2271 1530 in
2297 1510 2359 1530 me-

1394 1543 1527 1573 moriam
1552 1553 1632 1582 quae
1657 1552 1768 1582 passus
1791 1547 1877 1572 erat.
1902 1552 2000 1581 quum
2027 1541 2131 1572 Deum
2158 1549 2221 1572 tam
2247 1541 2358 1574 sedulo

1393 1591 1581 1626 precaretur
1601 1591 1637 1616 ut
1660 1585 1707 1616 ori
1733 1594 1790 1616 suo
1820 1584 1998 1616 custodiam
2030 1592 2205 1624 apponeret
2228 1596 2268 1617 ne
2284 1586 2358 1625 quid

1394 1634 1513 1660 temere
1537 1628 1689 1659 effutit-et.
1736 1628 1836 1659 Porro
1862 1626 2021 1658 Davidem
2047 1627 2192 1659 videmus
2217 1638 2279 1660 non
2305 1639 2359 1669 po-

1395 1671 1495 1702 tuisse
1524 1671 1584 1702 sibi
1615 1680 1651 1702 ac
1679 1672 1763 1701 vitae
1794 1670 1976 1704 consulere.
2008 1670 2069 1701 nisi
2099 1670 2259 1702 sacerdoti
2288 1681 2361 1712 per-

1395 1713 1533 1746 suadens
1563 1724 1596 1744 se
1626 1724 1642 1743 a
1672 1723 1746 1753 rege
1771 1713 1870 1744 Saule
1901 1713 1939 1743 ad
1969 1722 2087 1744 arcana
2118 1713 2274 1753 quaedam
2306 1725 2360 1746 ne-

1368 1781 1370 1787 1
1397 1757 1482 1797 gotia
1506 1757 1683 1787 dimissum.
1730 1755 1803 1795 Qua
1827 1756 1858 1786 in
1891 1765 1924 1786 re
1955 1762 2087 1795 apparet
2117 1765 2213 1795 quam
2244 1757 2360 1788 misera

381 1799 518 1831 mendax
539 1806 571 1830 et
591 1808 694 1830 vanus
713 1805 770 1836 est,
795 1803 828 1829 ut
848 1808 1056 1838 quaecunque
1076 1798 1222 1830 videatur
1242 1799 1344 1830 inesse
1370 1806 1371 1811 ¹

1399 1799 1533 1830 Davidis
1565 1799 1660 1829 fuerit
1688 1798 1841 1829 conditio:
1874 1808 1948 1828 nam
1977 1798 2031 1838 qui
2062 1809 2081 1829 a
2107 1799 2174 1829 Deo
2205 1809 2262 1830 rex
2293 1805 2362 1830 erat

1398 1842 1599 1882 designatus,
1633 1841 1686 1881 qui
1719 1842 1818 1880 ipsius
1850 1840 1981 1871 Domini
2010 1841 2109 1871 nostri
2142 1841 2214 1872 lesu
2238 1842 2361 1874 Christi

1398 1886 1502 1925 figura
1525 1891 1593 1915 erat
1618 1886 1762 1922 fut-urus,
1792 1885 1825 1914 in
1848 1894 1918 1914 eam
1944 1884 2166 1915 necessitatem
2198 1885 2365 1926 redigitur,

1400 1935 1435 1958 ut
1454 1928 1538 1958 vitae
1561 1927 1728 1958 consulere
1748 1926 1809 1957 nisi
1833 1926 2000 1957 mendacio
2017 1937 2078 1957 non
2105 1937 2197 1965 posse
2210 1927 2366 1960 videatur.

1400 1971 1539 2011 Magnae
1563 1971 1661 2004 igitur
1675 1969 1810 2000 Davidis
1835 1970 1967 2000 fuerunt
1987 1969 2191 2000 difficultates
2214 1980 2232 2001 e
2250 1970 2367 2010 quibus

1400 2023 1566 2054 emergere
1590 2023 1653 2042 uon
1679 2023 1770 2052 posse
1794 2012 1923 2043 videtur
1943 2012 2003 2043 nisi
2023 2022 2149 2043 summo
2162 2012 2364 2045 discrimine:

1401 2057 1478 2087 haec
1502 2056 1666 2086 intuentes
1691 2055 1852 2086 discamus
1879 2054 1946 2085 Deo
1971 2064 2028 2086 nos
2058 2055 2300 2092 commendare,
2332 2062 2365 2087 et

1374 2122 1375 2136 ἦ
1401 2099 1541 2129 maxime
1565 2108 1664 2138 quum
1691 2108 1747 2128 nos
1767 2097 1994 2138 exploraturus
2017 2099 2048 2128 in
2071 2103 2175 2128 tantas
2199 2099 2366 2138 angustias

383 2141 497 2173 iecisse
528 2146 558 2171 et
589 2150 688 2179 quum
713 2142 799 2179 regis
822 2149 920 2179 gener
943 2146 1042 2176 esset,
1068 2140 1169 2178 ipsum
1207 2141 1349 2180 oportuit
1374 2142 1375 2179 Ῐ
1401 2142 1539 2179 rediget,
1572 2147 1607 2171 ut
1631 2141 1718 2172 nulla
1742 2140 1854 2171 salutis
1876 2141 1958 2171 ratio
1984 2146 2138 2180 appareat
2168 2150 2274 2171 coram
2310 2141 2366 2172 bo-

1374 2204 1375 2214 l
1400 2185 1551 2215 minibus.

655 2225 812 2257 Sacerdos
831 2225 932 2265 igitur
950 2224 1087 2255 miratur
1105 2235 1176 2255 011111
1196 2233 1347 2265 tanquam
1374 2227 1375 2231 ’

1597 2183 1731 2214 Interim
1750 2183 1847 2214 ctiam
1862 2182 2040 2214 videbimus
2053 2189 2251 2222 quantopere
2264 2182 2365 2214 Davi·

1400 2227 1471 2258 dem
1486 2227 1664 2267 oportuerit
1687 2225 1724 2256 de
1738 2227 1797 2257 isto
1822 2225 1986 2256 mendacio
2011 2226 2117 2257 dolere
2130 2231 2163 2256 et
2181 2226 2258 2266 angi
2280 2226 2365 2266 quod

1400 2270 1598 2301 occasionem
1623 2268 1770 2308 praebuit
1797 2268 1885 2299 caedi
1909 2269 2126 2303 sacerdotum.
2153 2273 2189 2299 ut
2212 2278 2269 2299 suo
2297 2269 2364 2301 loco

1403 2311 1589 2343 videbimus.
1647 2311 1716 2342 Nae
1746 2310 1906 2342 Davidem
1941 2311 2035 2342 liuius
2065 2311 2170 2343 caedis
2200 2312 2364 2344 conscium

1401 2355 1533 2385 minime
1565 2354 1661 2385 fuisse
1689 2360 1810 2385 certum
1843 2362 1906 2391 cst,
1939 2364 2041 2393 neque
2073 2354 2176 2385 teneri
2208 2354 2364 2386 rationem

1403 2397 1472 2428 Deo
1496 2396 1602 2428 Saulis
1630 2395 1830 2428 crudelitatis
1862 2396 2003 2428 reddere.
2051 2396 2114 2428 Sed
2146 2401 2251 2427 tamen
2277 2397 2365 2430 Deus

1401 2441 1506 2479 ipsum
1532 2439 1592 2470 hac
1615 2439 1738 2470 ratione
1768 2439 1871 2480 magis
1895 2449 1930 2470 ac
1953 2440 2055 2480 magis
2085 2439 2221 2471 deiicere
2250 2440 2364 2480 voluit,

1403 2534 1490 2555 seros
1513 2523 1694 2555 sacerdotes
1724 2524 1762 2555 ad
1789 2524 1948 2555 lanienam
1981 2524 2065 2556 trahi
2095 2534 2208 2565 passus
2238 2530 2303 2561 est.
2335 2530 2367 2558 et

1402 2565 1574 2599 crudeliter
1603 2566 1691 2598 caedi
1721 2571 1851 2607 propter
1878 2566 2013 2598 Davidis
2043 2567 2254 2599 mendacium.
2299 2568 2366 2600 Nos

389 2620 430 2642 ex
453 2610 569 2651 quibus
587 2616 720 2650 apparet
739 2609 800 2641 Dei
823 2620 942 2647 servos,
967 2609 1116 2640 maximis
1135 2609 1230 2640 etiam
1251 2610 1351 2641 virtu·
1375 2598 1379 2637 l
1404 2619 1480 2640 vero
1495 2609 1569 2640 huic
1591 2610 1702 2640 utilem
1716 2610 1807 2641 nobis
1827 2610 2005 2642 doctrinam
2021 2610 2206 2642 referamus.
2241 2610 2365 2652 Nempe

393 2653 478 2685 tibus
499 2652 668 2693 praeditos,
690 2653 799 2683 multis
813 2657 921 2684 tamen
936 2653 1024 2684 vitiis
1043 2651 1203 2684 laborare:
1228 2652 1351 2684 Deum·
1375 2649 1379 2673 f
1403 2651 1478 2683 licet
1496 2651 1659 2683 neminem
1677 2651 1787 2684 fallere
1805 2652 1971 2684 mendacio
1990 2652 2137 2690 velimus,
2158 2662 2260 2692 neque
2279 2652 2366 2685 dam·
