2551 3044
199 171 257 203 101

198 266 268 297 01110
291 275 309 296 a
338 274 400 305 quo
431 266 546 297 missus
575 271 624 297 est
653 264 852 296 voluntatem
877 264 956 295 nihil
989 263 1074 295 dicat
1097 269 1153 294 aut

197 308 302 340 faciat.
347 307 412 340 Sed
443 307 500 339 1100
527 308 559 339 111
591 307 703 348 primis
735 307 821 337 verbi
856 306 957 338 divini
982 316 1152 347 praecones

198 351 344 391 respicit,
379 361 457 390 quos
486 350 582 381 etiam
611 350 636 381 si
667 359 737 381 cum
769 349 955 388 parentibus
983 357 1015 380 et
1044 349 1153 380 amicis

198 394 322 425 intimis
347 403 396 424 res
420 392 483 424 illis
507 394 558 432 sit,
591 392 685 423 nullis
708 398 815 422 tamen
839 392 966 423 illorum
990 391 1153 423 blanditiis

197 437 291 472 flecti,
314 445 417 475 neque
442 436 480 466 de
504 435 613 466 divina
635 434 806 465 severitate
829 434 1001 474 quidquam
1032 440 1153 473 oportet

199 480 377 510 remittere:
411 477 466 508 sed
500 478 605 518 potius
639 476 792 507 adversus
822 477 982 516 improbos
1011 482 1042 508 et
1066 476 1153 516 flagi-

198 522 295 552 tiosos
309 521 353 551 uti
366 519 669 551 comminationibus
681 527 713 549 et
726 519 1029 558 reprehensionibus
1047 529 1152 559 asper-

198 564 296 599 rimis,
326 570 357 593 et
385 562 417 592 in
449 563 560 602 primis
584 562 737 592 adversus
769 572 821 592 cos
845 562 898 600 qui
922 563 952 592 iu
978 562 1153 602 pertinacia

197 606 432 638 occalluerunt:
464 615 503 635 ne
534 605 604 635 illos
634 614 691 635 sua
721 604 852 637 lenitate
882 605 931 635 vel
964 605 1090 635 silentio
1120 604 1152 634 in

198 654 331 679 mortem
357 647 497 678 trahant.
530 646 746 686 Quamobrem
766 647 905 677 officium
930 653 979 677 est
1003 657 1151 677 verorum

197 696 362 731 pastorum
387 690 586 729 fidorumque
609 689 671 719 Dei
700 699 877 727 servorum,
908 690 1025 729 quibus
1048 690 1079 719 in
1104 699 1153 720 ec-

197 733 293 765 clesia
316 731 451 763 docendi
469 742 544 763 eura
567 731 759 762 demandata
777 737 832 769 001,
853 731 1059 763 vehementer
1070 732 1151 762 affici

196 782 229 807 01
258 775 365 806 dolere
392 775 452 806 sibi
482 775 682 806 commissam
713 773 837 813 plebem
862 774 1006 805 videntes
1029 776 1059 805 in
1085 774 1148 805 exi-

196 819 274 850 tium
305 828 407 856 ruere,
437 823 468 848 et
497 826 624 847 causam
654 816 782 846 illorum
814 817 897 856 apud
921 817 1026 848 Deum
1048 828 1151 857 agere,

196 861 407 902 precibusque
425 869 482 899 pro
502 859 603 890 salute
622 859 731 898 populi
754 859 926 890 sollicitare
945 870 1002 899 pro
1021 860 1152 890 viribus.

197 904 240 935 Et
271 903 479 934 nihilominus
509 907 615 932 tamen
647 901 729 932 nihil
754 901 792 932 de
815 901 912 933 officii
937 903 985 933 sui
1008 902 1152 942 partibus

197 946 369 983 remittere,
395 955 495 984 neque
515 944 587 979 ullis
606 945 720 975 terreri
740 943 906 975 hominum
926 945 1030 982 minis,
1049 955 1153 984 neque

197 996 331 1020 externa
359 987 477 1027 specie:
508 987 563 1018 sed
596 986 778 1017 vehementi
810 987 917 1018 studio
948 987 1068 1027 gloriae
1091 987 1152 1018 Dei

197 1031 286 1063 duci:
315 1036 347 1062 et
375 1030 475 1069 ipsius
505 1028 622 1060 iudicia
652 1030 856 1069 peccantibus
887 1030 1086 1068 denuntiare,
1121 1036 1152 1060 et

196 1084 308 1105 severe
341 1072 468 1103 eosdem
498 1072 673 1112 increpare.
718 1072 808 1103 Haec
839 1073 922 1103 enim
953 1083 1030 1103 sane
1059 1073 1152 1103 unica

196 1118 279 1148 ratio
313 1122 360 1147 est
393 1115 465 1145 illos
495 1125 511 1145 e
541 1115 692 1154 periculis
721 1115 753 1144 in
789 1125 868 1154 quae
902 1126 936 1145 se
969 1115 1152 1153 coniiciunt,

196 1160 293 1190 immo
315 1169 356 1189 ex
378 1158 492 1188 ultimo
515 1158 623 1195 exitio,
652 1157 827 1197 eripiendi:
857 1168 956 1197 quum
986 1164 1095 1189 contra
1125 1158 1151 1188 si

197 1202 235 1233 de
259 1201 433 1233 severitate
455 1200 507 1231 vel
532 1199 691 1230 tantillum
716 1201 909 1234 remittatur,
933 1207 964 1231 et
987 1201 1025 1231 iis
1048 1200 1152 1230 indul-

195 1251 309 1285 geatur
332 1244 387 1283 qui
410 1243 472 1274 Dei
503 1242 658 1273 adversus
681 1253 715 1272 se
746 1242 826 1272 iram
857 1248 1085 1282 provocarunt,
1116 1253 1152 1273 ea
1175 1242 1178 1273 Ι

195 1286 395 1327 induigentia
420 1286 462 1316 sit
486 1285 586 1315 veluti
610 1284 737 1325 gladius
761 1286 813 1324 qui
844 1286 877 1315 in
904 1286 1012 1316 furiosi
1036 1296 1151 1316 manus
1175 1279 1178 1330 l

195 1329 235 1360 ad
265 1340 298 1359 00
326 1327 536 1368 iugulandum
567 1327 729 1365 tradatur,
759 1334 815 1358 aut
845 1327 884 1358 ab
917 1329 1008 1368 aquis
1041 1334 1150 1359 erutus

195 1372 299 1413 magis
322 1371 545 1410 immergatur,
577 1376 609 1401 et
630 1370 662 1400 in
688 1371 842 1411 abyssum
866 1370 1148 1410 profundissimam

194 1415 370 1446 inferorum
392 1413 603 1453 demergatur.
650 1412 777 1444 Scimus
807 1413 893 1444 enim
916 1413 1000 1444 hanc
1022 1414 1148 1444 unicam

194 1467 263 1489 esse
287 1456 444 1487 rationem
468 1456 594 1486 veniam
614 1455 652 1486 de
672 1456 808 1495 peccatis
827 1466 845 1486 a
859 1456 927 1486 Deo
948 1457 1149 1496 impetrandi,

194 1506 231 1531 ut
253 1504 435 1540 peccatores
458 1504 523 1528 tam
547 1498 630 1529 serio
661 1504 862 1537 peccatorum
890 1509 986 1530 sensu
1009 1499 1148 1529 affician—

195 1548 257 1580 tur,
289 1546 324 1572 ut
347 1541 407 1572 sibi
430 1541 508 1581 ipsis
530 1541 758 1572 renunciantes
782 1552 887 1572 coram
912 1541 1012 1580 ipsius
1034 1542 1147 1572 maies—

196 1590 262 1616 tate
299 1584 401 1624 magis
435 1594 471 1614 ac
504 1583 607 1624 magis
641 1583 842 1614 deiiciantur.
907 1583 944 1614 Id
979 1595 1052 1615 vero
1086 1595 1148 1623 quo

197 1626 289 1659 modo
320 1628 384 1663 fiet,
413 1626 474 1656 nisi
506 1625 544 1656 ab
576 1625 629 1657 illo
660 1632 799 1662 veterno,
829 1627 862 1656 in
893 1636 954 1666 quo
985 1637 1002 1657 a
1032 1632 1148 1657 natura

196 1670 351 1706 desident,
382 1669 573 1700 excitentur.
619 1671 661 1699 At
693 1670 720 1699 si
743 1669 887 1709 pulvillis
911 1669 1009 1700 veluti
1033 1680 1147 1710 suppo-

195 1714 267 1744 sitis
290 1713 470 1750 foveantur,
500 1716 531 1742 et
560 1711 641 1742 bene
671 1722 742 1742 cum
767 1711 843 1751 ipsis
866 1712 916 1751 agi
941 1713 1150 1751 persuadean-

197 1762 265 1786 tur:
296 1765 373 1786 sane
403 1753 536 1794 perinde
560 1759 608 1784 est
630 1764 666 1785 ac
689 1754 715 1784 si
739 1754 893 1784 adversus
917 1754 1020 1785 Deum
1044 1756 1149 1786 insur-

193 1809 269 1838 gere
291 1797 471 1836 bellumque
497 1796 557 1836 ipsi
582 1797 699 1827 inferre
720 1797 918 1833 docerentur,
942 1802 973 1827 et
996 1797 1150 1829 adversus

192 1841 284 1872 illum
307 1845 518 1870 armarentur.
562 1839 608 1870 At
638 1841 766 1880 proprio
796 1839 864 1869 illos
892 1838 997 1879 gladio
1021 1840 1149 1871 tandem

193 1883 332 1924 iugulari
356 1887 493 1921 oportet.
539 1881 756 1921 Quamobrem
781 1892 910 1913 necesse
937 1887 985 1912 est
1007 1893 1059 1913 eos
1082 1893 1146 1914 om-

193 1937 258 1962 nes,
288 1924 403 1965 quibus
434 1924 535 1955 divini
567 1924 654 1956 verbi
686 1925 854 1955 commissa
877 1930 925 1955 est
949 1925 1148 1964 praedicatio,

192 1969 217 2000 si
242 1968 346 1999 officio
369 1977 425 1998 suo
448 1967 541 2007 fungi
564 1967 683 2003 volunt,
704 1967 743 1997 ad
768 1967 1002 1998 humanitatem
1021 1968 1149 2008 quidem

192 2021 261 2042 esse
284 2020 469 2051 propensos,
489 2020 663 2050 eorumque
682 2010 826 2040 omnium
850 2019 1001 2049 quaerere
1014 2011 1149 2042 salutem

193 2055 248 2094 qui
279 2052 340 2084 sibi
369 2052 529 2084 commissi
560 2058 654 2083 sunt:
691 2053 896 2092 graviterque
926 2053 1016 2092 angi,
1051 2064 1148 2093 quum

193 2096 356 2128 doetrinae
379 2106 455 2126 suae
489 2105 695 2135 progressum
719 2100 751 2125 et
773 2094 911 2125 fructum
935 2100 1062 2127 tantum
1085 2107 1148 2127 non

192 2138 303 2170 vident
325 2144 483 2178 quantum
507 2143 683 2178 sperarant,
713 2143 745 2167 et
775 2137 886 2168 referri
910 2148 967 2177 par
989 2145 1085 2170 esset:
1117 2144 1150 2169 et

193 2187 302 2212 tamen
324 2180 478 2211 adversus
500 2180 681 2220 pertinaces
704 2190 814 2210 severe
844 2190 948 2220 agere,
978 2188 1009 2212 et
1030 2182 1148 2221 imper-

193 2224 322 2255 territos
344 2233 413 2254 esse
436 2224 469 2253 in
493 2222 720 2253 denuntiandis
744 2222 861 2254 divinis
879 2223 1013 2262 iudiciis,
1030 2230 1067 2255 ut
1090 2223 1149 2255 sibi

194 2277 212 2296 a
256 2266 325 2297 Deo
369 2265 556 2296 commissae
598 2265 761 2296 doctrinae
799 2265 1002 2297 autoritatem
1042 2267 1148 2306 palam

194 2308 410 2339 manifestent.
455 2308 562 2348 Atque
586 2307 682 2338 talem
706 2318 738 2338 se
763 2306 895 2339 Samuel
917 2309 1031 2349 gessit:
1057 2309 1147 2341 Sauli

194 2350 263 2391 regi
287 2351 479 2381 denuntians
504 2350 637 2381 Domini
661 2351 773 2389 minas,
795 2350 893 2381 immo
916 2353 1147 2383 exauctoratio-

194 2404 268 2425 nem
291 2397 323 2423 et
346 2393 560 2424 reiectionem.
596 2392 696 2432 Atqui
717 2393 821 2432 prima
843 2393 946 2425 fronte
958 2393 1039 2425 Saul
1062 2395 1146 2435 apud

195 2435 379 2468 Samuelem
406 2435 496 2475 quasi
524 2445 559 2466 re
589 2435 668 2466 bene
699 2442 730 2465 et
759 2445 800 2465 ex
831 2436 962 2467 Domini
996 2438 1148 2469 mandato

193 2484 284 2519 gesta
307 2477 473 2518 gloriatur,
496 2482 530 2508 ut
552 2478 657 2509 solent
679 2477 824 2508 homines
847 2478 886 2510 de
908 2479 974 2510 suis
997 2480 1147 2520 operibus

193 2520 310 2558 efferri,
344 2525 375 2551 et
407 2520 513 2551 nescio
548 2530 643 2560 quam
676 2520 710 2551 111
741 2519 804 2551 11110
832 2521 892 2552 01111
921 2522 1147 2562 perfectionem

193 2562 380 2604 imaginari:
415 2562 684 2603 quemadmodum
707 2570 739 2593 et
768 2563 894 2603 sapiens
915 2564 970 2595 ille
992 2564 1148 2597 Salomon

195 2606 282 2644 dicit,
306 2615 432 2645 semper
454 2609 541 2636 recta
564 2605 666 2637 videri
689 2604 871 2638 hominibus
893 2617 952 2638 sua
973 2617 1085 2648 opera:
1111 2618 1147 2640 ac

859 170 906 201 IN
930 170 956 201 Ι.
980 169 1067 202 LIB.
1093 168 1289 202 SAMUEL.
1313 170 1410 202 OAP.
1435 170 1509 201 XV.

2105 177 2166 209 102

1205 264 1231 294 si
1255 263 1375 295 iudices
1397 263 1430 294 in
1453 274 1512 294 sua
1535 275 1630 296 causa
1651 266 1876 305 adhibeantur,
1900 278 1933 299 se
1956 268 2016 300 sibi
2037 279 2163 301 summa

1205 305 1299 337 laude
1324 306 1440 346 dignos
1463 317 1589 346 semper
1613 308 1723 340 videri.
1770 309 1879 348 Quare
1909 311 1962 350 qui
1995 318 2121 343 tantum
2145 323 2163 344 a

1205 349 1315 379 limine
1340 348 1400 379 Dei
1425 349 1548 380 cultum
1574 350 1728 388 salutarit,
1753 353 2012 391 religiosissimus
2035 355 2093 386 sibi
2114 356 2161 386 vi—

1205 391 1341 428 debitur,
1365 390 1535 430 Deumque
1563 392 1753 425 demcritus:
1777 396 1829 434 qui
1854 395 2014 427 laudabile
2033 397 2159 437 aliquod

1206 434 1328 465 facinus
1351 435 1496 474 gesserit,
1520 436 1642 466 etiamsi
1668 437 1744 468 vitio
1768 448 1831 468 non
1856 444 1972 477 careat,
2003 439 2105 479 gloria
2130 448 2160 471 et

1205 476 1440 516 praedicatione
1475 487 1524 513 se,
1559 478 1684 509 reiectis
1716 490 1734 510 a
1769 486 1858 521 tergo
1900 482 2000 521 vitiis,
2041 483 2160 521 efferet,

1206 529 1360 558 suamque
1385 519 1536 549 virtutem
1562 521 1695 552 mirifice
1720 523 1924 561 praedicabit,
1951 531 1981 554 et
2006 525 2160 556 terminos

1205 562 1377 592 modestiae
1397 562 1564 592 transiliet.
1600 562 1648 593 Ita
1672 575 1704 594 se
1729 566 1809 600 ‚uerit
1832 565 1890 598 hoc
1913 566 1980 597 loco
1994 567 2081 598 Saul.
2117 568 2160 599 Et

1205 614 1281 635 sane
1305 610 1431 643 poterat
1454 604 1507 635 ille
1531 604 1655 644 quidem
1677 617 1751 637 vere
1770 608 1883 648 dicere,
1903 619 1935 640 se
1948 608 2019 640 Deo
2040 620 2158 641 morem

1205 647 1356 687 gessisse:
1382 647 1637 686 quandoquidem
1662 660 1694 679 00
1717 649 1753 680 ad
1779 651 1840 681 iter
1863 652 2055 688 accinxerat,
2079 653 2158 683 mili-

1205 696 1331 728 temque
1366 689 1446 719 mira
1481 690 1617 729 quadam
1652 691 1812 723 celeritate
1846 695 2093 734 conscripserat,
2127 702 2159 726 et-

1204 731 1402 763 Amalecitas
1415 732 1653 772 proscripserat,
1677 745 1773 774 seque
1793 736 1824 765 in
1844 736 1903 768 hoc
1922 736 2004 768 bello
2027 741 2158 769 strenue

1204 781 1362 814 gesserat3
1387 775 1419 804 in
1444 773 1501 806 his.
1527 776 1666 814 inquam,
1690 777 1836 809 omnibus
1861 789 1936 809 vere
1955 780 2060 819 potuit
2080 780 2158 812 Saul

1204 828 1237 847 se
1252 816 1320 847 Deo
1341 817 1537 856 morigerum
1558 818 1655 849 fuisse
1678 820 1867 858 praedicare.
1904 821 2026 853 Verum
2050 828 2158 854 tamen

1205 869 1312 899 regem
1341 866 1453 890 contra
1483 859 1544 890 Dei
1575 869 1777 901 praeceptum
1809 865 2002 894 reservavit:
2034 866 2065 896 in
2096 876 2158 905 quo

1204 903 1344 942 primum
1358 902 1500 941 graviter
1519 902 1558 933 ab
1578 903 1630 933 illo
1645 911 1807 943 peccatum
1832 913 1888 937 est.
1920 906 2047 938 Deinde
2067 918 2158 948 prae-

1204 945 1276 976 dam
1312 955 1351 975 ex
1386 945 1502 984 opimis
1537 945 1650 977 ovibus
1683 953 1712 977 et
1743 947 1839 979 bobus
1870 949 1995 986 fecerat,
2030 960 2157 981 causam

1204 987 1333 1027 quidem
1363 987 1539 1026 speciosam
1571 989 1708 1020 afferens
1737 997 1770 1020 ut
1796 991 1862 1022 Deo
1897 992 2155 1024 immolarentur:

1204 1030 1269 1065 sed,
1299 1036 1334 1060 ut
1362 1029 1474 1060 demus
1508 1031 1684 1070 simplicem
1719 1039 1746 1062 et
1776 1040 1897 1064 rectum
1930 1036 2026 1066 fuisse
2057 1036 2157 1075 ipsius

1204 1073 1355 1108 animum,
1381 1078 1411 1102 et
1430 1073 1463 1103 111
1478 1073 1537 1103 Dei
1557 1074 1678 1104 cultum
1699 1085 1900 1114 propensum,
1925 1083 2030 1108 tamen
2048 1084 2158 1109 contra

1203 1115 1263 1146 Dei
1280 1121 1485 1154 praeceptum
1508 1123 1703 1154 peccaverat.
1739 1117 1812 1155 Sed,
1832 1126 1867 1149 ut
1887 1126 1960 1150 01110
1979 1120 2157 1161 attigimus,

1204 1158 1308 1197 turpis
1332 1158 1467 1188 avaritia
1488 1159 1656 1199 tegebatur
1678 1159 1874 1191 oblationum
1898 1168 1929 1192 et
1953 1163 2157 1194 victimarum

1203 1201 1344 1240 specioso
1375 1202 1514 1231 nomine.
1560 1202 1602 1231 Et
1630 1203 1674 1232 ita
1700 1203 1802 1233 solent
1826 1203 1971 1236 homines
1994 1206 2026 1236 in
2052 1207 2158 1238 varias

1204 1254 1237 1274 se
1261 1244 1379 1273 formas
1403 1250 1537 1279 vertere,
1567 1251 1596 1274 et
1620 1255 1638 1275 a
1661 1252 1746 1276 recta
1777 1246 1828 1277 via
1858 1247 2016 1285 recedere,
2051 1248 2156 1280 Deum

1204 1286 1305 1317 veluti
1329 1286 1450 1316 socium
1475 1286 1674 1323 advocantes,
1698 1294 1729 1318 et
1752 1288 1784 1318 in
1809 1296 1930 1328 partem
1951 1290 2087 1329 praedae
2105 1291 2158 1322 ad-

1204 1329 1376 1359 mittentes.
1433 1328 1511 1359 Esto
1547 1336 1671 1364 tamen,
1705 1330 1783 1361 Saul
1817 1331 1883 1362 solo
1917 1332 2016 1363 divini
2051 1334 2156 1365 cultus

1204 1382 1311 1402 amore
1334 1378 1363 1401 et
1387 1371 1492 1402 studio
1516 1372 1575 1402 has
1598 1373 1734 1411 pecudes
1757 1374 1788 1404 in
1814 1374 1960 1405 victimas
1984 1381 2015 1405 et
2039 1377 2155 1416 gratia-

1204 1425 1275 1444 rum
1307 1414 1446 1445 actiones
1477 1416 1666 1445 reservarit:
1695 1416 1791 1446 stulta
1820 1416 2031 1449 nihilominus
2054 1419 2156 1458 ipsius

1202 1457 1336 1487 intentio
1370 1456 1438 1493 fuit,
1473 1463 1504 1487 et
1538 1458 1626 1488 nullo
1660 1458 1751 1489 modo
1784 1459 1949 1490 toleranda
1982 1462 2155 1499 excusatio,

1202 1510 1296 1539 quam
1320 1500 1387 1539 ipse
1410 1498 1469 1530 sibi
1494 1500 1639 1531 finxerat.
1685 1500 1734 1531 Ex
1766 1512 1827 1540 quo
1855 1501 2007 1534 discimus
2031 1514 2067 1534 eo
2090 1515 2156 1535 ma-

1201 1542 1268 1572 iore
1302 1551 1379 1572 cura
1412 1549 1442 1572 01
1476 1542 1580 1574 studio
1615 1543 1782 1574 nitendum
1816 1544 1847 1574 in
1882 1545 2089 1584 contrarium,
2124 1552 2155 1577 et

1202 1585 1353 1625 quoniam
1388 1591 1451 1615 tam
1493 1585 1649 1624 proclives
1683 1596 1791 1617 sumus
1831 1586 1870 1616 ad
1911 1587 2059 1619 violanda
2092 1588 2155 1620 Dei

1201 1634 1379 1668 praecepta,
1410 1627 1448 1658 ad
1473 1629 1625 1659 amussim
1650 1634 1756 1659 nostra
1779 1629 1969 1668 pensitanda
1992 1631 2084 1670 facta,
2115 1643 2156 1663 110

1201 1670 1275 1710 quid
1311 1678 1429 1700 temere
1463 1678 1608 1709 geratur,
1649 1676 1681 1701 et
1717 1672 1868 1703 adversus
1902 1673 1958 1703 illa
1997 1680 2154 1712 peccetur.

1201 1712 1310 1751 Quare
1333 1723 1432 1752 quum
1457 1719 1579 1744 rectum
1604 1714 1744 1744 animum
1768 1714 1972 1746 habuerimus
1997 1717 2065 1747 Deo
2088 1727 2155 1748 ser-

1202 1755 1318 1791 viendi,
1343 1761 1375 1786 et
1398 1756 1457 1786 rite
1481 1756 1519 1786 ad
1545 1756 1687 1786 divinam
1712 1758 1863 1788 amussim
1884 1767 1942 1789 nos
1965 1759 2155 1798 expenderi-

1201 1809 1287 1835 mus,
1322 1798 1446 1828 nihilne
1480 1799 1678 1838 corruptelae
1713 1800 1893 1837 accesserit,
1933 1807 2055 1831 certum
2097 1810 2155 1840 est,

1200 1840 1296 1871 modo
1319 1851 1359 1871 ne
1383 1841 1474 1871 nobis
1498 1841 1603 1872 fucum
1628 1842 1788 1877 faciamus,
1812 1853 1938 1882 semper
1960 1843 2079 1883 aliquid
2104 1855 2153 1875 re-

1202 1883 1415 1923 prehensione
1440 1883 1571 1923 dignum
1596 1895 1651 1915 nos
1675 1885 1872 1921 inventuros,
1903 1891 1934 1915 et
1963 1896 2028 1916 non
2056 1886 2154 1918 talem

1201 1926 1299 1957 fuisse
1329 1931 1460 1965 tamque
1490 1926 1651 1966 integrum
1682 1927 1829 1958 affectum
1858 1928 1984 1966 qualem
2015 1938 2032 1958 a
2062 1929 2154 1961 nobis

1201 1968 1292 1999 Deus
1322 1969 1467 2008 requirit.
1511 1969 1624 2009 Itaque
1655 1980 1802 2007 magnam
1837 1970 1964 2010 quidem
1996 1971 2154 2003 habemus

1203 2022 1259 2042 nos
1293 2021 1399 2042 coram
1430 2011 1500 2042 Deo
1530 2011 1717 2042 humiliandi
1747 2013 1953 2048 occasionem,
1987 2013 2154 2054 eidemque

1202 2054 1323 2094 gratias
1355 2054 1481 2094 agendi,
1516 2064 1614 2094 quum
1645 2060 1766 2085 rectum
1797 2054 1937 2086 studium
1968 2056 2018 2086 sui
2047 2056 2154 2088 cultus

1201 2097 1292 2127 nobis
1315 2096 1451 2136 largitus
1475 2102 1538 2128 est:
1562 2097 1616 2127 sed
1639 2097 1767 2128 interim
1789 2104 1892 2128 tamen
1915 2099 2153 2137 agnoscendum

1200 2145 1257 2176 est,
1282 2139 1350 2170 Deo
1373 2149 1437 2170 non
1461 2139 1569 2170 deesse
1592 2150 1649 2170 nos
1671 2140 1902 2171 condemnandi
1926 2141 2103 2179 materiam,
2128 2143 2155 2173 si

1200 2182 1278 2213 velit
1301 2181 1334 2212 in
1358 2192 1489 2222 operum
1514 2187 1697 2213 nostrorum
1723 2183 1993 2221 imperfectionem
2023 2183 2152 2215 intueri.

1200 2224 1406 2264 Quapropter
1434 2235 1534 2265 apage
1564 2224 1750 2255 meritorum
1780 2225 1950 2263 somnium,
1978 2226 2070 2264 quale
2092 2227 2153 2257 sibi

1200 2268 1343 2307 papistae
1367 2267 1504 2308 fingunt,
1527 2267 1581 2307 qui
1601 2267 1712 2298 officiis
1726 2267 1830 2297 Deum
1851 2267 2006 2299 demereri
2025 2276 2151 2308 putant,

1200 2317 1232 2340 et
1255 2321 1312 2350 pro
1335 2320 1465 2340 suorum
1490 2320 1621 2349 operum
1653 2310 1775 2340 ratione
1802 2311 1979 2341 mercedem
2003 2312 2153 2351 consequi

1200 2352 1324 2384 volunt.
1373 2351 1481 2391 Quum
1511 2358 1620 2383 contra
1650 2352 1676 2382 si
1711 2357 1821 2383 nostra
1853 2362 1948 2392 opera
1982 2352 2153 2393 diligenter

1200 2394 1420 2435 expendamus
1451 2394 1518 2425 sine
1547 2394 1618 2424 fuco
1649 2400 1679 2425 et
1712 2394 1923 2431 simulatione,
1958 2395 2012 2426 illa
2042 2396 2153 2428 multis

1199 2438 1332 2469 maculis
1356 2442 1387 2468 et
1410 2437 1495 2467 vitiis
1511 2437 1622 2467 vitiata
1646 2442 1676 2467 et
1699 2443 1847 2476 corrupta
1865 2437 2153 2477 deprehendamus.

1199 2479 1417 2519 Quamobrem
1442 2479 1525 2509 absit
1547 2478 1659 2518 procul
1681 2490 1699 2509 a
1721 2478 1811 2510 nobis
1833 2480 1939 2511 inanis
1962 2480 2025 2511 ista
2043 2480 2153 2513 Saulis

1200 2522 1360 2563 gloriatio:
1385 2521 1459 2552 Feci
1481 2521 1559 2560 quod
1581 2520 1737 2552 Dominus
1753 2523 1929 2561 praecepit.-
1959 2522 2016 2554 sed
2046 2524 2153 2563 potius

1200 2565 1354 2597 dicamus:
1380 2563 1477 2594 Volui
1500 2562 1628 2603 quidem
1647 2563 1729 2603 quod
1748 2563 1842 2595 iussit
1861 2565 2019 2597 Dominus
2038 2567 2152 2605 facere,

1199 2617 1312 2639 verum
1335 2616 1396 2646 quo
1415 2606 1546 2646 propius
1564 2613 1682 2637 metam
1702 2606 1847 2647 attigisse
1865 2608 1945 2638 mihi
1965 2608 2052 2640 visus
2069 2619 2159 2647 sum,

1920 2657 1951 2683 7.
