2551 3044
260 209 316 239 721

258 301 425 333 ficationis.
450 301 516 332 Nos
541 302 576 331 iis
600 301 708 339 itaque
730 304 899 331 contentos
911 311 980 331 esse
993 305 1118 340 oportet
1138 311 1220 340 quae

258 343 320 375 Dei
344 344 443 374 verbo
466 344 555 374 nobis
579 342 775 378 revelantur,
799 348 831 372 et
850 348 958 374 tamen
977 353 1040 373 non
1062 343 1221 375 caecutire

259 386 297 416 ad
321 396 357 416 ea
380 386 498 417 iudicia
521 395 602 424 quae
625 385 655 415 in
670 385 779 415 eodem
799 385 896 416 verbo
913 385 1072 424 patefacit.
1098 384 1220 423 Quem-

257 427 428 459 admodum
454 428 486 458 in
507 426 616 458 Saulis
636 431 738 457 morte
759 427 876 458 iustam
897 427 1100 458 crudelitatis
1119 427 1220 466 ipsius

257 470 557 501 condemnationem
582 468 673 499 Deus
703 469 845 507 exhibet,
876 475 908 500 et
934 468 1042 500 Saulis
1070 469 1219 509 despera—

258 513 395 549 tionem,
438 522 508 542 cum
552 511 739 551 arrogantia
772 518 803 541 et
843 512 1004 551 pervicaci
1045 511 1220 543 rebellione

257 555 475 585 coniunctam:
501 563 583 593 quae
606 553 758 592 quoniam
782 555 903 585 nostris
922 554 1023 585 oculis
1047 555 1113 593 ipse
1127 553 1220 585 Deus

256 596 394 632 subiicit,
424 595 542 626 leviter
572 596 748 634 praeterire
779 606 883 636 neque
914 608 1083 636 possumus
1115 607 1219 635 neque

257 638 417 669 debemus.
444 636 522 669 Saul
544 638 645 677 igitur
658 638 801 669 moriens
821 639 939 669 iustam
953 639 1132 669 mercedem
1146 649 1218 678 per-

255 681 331 720 cipit
361 690 437 711 suae
465 680 665 711 crudelitatis
691 680 724 710 in
754 681 925 712 innocente
953 681 1081 713 Davide
1110 691 1218 720 perse-

254 721 395 762 quendo:
433 727 465 753 et
494 722 525 753 11]
557 723 815 762 desperationem
847 724 982 754 veniens
1013 723 1155 754 ostendit
1185 734 1219 755 se

254 775 318 795 non
342 765 485 805 potuisse
504 765 612 795 'coram
638 765 706 796 Deo
736 765 838 801 deiici,
870 767 961 797 euius
992 766 1110 796 iustum
1136 766 1217 796 iudi-

253 807 337 838 cium
368 817 541 847 agnoscere
570 807 717 843 debebat,
750 813 782 838 et
812 809 904 838 fateri
934 819 968 838 se
998 808 1132 848 dignum
1163 809 1218 847 qui

253 849 552 881 incircumcisorum
571 849 722 880 manibus
742 850 946 890 plecteretur,
966 856 1061 890 atque
1080 851 1125 881 ita
1145 861 1216 881 cum

252 892 382 922 silentio
403 899 435 923 et
459 892 612 931 patientia
638 892 766 923 divinae
791 893 952 924 vindictae
970 893 1126 924 iustitiam
1142 893 1217 924 sub-

252 935 308 964 ire.
356 933 420 965 Sed
455 940 611 973 tanquam
650 935 802 966 immanis
833 940 863 965 et
894 935 984 966 ferox
1014 935 1121 967 bellua
1151 945 1214 966 non

251 977 354 1016 potuit
377 977 416 1007 ad
440 977 549 1008 Deum
580 983 748 1017 assurgere
772 977 805 1007 in
830 979 929 1009 tantis
952 978 1126 1017 angustiis:
1159 989 1216 1009 nec
1241 1014 1243 1024 ἴ
1330 1018 1351 1048 h
1414 1019 1444 1049 'l'
1489 1020 1493 1025 ¹

1242 1032 1243 1039 1
1269 1025 1298 1047 et
1354 1029 1421 1049 111111
1439 1029 1506 1050 rari.

250 1020 284 1049 in
309 1019 499 1050 memoriam
523 1029 684 1057 revocare,
715 1019 807 1050 nefas
831 1031 899 1051 esse
925 1021 974 1060 pio
1000 1020 1123 1050 homini
1147 1021 1216 1051 vio-

250 1061 356 1093 lentas
375 1062 435 1093 sibi
449 1072 565 1092 manus
586 1062 715 1099 inferre,
737 1067 768 1092 et
786 1062 948 1102 patienter
959 1063 1215 1102 exspectandum

250 1104 374 1135 exitum
398 1115 491 1144 quem
516 1104 584 1144 ipse
609 1105 698 1134 Deus
723 1104 823 1135 daret.

335 1146 427 1186 Quae
450 1157 549 1186 quum
578 1147 611 1177 in
637 1146 736 1178 Saule
766 1147 936 1186 conspicua
965 1148 1044 1185 sint,
1076 1147 1152 1186 quid
1177 1147 1215 1177 de
1240 1168 1242 1173 »

249 1190 351 1229 ipsius
376 1190 482 1220 anima
511 1195 581 1229 post
611 1194 747 1220 mortem
779 1191 895 1220 factum
926 1190 967 1221 sit
991 1197 1098 1221 tamen
1122 1190 1213 1230 igno-

249 1242 367 1268 ramus,
392 1236 424 1262 et-
445 1231 580 1263 ulterius
604 1232 769 1271 inquirere
793 1232 882 1262 nefas
906 1236 970 1263 est:
1001 1232 1061 1263 etsi
1085 1233 1214 1263 videtur

248 1274 353 1314 magis
376 1284 394 1304 a
425 1274 493 1305 Deo
524 1273 704 1310 derelictus,
735 1274 820 1314 quod
853 1276 1028 1305 veneficam
1059 1274 1148 1305 illam
1179 1276 1212 1305 in

248 1316 407 1356 angustiis
430 1317 659 1348 consuluisset:
684 1316 754 1348 Deo
778 1328 873 1356 saepe
895 1318 940 1348 sie
963 1322 1129 1357 peceatum
1154 1317 1206 1348 ali·

246 1359 332 1398 quod
359 1369 416 1398 per
448 1359 533 1390 aliud
565 1359 731 1399 puniente.
776 1359 884 1399 Atque
916 1360 975 1390 1100
1004 1370 1064 1390 1105
1087 1360 1212 1391 Paulus

247 1401 348 1438 docet,
377 1411 431 1432 eos
463 1412 578 1441 nempe
609 1402 663 1441 qui
686 1400 757 1432 Deo
782 1402 924 1433 debitum
957 1402 1111 1433 honorem
1147 1413 1210 1433 non

246 1443 475 1481 exhibuerunt,
499 1444 735 1484 quiqueipsum
749 1445 866 1475 iniuste
880 1445 984 1485 gloria
1002 1455 1060 1475 sua
1084 1444 1210 1475 frauda-

248 1489 334 1523 runt,
358 1486 393 1516 in
417 1496 548 1517 sensum
573 1486 745 1526 reprobum
770 1487 893 1523 coniici,
918 1492 955 1518 ut
978 1487 1051 1517 boni
1078 1493 1109 1517 et
1132 1488 1210 1518 mali

245 1528 416 1559 discrimen
442 1528 581 1568 amplius
606 1540 668 1560 non
693 1530 900 1565 constituant,
925 1535 956 1560 et
979 1530 1067 1560 omni
1089 1529 1210 1569 pudore

244 1570 367 1601 abiecto
390 1571 422 1601 11]
448 1571 583 1610 quodvis
607 1571 732 1603 facinus
755 1572 861 1602 instar
889 1571 1061 1603 brutorum
1085 1573 1208 1603 ferren—

243 1617 306 1644 tur.
351 1613 447 1644 Hane
470 1613 650 1644 mercedem
683 1625 700 1644 a
724 1614 795 1645 Deo
826 1615 961 1645 referre:
993 1614 1078 1654 quod
1108 1615 1209 1654 ipsius

242 1655 390 1695 exemplo
404 1654 513 1687 Saulis
538 1656 572 1686 fit
593 1656 683 1687 nobis
703 1657 920 1696 conspicuum.
946 1657 1029 1688 Nam
1049 1657 1089 1688 ad
1101 1658 1208 1696 priora

241 1698 366 1738 flagitia
388 1698 474 1729 istud
495 1703 650 1738 tanquam
670 1699 837 1730 cumulum
859 1699 984 1735 adiecit,
1010 1704 1044 1730 ut
1056 1699 1095 1730 ad
1109 1710 1208 1730 vene-

240 1740 334 1771 ficam
365 1740 556 1781 confugiens
587 1752 656 1772 sese
683 1741 809 1772 diabolo
840 1742 1042 1781 permiserit,
1072 1741 1208 1781 ideoque

240 1783 356 1813 merito
368 1783 432 1813 iam
447 1783 558 1814 divino
581 1784 700 1814 iudicio
723 1784 901 1824 obstupuit,
926 1794 1030 1824 neque
1053 1785 1208 1824 cogitavit

239 1834 257 1854 a
281 1835 343 1864 quo
374 1825 484 1856 fuisset
514 1826 547 1856 in
577 1826 699 1857 mundo
722 1827 905 1864 collocatus,
938 1832 970 1857 ct
992 1828 1084 1858 euius
1114 1828 1205 1858 iussu

239 1867 423 1898 exeundum
435 1873 519 1898 esset
531 1878 571 1898 ex
580 1868 658 1908 ipso:
672 1869 727 1899 sed
741 1876 894 1909 tanquam
909 1869 1058 1909 stupidus
1070 1870 1206 1901 rationis

238 1909 343 1940 lucem
373 1911 496 1947 amisit,
527 1916 559 1941 et
586 1920 658 1941 eum
690 1916 820 1951 stupore
851 1913 991 1943 furorem
1024 1911 1205 1943 admiscuit.

238 1951 326 1982 Hine
350 1952 520 1990 discamus,
552 1959 587 1983 ut
611 1960 722 1984 monet
753 1954 930 1993 apostolus,
958 1954 1095 1986 sollicite
1117 1956 1202 1986 inee-

238 1993 323 2030 dere,
347 1994 518 2035 Deumque
537 1995 674 2027 assiduis
693 1996 840 2036 precibus
853 2007 975 2037 rogare,
1003 2002 1036 2027 ut
1049 1997 1204 2036 quamdiu

238 2047 298 2067 nos
328 2037 362 2067 in
391 2037 442 2068 his
472 2038 567 2069 terris
593 2048 665 2069 esse
689 2038 836 2077 voluerit,
867 2050 924 2070 suo
955 2040 1072 2079 spiritu
1102 2045 1202 2080 regat,

237 2079 443 2119 gratiamque
466 2079 632 2120 largiatur,
662 2085 698 2112 ut
720 2091 847 2121 semper
877 2082 1034 2113 inoffenso
1058 2082 1139 2122 pede
1162 2083 1201 2113 ad

237 2122 435 2160 propositam
458 2122 550 2153 nobis
580 2123 764 2154 felicitatem
788 2134 965 2155 curramus.
997 2124 1046 2156 Ac
1070 2126 1095 2156 si
1119 2125 1201 2156 forte

237 2163 271 2193 in
295 2164 422 2194 easdem
450 2175 529 2204 quas
553 2164 633 2196 Saul
665 2167 832 2206 angustias
862 2172 894 2197 et
923 2166 1127 2198 difficultates
1151 2168 1200 2198 in-

237 2205 421 2244 ciderimus,
443 2206 551 2238 Deum
570 2208 786 2246 consulamus,
811 2214 843 2239 et
861 2210 935 2249 quid
956 2220 1037 2249 opus
1056 2210 1140 2241 facto
1159 2211 1201 2241 sit

237 2258 277 2278 ex
299 2247 369 2287 ipso
392 2248 571 2280 discamus:
594 2260 732 2290 eumque
745 2261 897 2292 rogemus
915 2257 952 2283 ut
965 2252 1049 2283 viam
1066 2253 1200 2292 aperiat,

237 2294 270 2320 et
300 2290 421 2321 exitum
454 2291 545 2322 nobis
574 2293 756 2332 patefaciat.
802 2294 938 2325 Interim
962 2305 1068 2326 coram
1099 2296 1201 2335 ipsius

237 2333 406 2363 maiestate
419 2333 463 2364 sie
475 2333 664 2365 deiiciamur
676 2340 708 2365 et
720 2335 941 2374 humiliemur,
962 2342 999 2367 ut
1011 2348 1201 2377 quocunque

238 2375 351 2405 mortis
374 2385 492 2415 genere
512 2386 569 2406 nos
588 2386 738 2408 exercere
753 2379 801 2409 vel
822 2379 938 2418 punire
952 2380 1098 2419 voluerit,
1121 2380 1200 2411 illud

237 2418 346 2447 subire
370 2418 474 2456 parati
498 2417 608 2449 simus.
649 2419 830 2459 Prophetas
853 2427 885 2452 et
914 2422 1075 2461 apostolos
1109 2423 1201 2454 nobis

237 2459 270 2490 in
284 2460 469 2499 exemplum
493 2470 723 2501 proponamus,
747 2472 885 2501 quorum
903 2464 1094 2496 afflictiones
1108 2470 1203 2496 notae

237 2508 324 2540 sunt,
355 2508 388 2532 et
411 2513 473 2542 quo
497 2502 651 2534 dedecore
675 2509 706 2533 et
734 2504 866 2535 infamia
897 2506 962 2537 sint.
985 2507 1025 2537 ab
1047 2506 1202 2546 improbis

238 2543 423 2576 hominibus
447 2545 555 2576 affecti
577 2546 804 2585 conspicuum:
829 2547 914 2586 quod
939 2548 991 2578 alii
1015 2549 1050 2579 in
1073 2549 1203 2580 vincula

238 2586 384 2625 coniecti,
413 2586 467 2618 alii
491 2588 596 2627 eapite
618 2588 712 2625 caesi,
737 2588 793 2618 alii
817 2588 960 2628 lapidati,
984 2591 1040 2621 alii
1063 2591 1202 2629 dissecti,

239 2628 294 2659 alii
317 2628 458 2660 ludibria
481 2630 618 2670 experti,
649 2630 704 2661 alii
734 2632 898 2669 excoriati,
929 2632 981 2663 alii
1005 2632 1076 2664 aliis
1099 2634 1203 2665 modis

343 2678 452 2705 Calvina·
463 2687 553 2713 opera.
579 2680 640 2707 Vol.
652 2680 749 2708 XXX.

912 208 957 238 IN
981 207 1006 238 Ι.
1032 208 1118 239 LIB.
1143 208 1343 239 SAMUEL.
1368 210 1466 240 CAI’.
1490 209 1622 242 XXXI.

2178 215 2239 246 722

1246 305 1247 310 ¹
1273 302 1355 331 male
1387 302 1497 339 habiti,
1528 303 1700 335 nobiliores
1732 304 1806 335 inde
1836 305 1909 336 faeti
1934 311 2013 336 sunt
2037 312 2068 337 et
2094 306 2239 345 ipsorum

1274 343 1430 381 patientia
1461 346 1644 376 nobilitata:
1676 357 1756 386 quae
1788 357 1866 377 vera
1896 354 1971 378 sunt
1999 349 2058 378 Dei
2086 349 2239 388 insignia,

1273 385 1388 424 quibus
1413 387 1444 416 in
1465 387 1543 426 ipsis
1567 387 1739 427 glorificari
1759 389 1869 425 voluit,
1895 395 1926 420 et
1947 390 2039 430 longe
2060 391 2240 430 insigniora

1246 439 1247 445 ¹
1273 427 1439 466 quibusvis
1465 440 1575 469 regum
1599 431 1734 470 sceptris
1755 438 1787 461 et
1806 433 1940 468 coronis,
1965 433 2239 472 quemadmodum

1274 469 1341 507 ipse
1360 470 1482 501 Paulus
1507 482 1564 501 1105
1588 473 1722 511 pulchre
1743 473 1844 504 decet.
1866 474 1949 504 Nam
1971 475 2113 512 obsecro,
2137 486 2237 514 quum

1273 512 1356 542 caesi
1371 513 1556 551 prophetae,
1581 515 1629 544 vel
1655 514 1782 546 dissecti
1799 515 1847 545 vel
1868 516 1955 546 inille
1969 516 2117 547 ludibriis
2131 518 2237 549 affecti

1273 564 1289 583 a
1305 554 1435 593 regibus
1459 560 1512 585 aut
1539 557 1688 595 tyrannis
1707 557 1849 595 fuerunt,
1873 559 2004 597 quinam
2025 570 2134 589 eorum
2151 560 2236 599 apud

1274 595 1378 626 Deum
1410 597 1531 628 maiore
1561 598 1592 627 in
1625 599 1729 637 pretio
1760 599 1910 639 fuerunt,
1948 612 1988 631 an
2020 602 2073 640 qui
2107 608 2237 641 propter

1272 638 1374 676 ipsius
1399 649 1515 669 nomen
1541 641 1623 670 eaesi
1649 648 1679 671 et
1704 642 1812 673 afflicti
1844 647 1931 681 sunt,
1963 652 2003 673 an
2029 644 2081 682 qui
2108 650 2238 682 propter

1272 680 1429 712 maleficia
1448 680 1599 721 deinceps
1620 683 1750 721 puniti?
1776 684 1897 715 Fidelis
1918 691 1966 716 est
1989 685 2123 716 istorum
2138 697 2236 725 expo-

1271 722 1350 753 sitor
1384 723 1523 760 Paulus,
1558 735 1656 763 quum
1693 726 1850 764 gloriatur
1883 737 1943 757 sua
1976 727 2106 758 vincula
2142 729 2238 759 fuisse

1272 764 1450 796 nobilitata.
1486 766 1596 804 Quare
1620 767 1646 797 si
1674 767 1762 798 Deus
1785 769 1869 799 volet
1894 780 1951 800 nos
1973 780 2031 809 pro
2055 770 2156 809 ipsius
2180 782 2235 801 no-

1271 807 1358 837 mine
1383 808 1480 838 variis
1502 808 1606 839 >modis
1630 811 1800 841 excerceri.
1832 817 1862 841 et
1889 818 2043 851 tanquam
2067 812 2156 843 sures
2181 819 2237 844 aut

1270 848 1412 880 latrones
1446 850 1484 880 ad
1520 860 1640 889 poenas
1676 851 1777 889 trabi,
1818 860 1953 884 mortem
1995 860 2139 885 nostram
2175 856 2235 894 ipsi

1270 891 1482 923 nihilominus
1505 894 1677 932 pretiosam
1703 905 1771 924 esse
1794 896 1943 932 sciamus,
1968 901 2004 926 ut
2027 896 2179 928 doeemur
2201 898 2235 928 in

1270 934 1409 972 psalmis.
1458 934 1631 968 Caeterum
1663 937 1716 974 qui
1747 945 1878 976 propter
1906 938 2066 969 maleficia
2101 940 2234 972 meritas

1269 986 1387 1014 poenas
1411 977 1514 1014 luunt,
1540 977 1614 1008 hine
1638 983 1735 1008 etlam
1761 979 1908 1010 discunto
1928 991 2035 1011 coram
2050 981 2121 1012 Deo
2141 981 2235 1013 deiici

1548 1019 1629 1050 Nam
1663 1028 1785 1051 eertum
1817 1028 1863 1051 est
1893 1023 1967 1059 fore,
2003 1029 2037 1053 ut
2061 1024 2086 1054 51
2112 1034 2236 1056 eorrec-

1269 1062 1387 1091 tionem
1407 1072 1468 1100 qua
1488 1061 1606 1092 debent
1623 1063 1777 1101 patientia
1798 1065 1911 1100 ferant,
1932 1065 2076 1105 ipsorum
2097 1065 2234 1098 dedecus

1272 1103 1358 1134 Deus
1388 1103 1491 1134 deleat
1523 1114 1629 1135 coram
1652 1105 1719 1136 suis
1743 1106 1877 1146 angelis,
1909 1113 1939 1137 et
1970 1118 2055 1137 mors
2079 1109 2234 1147 ipsorum,

1268 1146 1327 1175 etsi
1359 1146 1466 1186 aliqua
1497 1157 1568 1177 cum
1601 1147 1779 1186 ignominia
1815 1150 2000 1186 coniuncta,
2043 1156 2149 1180 tamen
2191 1152 2234 1182 sit

1270 1188 1479 1219 honorabilis:
1523 1193 1554 1219 et
1589 1190 1614 1219 si
1651 1196 1778 1229 peecata
1815 1201 1873 1221 sua
1908 1193 2132 1230 confiteantur,
2168 1204 2232 1224 non

1268 1230 1384 1260 imitati
1421 1230 1552 1262 Saulem
1589 1232 1620 1261 in
1658 1243 1714 1262 sua
1750 1234 1965 1270 contumacia,
2008 1245 2065 1273 pro
2100 1242 2232 1267 aeterna

1267 1273 1454 1304 confusione
1473 1279 1505 1304 et
1524 1275 1635 1313 poenis
1654 1284 1732 1314 quas
1752 1275 1967 1313 merebantur,
1988 1277 2126 1315 gratiam
2146 1277 2230 1317 apud

1268 1313 1373 1345 Deum
1410 1316 1594 1353 inveniant,
1630 1322 1662 1347 et
1696 1317 1947 1348 misericordiam
1983 1328 2230 1358 consequantur.

1266 1356 1353 1388 Hine
1377 1358 1484 1397 itaque
1509 1369 1567 1389 nos
1591 1361 1695 1399 magis
1719 1370 1755 1391 ac
1778 1361 1880 1399 magis
1905 1360 1975 1391 Deo
2005 1364 2231 1393 commendare

1266 1399 1435 1437 discamus,
1468 1406 1499 1431 et
1530 1401 1650 1432 maiore
1681 1412 1751 1432 01111]
1777 1402 1992 1434 sollicitudine
2015 1403 2174 1440 incedere,
2199 1409 2232 1435 et

1265 1442 1392 1473 cautius
1418 1444 1578 1483 nosipsos
1609 1444 1786 1483 explorare,
1811 1455 1910 1484 quum
1935 1445 2100 1477 videamus
2131 1447 2229 1478 etiam

1266 1484 1375 1515 multis
1407 1486 1580 1525 contigisse
1603 1486 1750 1523 incautis,
1785 1493 1819 1517 ut
1850 1498 1911 1517 1101]
1938 1488 2066 1527 quidem
2101 1500 2140 1519 ex
2175 1489 2230 1520 de-

1264 1527 1447 1566 speratione
1464 1529 1523 1559 sibi
1538 1539 1654 1559 manus
1673 1530 1850 1565 intulerint,
1876 1530 1931 1560 sed
1956 1531 2126 1570 intercepti
2146 1532 2229 1570 peri-

1263 1568 1344 1600 culis
1368 1569 1413 1600 ita
1436 1581 1469 1601 se
1493 1571 1663 1610 gesserint,
1688 1579 1720 1602 ut
1746 1572 1824 1603 bene
1849 1582 1889 1601 an
1910 1572 1992 1603 male
2014 1573 2145 1603 fecerint
2166 1584 2229 1604 non

1263 1612 1303 1642 sit
1326 1612 1420 1643 facile
1443 1613 1594 1644 iudicare.
1633 1613 1687 1645 sie
1710 1624 1804 1653 saepe
1828 1615 1963 1654 contigit
1987 1622 2020 1645 ut
2045 1615 2078 1645 in
2103 1616 2229 1655 oppidis

1263 1654 1294 1685 vi
1326 1655 1489 1694 occupatis
1523 1656 1674 1687 mulieres
1708 1663 1739 1686 et
1768 1657 1912 1696 virgines
1942 1667 2039 1696 quam
2070 1658 2229 1697 plurimae

1262 1696 1331 1727 sese
1371 1708 1412 1727 ex
1447 1699 1548 1729 muris
1581 1704 1635 1728 aut
1667 1699 1814 1729 fenestris
1843 1700 2037 1739 praecipites
2069 1700 2228 1740 dederint,

1262 1739 1403 1769 incertae
1434 1741 1518 1771 vitae
1551 1747 1607 1770 aut
1637 1742 1756 1775 mortis,
1794 1741 1848 1771 sed
1886 1749 1919 1772 ut
1954 1742 2160 1773 violationem
2197 1749 2229 1773 et

1262 1780 1427 1812 dedecoris
1440 1788 1550 1813 notam
1571 1784 1760 1823 effugerent,
1780 1794 1937 1823 suamque
1955 1785 2137 1815 castitatem
2159 1791 2229 1816 tue-

1261 1830 1383 1861 rentur,
1407 1825 1441 1855 iu
1465 1824 1637 1856 discrimen
1662 1835 1773 1856 mortis
1797 1837 1830 1856 se
1854 1827 2058 1858 coniecerim.
2101 1827 2227 1866 Quibus

1260 1866 1414 1905 periculis
1456 1878 1554 1907 quum
1596 1867 1724 1898 obnoxii
1761 1869 1873 1907 simus,
1911 1869 1968 1911 sub
2004 1869 2128 1899 alarum
2164 1870 2226 1900 Dei

1261 1909 1457 1946 praesidium
1482 1910 1730 1949 confugiendum
1757 1911 1849 1941 nubis
1869 1922 1938 1942 esse
1956 1912 2113 1942 sciamus:
2138 1923 2228 1943 eum-

1259 1961 1319 1990 que
1349 1952 1514 1991 perpetuis
1547 1953 1693 1991 precibus
1728 1952 1969 1984 sollicitandum
2002 1962 2037 1984 ut
2069 1964 2126 1984 nos
2157 1955 2225 1993 ipse

1258 1998 1359 2033 regat,
1383 1999 1415 2024 et
1438 1994 1470 2024 in
1495 1995 1641 2025 adversis
1665 1997 1818 2025 invictam
1844 1996 2033 2035 patientiam
2060 1996 2166 2033 donet,
2193 2003 2228 2028 ut

1257 2042 1415 2075 perpetuo
1447 2045 1573 2068 nestros
1604 2038 1736 2068 affectus
1769 2039 1939 2074 refraenet,
1970 2038 2016 2069 sic
2050 2046 2082 2068 ut
2113 2045 2231 2070 contra

1256 2078 1359 2117 ipsius
1390 2079 1591 2109 voluntatem
1623 2080 1701 2109 nihil
1744 2090 1884 2119 unquam
1922 2081 2135 2120 sucipiamus:
2171 2082 2229 2112 sed

1255 2120 1317 2160 ipsi
1341 2131 1399 2151 nos
1424 2131 1553 2161 semper
1577 2122 1662 2152 ultro
1685 2122 1904 2153 subiici-amus.

1339 2163 1409 2194 Iam
1435 2174 1511 2194 vero
1535 2165 1628 2203 agite,
1653 2167 1702 2195 etc.

1546 2316 1600 2354 H(
1610 2316 1791 2355 >MILIA
1813 2316 1937 2355 CVII.

1342 2382 1369 2412 7.
1410 2382 1552 2413 Viclenies
1580 2385 1680 2413 (tactem
1703 2383 1765 2413 viri
1788 2382 1901 2420 Israel,
1936 2384 1991 2422 qui
2020 2388 2108 2415 erant
2138 2388 2228 2417 trans

1254 2424 1365 2454 vallem
1379 2426 1405 2454 et
1416 2427 1504 2455 trans
1518 2425 1684 2455 Iordanem
1702 2425 1781 2463 quod
1801 2425 1956 2465 fuyz'ssent
1974 2427 2036 2457 viri
2049 2427 2224 2468 Ῑεναϋῑὶέαρ,

1255 2468 1282 2496 et
1304 2466 1386 2505 quod
1408 2469 1549 2497 mortuus
1573 2470 1649 2498 esset
1673 2466 1751 2497 Saul
1781 2470 1808 2498 et
1836 2467 1900 2506 filii
1927 2468 2003 2504 eius,
2033 2470 2226 2508 reliquerunt

1254 2508 1392 2539 civitates
1413 2519 1490 2539 suas
1509 2512 1535 2539 et
1559 2509 1722 2548 fuyermzt:
1752 2513 1958 2549 veneruntqeae
1983 2510 2167 2552 Philistum,
2199 2515 2226 2542 et

1254 2550 1470 2581 habitaverunt
1492 2551 1544 2582 ibi.
1581 2552 1609 2582 8.
1636 2551 1733 2582 Facta
1756 2555 1856 2583 autem
1879 2552 1929 2583 die
1951 2553 2059 2591 altera,
2078 2557 2225 2585 venerunt

1256 2591 1430 2623 Plzilistiim
1458 2595 1491 2623 ut
1525 2593 1731 2632 exspoliarent
1767 2594 1949 2633 interfectos,
1984 2598 2011 2626 et
2043 2596 2224 2627 invenerunt

1257 2634 1345 2673 Saul,
1379 2638 1407 2666 et
1438 2638 1498 2666 tres
1529 2635 1614 2674 filios
1647 2636 1714 2667 eius
1748 2637 1880 2668 iacentes
1912 2638 1946 2668 in
1980 2641 2077 2669 monte
2104 2639 2221 2670 lehoe.
