2551 3044
369 198 409 228 3:1⁸
416 199 428 227 l

371 298 401 321 ct
422 288 635 320 mercenarios
663 296 693 319 et
706 287 860 328 quidquid
880 288 1008 323 saciant.
1032 300 1067 319 uc
1087 288 1328 327 quibuscunque

372 332 474 364 titulis
498 331 676 372 glorientur
699 341 769 362 esse
792 330 1023 362 abominationi
1049 330 1197 361 Duniino.
1244 329 1329 360 Sane

375 386 437 406 non
469 373 585 405 desunt
617 373 712 404 hodie
742 373 794 413 qui
824 384 893 405 sese
924 383 1117 414 magnopere
1149 374 1269 404 iactant
1297 377 1329 402 et

373 422 537 448 ostentant
556 415 736 448 istiusmodi
756 416 857 447 titulis
877 416 1055 457 insignibus
1074 415 1256 455 gloriantes,
1274 413 1330 446 sed
1354 423 1356 430 ·

373 470 451 499 quos
481 459 558 490 satis
589 458 760 490 manifeste
793 458 957 500 redarguit
987 469 1021 490 os
1050 459 1153 498 ipsum
1184 456 1328 488 Domini.
1355 463 1356 469 ¹

375 503 475 533 Porro
509 512 589 542 quae
624 501 662 532 de
696 502 875 541 pastoribus
909 503 992 533 dicta
1025 506 1110 538 sunt,
1148 500 1356 531 communia-

374 552 507 585 possunt
536 545 632 575 etiam
664 554 732 575 esse
760 544 906 585 singuiis,
942 555 998 584 pru
1034 544 1125 574 varia
1152 543 1329 574 officiorum

374 588 500 618 ratione
530 587 569 617 ad
600 597 681 626 quae
710 587 813 618 vocati
843 593 928 618 sunt.
982 586 1035 618 Sic
1067 592 1174 626 patres
1204 592 1330 626 oportet

375 631 492 661 intueri
522 639 616 669 quem
647 629 815 669 dignitatis
841 629 977 669 gradum
1001 640 1018 660 a
1043 629 1110 659 Deo
1133 629 1197 660 sint
1220 638 1329 660 conse·
1354 621 1357 631 ⁵

374 673 474 713 qunti,
500 683 563 703 non
587 677 622 702 ut
645 682 760 712 segnes
783 677 814 702 et
835 672 927 704 otiosi
950 671 1090 708 sedeant,
1114 670 1170 702 sed
1194 677 1229 701 ut
1252 670 1330 701 libe-

376 727 427 747 ros
446 720 561 756 regant
583 714 698 746 affectu
722 720 863 754 paterno.
888 715 1040 754 bonisque
1063 713 1220 753 exemplis
1243 723 1331 753 prae-

375 763 449 789 eant
468 758 556 798 ipsis,
580 758 612 788 in
634 756 694 788 Dei
714 757 828 788 timore
848 758 1016 795 retineant,
1046 756 1182 796 denique
1202 755 1330 786 christi-

375 811 435 832 ane
467 801 574 831 vivere
605 799 748 831 doceant.

374 843 512 883 aliquam
541 842 745 873 autoritatem
775 842 835 873 sibi
872 843 1098 882 imaginentur,
1129 841 1183 872 sed
1214 852 1232 872 a
1261 840 1330 872 Deo

375 897 408 917 se
432 886 535 917 sciant
559 889 686 916 evectos
709 891 740 916 et
764 886 795 916 in
816 885 967 916 tribunali
992 884 1131 915 iustitiae
1150 883 1330 920 collocatos,

375 935 409 959 ut
433 938 490 968 pro
514 927 599 958 virili
624 938 704 967 quae
727 934 803 958 sunt
826 927 922 958 officii
942 928 990 958 sui
1011 935 1116 967 partes
1140 927 1329 958 sustineant.

374 970 475 1002 Verbi
499 970 561 1002 Dei
593 970 756 1002 ministros
779 969 927 1001 similiter
951 969 1207 1001 animadvertere
1231 968 1329 1005 decet,

375 1024 408 1044 se
432 1023 495 1044 non
515 1018 646 1044 vocatos
668 1023 686 1043 a
706 1011 775 1044 Deo
794 1012 834 1044 ad
857 1014 957 1043 otium
978 1018 1010 1043 et
1033 1012 1181 1052 quietcm,
1207 1018 1241 1042 ut
1259 1017 1330 1042 tan-

375 1066 471 1096 quam
499 1055 582 1086 muti
611 1065 707 1086 canes
737 1062 895 1096 torpeant,
930 1055 983 1086 sed
1012 1062 1046 1085 ut
1080 1054 1140 1085 sibi
1170 1054 1330 1085 commissi

375 1098 483 1139 gregis
505 1108 615 1130 curam
640 1098 787 1135 babeant,
817 1098 953 1129 salutem
978 1098 1127 1128 ccclesiae
1149 1097 1214 1128 zelo
1240 1096 1332 1128 velic-

375 1141 476 1172 menti
500 1149 681 1182 procurent,
712 1140 836 1180 Deique
856 1140 990 1181 gloriam
1021 1150 1077 1179 pro
1102 1140 1184 1170 virili
1209 1149 1332 1179 promo-

375 1188 484 1214 veant.
529 1183 600 1215 Hac
630 1183 753 1214 ratione
781 1183 924 1223 singulos
946 1182 1109 1213 admoneri
1133 1192 1262 1213 necesse
1284 1187 1332 1212 est

375 1238 413 1258 ex
450 1227 608 1257 honorum
643 1232 675 1256 et
703 1226 881 1257 officiorum
911 1225 1012 1256 titulis
1046 1224 1122 1264 quid
1153 1225 1201 1256 sui
1235 1224 1330 1256 officii

375 1269 458 1300 ratio
488 1268 637 1308 postulet,
672 1274 707 1299 ut
741 1268 878 1299 fideliter
911 1278 947 1299 eo
980 1268 1165 1308 fungantur,
1200 1267 1332 1307 Deoque

376 1312 452 1343 olim
477 1311 635 1342 rationem
661 1309 792 1341 reddere
815 1311 917 1350 parati
942 1311 1018 1341 sint.

461 1353 527 1385 Sed
550 1358 582 1385 et
600 1352 720 1393 aliquid
743 1354 880 1393 amplius
904 1364 941 1384 ex
965 1353 1023 1383 hoc
1045 1352 1113 1384 loco
1136 1352 1330 1389 discendum,

376 1407 500 1436 nempe,
524 1406 582 1427 nos
603 1396 777 1431 admoneri,
802 1395 1034 1435 providendum
1054 1405 1122 1426 esse
1146 1406 1185 1426 ne
1208 1395 1240 1425 in
1261 1404 1331 1434 pos-

376 1447 480 1470 terum
511 1438 655 1470 doctrina
683 1438 826 1469 veritatis
856 1445 887 1468 et
910 1449 991 1478 pura
1013 1437 1125 1478 religio
1148 1438 1329 1478 sepeliatur.

377 1482 460 1513 Nam
499 1481 697 1521 experientia
737 1479 829 1512 docet
861 1491 956 1520 quam
991 1481 1080 1511 facile
1114 1479 1279 1511 aberretur
1313 1491 1331 1511 a

378 1524 522 1560 veritate,
553 1529 584 1554 et
613 1532 708 1563 quam
739 1522 863 1554 levibus
893 1523 932 1554 de
961 1524 1064 1555 causis
1084 1522 1226 1554 doctrina
1250 1523 1331 1554 veri-

378 1567 453 1598 tatis
479 1565 687 1602 adulteretur,
716 1571 809 1605 prout
840 1566 923 1596 levia
953 1572 984 1597 et
1014 1575 1094 1596 vana
1124 1571 1200 1596 sunt
1230 1565 1330 1596 homi—

378 1619 454 1640 num
475 1609 617 1649 ingenia:
639 1608 718 1639 adeo
737 1614 771 1639 ut
783 1607 988 1648 degustatum
1008 1614 1103 1639 antea
1116 1608 1176 1639 Dei
1196 1608 1330 1639 verbum

377 1659 406 1682 et
431 1651 653 1691 approbatum,
682 1651 790 1681 statim
816 1657 922 1682 tamen
945 1661 985 1682 ex
1008 1650 1154 1682 cordibus
1177 1650 1331 1690 elabatur,

377 1694 439 1725 nisi
462 1693 603 1734 quotidie
626 1694 743 1724 nostris
766 1693 896 1724 auribus
919 1693 1101 1731 instilletur,
1124 1700 1153 1724 et
1173 1693 1226 1724 illo
1246 1693 1331 1724 aedi-

377 1738 520 1768 ficemur.
564 1735 688 1767 Idcirco
718 1735 785 1766 dixi
816 1746 910 1767 verae
942 1736 1106 1776 religionis
1128 1736 1331 1776 propagatio-

377 1789 452 1810 nem
475 1789 602 1810 summa
624 1788 702 1810 cura
725 1785 757 1809 et
779 1778 946 1819 diligentia
965 1778 1150 1810 fovendam:
1174 1779 1255 1809 Nam
1277 1778 1332 1819 qui

377 1827 558 1862 opportuno
601 1826 744 1860 tempore
787 1828 962 1852 sementem
1004 1831 1066 1852 non
1108 1820 1195 1859 facit,
1236 1831 1330 1861 quam

377 1873 514 1896 messem
537 1863 758 1903 exspectabit?
783 1863 890 1895 Nosne
913 1874 989 1903 crgo
1012 1874 1127 1904 segnes
1149 1874 1218 1895 esse
1241 1864 1332 1895 decet

377 1907 410 1938 in
441 1905 585 1938 facienda
614 1911 758 1936 semente
787 1906 1037 1947 incorruptibilis
1061 1912 1092 1937 et
1115 1906 1259 1938 eoelestis
1282 1917 1330 1938 sc-

377 1948 496 1981 minis?
531 1949 645 1988 Itaque
667 1948 876 1980 observemus
900 1959 962 1980 non
987 1959 1056 1980 essc
1079 1948 1254 1986 otiandum,
1276 1959 1330 1979 ne—

377 2002 439 2032 que
477 1991 668 2023 cessandum
697 1991 775 2031 quin
806 1997 983 2022 sementem
1014 1990 1101 2022 illam
1132 1991 1329 2031 spiritualem

378 2035 543 2072 faciamus,
579 2044 618 2065 ne
641 2044 698 2064 nos
721 2040 750 2064 et
774 2039 917 2073 posteros
936 2034 1044 2074 inopia
1062 2033 1124 2064 cibi
1143 2034 1330 2073 spiritualis,

377 2078 430 2116 qui
460 2083 507 2108 est
539 2076 699 2107 Dominus
731 2081 840 2107 noster
877 2076 970 2108 Iesus
1000 2075 1157 2113 Christus,
1189 2076 1330 2107 invadat.

380 2119 514 2151 Scholas
537 2119 636 2159 igitur
663 2119 781 2158 aperiri
804 2124 836 2149 et
859 2118 1003 2150 doctores
1028 2119 1179 2150 constitui
1205 2129 1331 2150 neccsse

379 2169 443 2194 est:
468 2172 542 2192 nam
565 2161 591 2192 si
615 2161 694 2192 haec
717 2161 879 2192 ordinaria
902 2161 1007 2192 media
1030 2161 1276 2201 neglexerimus,
1300 2168 1332 2192 et

379 2205 533 2236 librorum
566 2204 766 2243 aliarumque
794 2214 902 2235 rerum
933 2203 972 2235 ad
1002 2203 1109 2235 studia
1138 2204 1331 2235 neccssaria·
1357 2215 1359 2223 ¹

379 2258 450 2278 rum
469 2257 579 2279 curam
603 2246 823 2285 abiecerimus,
844 2245 959 2286 quibus
981 2245 1170 2278 erudiantur
1192 2252 1223 2277 et
1246 2256 1333 2286 prae-

380 2296 533 2331 parentur
564 2289 664 2320 futuri
695 2289 769 2320 olim
801 2288 929 2320 divinae
959 2289 1134 2321 voluntatis
1163 2294 1269 2325 testea,
1300 2293 1333 2320 et

380 2333 435 2373 qni
458 2332 622 2363 ecclesiam
643 2331 749 2371 aliquo
767 2331 878 2363 ordine
898 2336 1019 2372 regant,
1042 2342 1120 2363 sane
1138 2331 1332 2362 horrendam

380 2375 597 2406 confusionem
622 2374 654 2404 in
678 2373 854 2410 ecclesiam,
885 2380 916 2405 ct
938 2375 970 2405 in
994 2379 1103 2406 nostra
1125 2374 1229 2414 capita
1252 2374 1334 2404 deri·
1358 2393 1359 2397 =

381 2418 536 2449 vabimus.
582 2416 694 2456 Neque
718 2427 792 2447 vero
816 2428 891 2448 sane
915 2417 975 2448 ista
997 2417 1190 2456 perveniunt
1213 2416 1252 2447 ad
1276 2427 1333 2448 nos

381 2509 446 2533 tate
474 2506 622 2533 manant:
652 2502 705 2542 qui
734 2512 800 2532 non
830 2501 900 2533 ideo
930 2508 1037 2533 tamen
1069 2501 1138 2533 vult
1160 2512 1218 2532 nos
1240 2512 1334 2542 agere

383 2544 592 2586 negligenter,
627 2544 682 2575 sed
707 2544 740 2575 in
764 2544 848 2576 hanc
871 2555 982 2576 curam
1005 2543 1116 2576 sedulo
1139 2543 1333 2582 incumbere,

382 2594 417 2618 ut
445 2587 596 2619 sementis
625 2587 714 2627 copia
743 2597 870 2627 semper
901 2588 987 2618 omni
1018 2593 1160 2627 tempore
1190 2585 1335 2619 facienda

384 2631 528 2671 supersit.
575 2629 746 2661 Caeterum
778 2630 879 2661 fateor
908 2629 1035 2671 quidem
1064 2630 1183 2662 frustra
1210 2629 1334 2662 scholas

1169 191 1371 225 HOMILIA
1394 192 1540 225 LXXII.

794 799 848 831 Sic
880 800 1099 840 magistratus,
1128 810 1166 829 ne
1195 800 1330 830 otiosam
1356 820 1357 825 ,

1356 915 1357 919 ,
1382 884 1495 924 punire
1527 891 1649 915 certum
1680 890 1738 921 est,

1356 1119 1357 1137 3
1382 1098 1467 1137 ipsos
1498 1096 1643 1128 ethnicos
1673 1096 1854 1128 idololatria
1883 1097 2032 1129 obtinuit.

1356 2089 1358 2111 ι
1383 2078 1511 2119 speciali
1535 2078 1596 2109 Dei
1619 2078 1733 2119 gratia.

2277 196 2341 229 332

1381 287 1472 326 erigi,
1501 294 1532 318 et
1563 287 1595 318 in
1626 288 1673 318 eis
1703 287 1852 319 fovendis
1876 297 2026 328 magnam
2049 297 2157 320 curam
2181 289 2339 328 adhiberi,

1382 329 1591 369 futurumque
1621 330 1747 361 irritum
1772 330 1922 367 laborem,
1953 331 2014 361 nisi
2038 330 2129 362 Deus
2158 333 2259 363 sancti
2288 333 2339 364 sui

1381 372 1512 411 spiritus
1531 373 1666 412 gratiam
1686 373 1851 413 largiatur.
1877 372 1905 403 N
1909 383 1960 403 am
1979 373 2005 404 si
2023 373 2146 411 domus,
2165 373 2192 405 si
2211 373 2340 416 palatia,

1381 415 1408 445 si
1432 414 1527 445 urbes
1549 414 1763 447 aedificandae
1786 422 1872 451 sunt,
1897 425 2024 447 necesse
2048 424 2095 447 est
2116 422 2266 457 expertos
2288 418 2339 448 vi-

1384 467 1434 487 ros
1457 457 1599 488 aedificio
1618 467 1774 498 praeesse,
1798 459 1851 498 qui
1871 468 1951 497 opus
1970 465 2191 498 promoveant,
2212 463 2245 490 et
2262 459 2340 499 quid

1381 499 1532 539 expediat
1555 499 1752 540 provideant.
1778 501 1832 532 Sic
1855 500 1895 531 ad
1915 501 2091 540 spiritualis
2114 502 2207 533 istius
2225 501 2339 534 domus

1381 541 1642 579 aedificationem,
1667 549 1698 574 et
1721 549 1825 574 terrae
1850 543 1980 574 Domini
2004 544 2265 584 agricolationem
2288 554 2339 575 re-

1382 585 1554 624 quiruntur
1577 584 1682 617 idonei
1704 586 1765 617 viri
1789 586 1843 626 qui
1867 586 1946 617 alios
1967 587 2127 623 crudiant,
2159 587 2212 627 qui
2237 587 2340 618 homi-

1383 637 1440 658 nes
1463 627 1503 658 ad
1527 628 1639 658 salutis
1663 628 1746 659 viam
1771 635 1895 665 vocent,
1919 628 1973 668 qui
1996 629 2030 659 in
2055 629 2180 661 timoris
2203 628 2339 661 Domini

1355 709 1357 715 ἲ
1381 670 1517 701 scientia
1537 671 1640 711 magis
1662 680 1699 702 ae
1717 672 1819 712 magis
1837 671 2045 702 confirment:
2068 682 2149 712 quae
2168 672 2230 704 nisi
2249 671 2339 704 Deus

1383 712 1450 752 ipse
1483 713 1627 752 perficiat
1660 723 1716 753 per
1755 720 1902 745 sanctum
1936 724 2031 745 suum
2065 715 2223 754 spiritum,
2262 725 2340 746 sane

1382 755 1471 786 irrita
1500 762 1605 795 erunt,
1635 755 1689 787 sed
1721 756 1930 787 nihilominus
1960 762 2069 787 tamen
2093 757 2182 788 Deus
2205 757 2341 797 requirit

1383 807 1401 827 a
1421 797 1514 829 nobis
1536 798 1568 829 in
1593 799 1696 830 officio
1718 798 1863 830 faciendo
1886 798 2096 840 diligentiam.
2120 799 2339 839 Quamobrem

1382 840 1466 872 iusto
1491 841 1551 872 Dei
1573 841 1690 873 iudicio
1707 842 1877 882 segnitiem
1897 847 1928 872 et
1947 841 2176 882 negligentiam
2195 847 2340 874 nostram

1781 894 1879 924 quum
1911 890 2001 915 tanta
2038 883 2201 916 barbaries
2238 883 2340 916 eoele-

1382 927 1462 958 siam
1492 926 1640 964 infuscat,
1671 932 1706 957 ut
1729 926 1799 958 falsi
1822 936 1840 957 a
1868 937 1945 958 vero
1969 927 2140 958 discrimen
2164 927 2340 968 ignoretur,

1356 975 1357 1007 ξ
1382 970 1456 1000 iusti
1480 974 1512 999 et
1535 969 1629 1009 aequi
1653 968 1743 1000 nulla
1760 969 1874 1000 notitia
1892 969 2060 1006 habeatur,
2082 975 2188 1001 atrum
2207 970 2246 1002 ab
2266 969 2339 1001 albo

1383 1022 1445 1043 non
1475 1011 1690 1043 discernatur:
1722 1010 1808 1052 quod
1836 1011 1901 1043 illis
1930 1012 2129 1052 temporibus
2161 1013 2194 1043 in
2216 1011 2340 1044 Iudaea

1382 1054 1554 1094 contigisse
1583 1054 1735 1091 videmus,
1765 1054 1799 1085 in
1828 1064 1890 1094 qua
1920 1065 1984 1086 non
2015 1055 2108 1086 aliter
2137 1065 2234 1095 quam
2256 1055 2342 1086 inter

2078 1097 2150 1136 Quo
2183 1107 2260 1129 vero
2288 1097 2341 1129 lex

1383 1140 1494 1170 divina
1523 1146 1590 1170 tum
1621 1138 1816 1170 devenerat?
1863 1139 1902 1170 In
1937 1150 2011 1171 arca
2035 1140 2167 1171 Domini
2191 1139 2342 1172 conclusa

1383 1188 1460 1221 erat,
1491 1182 1581 1213 cuius
1610 1182 1698 1213 iussu
1722 1183 1825 1213 fuerat
1848 1182 1964 1214 ibidem
1995 1182 2157 1214 collocata.
2203 1183 2344 1214 Verum·

1383 1225 1547 1256 enimvero
1574 1225 1659 1256 Deus
1682 1235 1745 1256 non
1768 1225 1906 1256 iusserat
1928 1225 2031 1265 legem
2054 1225 2088 1256 in
2112 1236 2186 1257 arca
2203 1225 2343 1266 sepeliri,

1384 1268 1435 1299 vel
1460 1274 1611 1307 tanquam
1635 1267 1759 1307 aliquas
1783 1267 1933 1308 reliquias
1957 1268 2117 1299 asservari
2141 1274 2173 1299 et
2194 1267 2340 1300 adorari:

1357 1321 1359 1329 ·
1384 1309 1439 1342 sed
1462 1309 1640 1341 doctrinam
1665 1311 1696 1341 in
1720 1320 1757 1341 ea
1779 1309 2042 1350 comprehensam
2066 1311 2099 1341 in
2122 1310 2255 1343 ecclesia
2272 1321 2343 1351 per-

1384 1363 1499 1385 sonare
1540 1352 1740 1384 sacerdotum
1774 1353 1963 1390 ministerio,
2005 1352 2088 1393 quod
2127 1353 2191 1385 illis
2225 1363 2343 1384 munus

1384 1396 1579 1427 iniunxerat.
1602 1394 1668 1427 Sed
1687 1395 1810 1427 desidia
1825 1401 1857 1426 et
1875 1395 2072 1437 negligentia
2084 1396 2193 1436 populi
2212 1396 2342 1434 factum,

1385 1445 1421 1469 ut
1450 1438 1694 1478 superstitiones
1716 1439 1915 1479 irrepserint,
1943 1444 1976 1469 et
2003 1438 2091 1469 idola
2120 1439 2247 1470 invecta
2276 1438 2342 1470 sint

1384 1480 1499 1521 quibus
1529 1480 1587 1512 soli
1617 1480 1688 1512 Deo
1709 1480 1836 1512 debitus
1864 1481 1968 1512 honor
1997 1481 2204 1512 tribueretur.
2248 1480 2345 1512 Hane

1384 1524 1424 1555 ob
1453 1534 1581 1555 causam
1612 1523 1654 1554 D.
1677 1523 1800 1555 Paulus
1822 1523 2030 1555 Timotheum
2061 1522 2263 1563 admonebat,
2294 1523 2343 1554 uti

1385 1567 1475 1598 daret
1504 1576 1634 1606 operam
1671 1577 1712 1598 ne
1740 1566 1921 1607 neophytos
1959 1565 2111 1597 ecclesiae
2141 1566 2343 1606 praeficeret:

1385 1609 1440 1640 sed
1463 1608 1642 1640 doctrinam
1664 1618 1759 1648 quam
1783 1619 1801 1640 a
1823 1619 1857 1640 se
1880 1613 2046 1649 acceperat
2067 1609 2108 1640 iis
2127 1609 2345 1640 committeret

1384 1652 1437 1693 qui
1457 1651 1634 1692 depositum
1658 1651 1795 1683 fideliter
1812 1657 1991 1692 servarent,
2015 1656 2048 1683 et
2066 1650 2201 1683 docendi
2222 1651 2341 1682 donum

1385 1695 1556 1726 haberent:
1591 1700 1626 1725 ut
1655 1693 1707 1725 hic
1730 1694 1901 1726 thesaurus
1921 1695 1955 1726 in
1980 1694 2115 1726 ecclesia
2136 1694 2342 1732 retineretur,

1384 1748 1448 1768 non
1480 1743 1515 1768 ut
1537 1737 1796 1775 absconderetur,
1823 1737 1879 1769 sed
1909 1737 1943 1768 in
1973 1736 2117 1768 fidelium
2147 1746 2243 1768 usum
2265 1746 2342 1768 con·

1383 1784 1570 1811 verteretur.

1467 1823 1570 1854 Porro
1603 1822 1702 1853 fateor
1735 1832 1799 1853 non
1830 1832 1957 1862 semper
1986 1821 2040 1854 ubi
2071 1823 2183 1863 vigent
2213 1821 2343 1854 scholae

1383 1865 1513 1897 retineri
1537 1864 1699 1897 doctrinae
1720 1865 1904 1905 puritatem.
1949 1864 2033 1896 Nam
2055 1865 2090 1896 in
2113 1869 2232 1905 papatu
2253 1863 2342 1896 vide·

1383 1919 1455 1940 mus
1484 1908 1582 1939 fuisse
1610 1906 1735 1939 scholas
1757 1912 1790 1938 et
1819 1917 1873 1939 eas
1896 1907 2024 1947 quidem
2047 1907 2156 1948 magni
2180 1907 2340 1938 nominis:

1383 1950 1438 1982 sed
1461 1960 1596 1991 quarum
1620 1955 1729 1980 tamen
1752 1949 1868 1981 studiis
1888 1950 1977 1982 Deus
2000 1960 2065 1981 non
2083 1948 2258 1981 benedixit.
2282 1949 2342 1980 At-

1383 2004 1442 2033 que
1466 1993 1583 2025 idcirco
1605 1991 1784 2023 notandum
1807 1991 1892 2032 quod
1914 1998 1989 2024 ante
2011 1992 2087 2029 dixi.
2118 2001 2220 2023 vanos
2241 1996 2274 2023 et
2295 1991 2340 2023 ir-

1383 2037 1461 2068 ritos
1491 2046 1559 2067 esse
1589 2035 1757 2067 hominum
1787 2034 1922 2072 labores,
1952 2040 1984 2066 et
2005 2035 2115 2066 inania
2138 2033 2247 2066 studia
2269 2034 2340 2065 sine

1775 2077 1993 2116 Quamobrem
2016 2078 2078 2109 ista
2100 2077 2164 2108 duo
2187 2076 2340 2117 coniungi

1385 2131 1513 2152 neeesse
1543 2127 1600 2159 est,
1630 2130 1745 2160 nempe
1768 2120 1874 2151 Deum
1904 2120 1938 2151 in
1962 2120 2073 2161 primis
2095 2119 2220 2160 precari
2243 2118 2340 2150 debe-

1384 2175 1463 2201 mus,
1495 2169 1528 2194 ut
1551 2163 1578 2195 si
1601 2173 1678 2194 suae
1700 2163 1847 2194 veritatis
1869 2161 2073 2203 splendorem
2101 2166 2134 2193 et
2155 2161 2260 2193 lucem
2285 2171 2340 2193 vo-

1384 2206 1444 2237 luit
1471 2207 1505 2237 in
1535 2206 1652 2237 animis
1682 2207 1800 2237 nostris
1830 2205 1962 2246 fulgere,
1992 2216 2032 2236 ne
2060 2204 2204 2245 patiatur
2226 2208 2336 2236 nostra

1385 2249 1579 2290 negligentia
1619 2255 1649 2280 et
1683 2247 1834 2285 socordia,
1876 2247 1927 2278 vel
1965 2247 2138 2279 rebellione
2161 2247 2337 2287 exstingui:

1385 2291 1499 2322 deinde
1523 2296 1558 2323 ut
1580 2290 1682 2322 sancti
1704 2291 1753 2322 sui
1783 2290 1916 2330 spiritus
1939 2289 2022 2321 dona
2045 2290 2076 2321 in
2101 2299 2161 2321 nos
2183 2296 2215 2320 et
2237 2294 2341 2330 poste-

1385 2344 1435 2364 ros
1458 2341 1622 2375 propaget,
1653 2339 1687 2364 ut
1709 2342 1837 2372 semper
1866 2332 1984 2363 bonum
2009 2342 2116 2364 semen
2139 2332 2267 2363 abunde
2289 2342 2341 2364 su-

1385 2377 1494 2416 persit,
1517 2382 1549 2408 et
1572 2375 1707 2407 fideliter
1729 2385 1811 2415 quae
1834 2375 1938 2406 nostri
1959 2380 2036 2406 sunt
2053 2375 2149 2407 officii
2168 2374 2340 2406 faciamus:

1358 2447 1360 2456 ,
1387 2419 1483 2450 nullis
1507 2419 1644 2459 denique
1667 2417 1847 2458 sumptibus
1871 2427 2047 2458 parcamus,
2072 2417 2188 2458 quibus
2209 2427 2263 2449 eos
2285 2417 2341 2458 qui

381 2460 578 2491 haereditate
603 2459 650 2489 vel
671 2464 873 2497 testamento,
896 2459 951 2491 sed
970 2469 989 2490 a
1007 2459 1147 2500 gratuita
1165 2459 1226 2490 Dei
1247 2458 1334 2490 boni·
1358 2457 1360 2483 ¹,

1385 2460 1518 2492 docendi
1537 2462 1657 2493 donum
1676 2468 1867 2501 acceperunt
1886 2460 2029 2492 honestis
2047 2459 2215 2500 stipendiis
2233 2459 2341 2492 fovea-

1385 2514 1465 2534 mus.
1496 2504 1579 2535 Nam
1602 2509 1678 2534 sunt
1699 2502 1746 2534 illi
1770 2503 1949 2534 sacerdotes
1972 2513 2051 2543 quos
2074 2503 2166 2534 nobis
2188 2502 2278 2533 Deus
2300 2502 2341 2534 ad

1387 2546 1547 2578 doctrinae
1570 2545 1845 2577 conservationem
1871 2545 1934 2584 dat,
1957 2556 1976 2576 a
1998 2545 2113 2586 quibus
2135 2544 2176 2576 ad
2199 2544 2340 2576 officium

1386 2588 1518 2628 quisque
1548 2588 1739 2621 stimuletur.
1785 2588 1867 2619 Nam
1891 2594 2014 2620 attente
2037 2593 2069 2620 et
2091 2587 2263 2628 diligenter
2285 2597 2341 2619 au-

1388 2630 1494 2661 diendi
1514 2638 1598 2670 sunt,
1621 2632 1735 2671 quibus
1758 2631 1891 2663 docendi
1915 2641 2032 2663 munus
2050 2631 2257 2664 commissum
2275 2634 2340 2662 est:
