2551 3044
198 192 258 223 277

196 287 289 326 signa
324 297 399 317 suae
428 286 603 318 maiestatis
632 290 666 316 ut
694 295 762 316 eam
794 284 980 315 horreamus
1010 288 1041 314 et
1064 284 1146 314 refu-

200 330 334 369 giamus,
369 328 423 360 sed
458 329 520 360 illis
553 328 659 368 potius
693 339 750 358 nos
784 326 822 357 ad
856 337 889 358 se
922 326 1077 357 invitare:
1111 336 1146 356 ac

200 371 333 411 proinde
367 372 511 403 homines
541 371 600 402 Dei
624 371 735 401 faciem
759 370 916 410 fugientes
939 369 1093 399 malitiam
1116 372 1146 398 et

200 413 466 454 ingratitudinem
505 424 580 453 erga
622 415 724 443 Deum
757 412 898 452 prodere.
944 410 998 442 Sic
1031 411 1147 441 dicitur

201 456 280 487 saul
314 467 376 487 non
411 462 533 487 tantum
569 456 717 486 metuisse
749 454 810 485 Dei
838 454 1058 494 praesentiam,
1093 452 1147 484 sed

201 500 296 529 ctiam
320 508 414 530 causa
432 505 535 529 metus
555 503 692 536 notatur,
714 497 796 537 quod
816 502 965 537 tanquam
985 495 1146 536 putridum

202 541 378 572 membrum
401 547 558 572 resectum
578 540 660 571 esset
678 551 696 571 a
716 550 854 579 corpore,
875 545 906 570 et
927 549 944 569 a
965 538 1024 569 Dei
1044 538 1147 578 gratia

201 583 379 619 excidisset,
403 590 434 614 et
458 583 602 614 dedecori
626 588 658 613 et
679 583 874 623 ignominiae
892 582 1033 612 omnium
1053 590 1148 620 expo-

199 626 280 656 situs
313 631 406 656 esset.
451 625 558 664 Quare
592 625 696 656 danda
730 625 820 656 nobis
855 634 957 665 opera,
992 628 1024 654 et
1053 633 1147 654 omne

201 667 341 699 studium
373 667 599 706 adhibendum,
632 672 667 698 ut
689 677 787 707 quum
810 667 841 697 in
866 667 955 697 nobis
978 665 1067 696 Deus
1090 666 1147 696 ha-

203 710 359 746 bitaverit,
385 721 423 741 ne
446 716 555 741 nostra
574 710 806 750 ingratitudine
825 709 913 740 illum
932 708 1146 748 expellamus:

200 753 254 783 sed
279 753 374 784 alacri
395 758 499 783 mente
520 763 643 792 semper
664 752 869 792 requiramus,
894 761 989 791 quum
1009 751 1146 781 maxime

202 795 344 826 videmus
367 796 471 835 ipsum
496 794 533 825 ad
554 806 610 826 nos
629 794 777 826 accedere
796 800 827 825 et
845 794 1005 835 fugientes
1024 802 1145 829 vocare,

199 843 233 868 ut
256 837 338 868 dona
362 848 442 877 quae
460 848 499 868 ex
518 847 605 868 mera
624 837 723 876 ipsius
744 837 931 867 liberalitate
949 835 1147 876 percepimus

200 880 301 920 magis
332 890 367 910 ac
398 881 499 920 magis
528 880 560 910 in
592 879 683 910 nobis
713 884 836 919 augeat,
867 879 965 910 donec
995 877 1033 908 ad
1056 888 1146 908 suam

199 923 423 962 perfectionem
454 923 609 953 venerint.
655 921 729 952 Istis
760 922 858 961 igitur
886 931 944 952 nos
973 921 1012 952 ad
1042 921 1146 951 Deum

200 970 322 1004 oportet
340 965 479 1001 invitari,
500 971 536 995 ut
554 964 754 1003 praesentiae
775 964 874 1004 ipsius
892 970 1020 1004 gustum
1035 973 1147 994 verum

200 1007 381 1043 habeamus,
412 1012 443 1037 et
473 1007 618 1038 omnibus
649 1007 765 1037 nostris
787 1007 933 1038 sensibus
957 1016 1028 1037 eum
1051 1016 1147 1045 quae-

199 1060 317 1087 ramus,
347 1049 551 1089 studiumque
580 1048 786 1080 adhibeamus
818 1054 854 1079 ut
876 1050 907 1080 in
931 1048 1020 1080 nobis
1042 1058 1098 1088 per
1122 1059 1146 1079 s.

200 1093 248 1123 sui
282 1093 414 1132 spiritus
447 1093 601 1123 virtutem
636 1091 769 1122 habitet.
815 1092 936 1123 Contra
969 1092 995 1122 si
1029 1101 1047 1122 a
1079 1091 1147 1121 Deo

200 1135 339 1174 separati
368 1135 529 1170 fuerimus,
560 1140 682 1165 certum
713 1140 761 1165 est
792 1134 859 1165 fore
889 1138 924 1165 ut
951 1134 1148 1173 praesentiae

200 1178 300 1216 ipsius
328 1177 434 1208 omnia
464 1177 558 1216 signa
579 1182 760 1207 metuamus
783 1182 812 1207 et
836 1177 1031 1213 horreamus,
1060 1186 1148 1206 enm-

201 1230 263 1259 que
285 1219 395 1260 procul
418 1230 436 1250 a
454 1220 544 1250 nobis
563 1220 716 1250 facessere
735 1219 909 1259 cupiamus,
933 1224 965 1249 et
982 1218 1147 1249 nobiscum

202 1262 280 1292 nihil
311 1261 426 1293 habere
456 1262 586 1301 negotii.
631 1261 737 1293 Saulis
767 1263 950 1300 exemplum
978 1261 1076 1301 igitur
1099 1261 1147 1291 in-

200 1311 355 1341 tueamur,
386 1312 420 1335 ut
449 1315 488 1334 ex
519 1315 554 1335 eo
578 1303 737 1335 discamus
761 1305 793 1334 in
818 1305 876 1334 Dei
901 1304 1014 1334 timore
1036 1304 1147 1334 ambu-

200 1346 276 1384 lare,
310 1352 342 1377 et
373 1348 442 1378 eius
474 1347 609 1387 gratiam
643 1348 687 1377 ita
721 1346 875 1377 demereri
904 1357 943 1377 ne
967 1356 1105 1386 unquam
1130 1356 1148 1376 a

201 1389 290 1420 nobis
314 1389 447 1420 recedat.
491 1389 574 1420 Nam
598 1394 629 1419 et
651 1389 685 1419 in
709 1389 832 1420 Davide
851 1389 1057 1429 contemplari
1076 1399 1147 1428 pos-

200 1442 311 1462 sumus
340 1432 423 1463 idem
451 1432 532 1471 quod
565 1433 616 1462 hic
644 1431 677 1462 in
709 1431 815 1468 Saule,
850 1432 876 1463 si
901 1442 991 1463 voces
1013 1432 1047 1462 in
1070 1442 1147 1470 quas

200 1475 339 1513 erumpit
368 1475 420 1505 Ps.
451 1475 500 1506 51.
532 1474 702 1515 diligenter
725 1474 945 1505 attendamus:
976 1474 1036 1505 etsi
1061 1474 1147 1505 Deus

199 1516 356 1547 Davidem
387 1527 552 1557 nunquam
581 1518 710 1547 omnino
741 1517 879 1548 deseruit
909 1527 1011 1556 neque
1034 1516 1148 1548 abiecit

201 1564 237 1589 ut
267 1558 407 1590 Saulem.
452 1560 533 1590 Nam
565 1560 701 1599 speciale
731 1560 816 1590 istud
847 1566 894 1590 est
925 1559 987 1590 Dei
1010 1559 1148 1590 filiorum

202 1601 413 1642 privilegium,
435 1608 470 1633 ut
491 1613 588 1642 quum
612 1602 806 1633 videbuntur
828 1613 863 1633 eo
888 1612 985 1642 usque
1004 1602 1148 1632 miseriae

201 1643 368 1675 devenisse
386 1650 423 1675 ut
441 1655 459 1676 a
477 1644 546 1676 Deo
566 1644 705 1675 derelicti
728 1644 911 1675 videantur:
935 1650 966 1675 et
984 1650 1149 1684 praeterea

201 1686 417 1725 improborum
453 1687 619 1718 hominum
653 1687 768 1718 risibus
798 1692 829 1717 et
859 1687 967 1718 sannis
998 1693 1147 1726 tanquam

201 1730 300 1760 acutis
330 1729 440 1761 iaculis
470 1734 630 1770 petantur,
659 1731 773 1769 quibus
804 1740 890 1769 spem
916 1729 1026 1760 auxilii
1050 1730 1148 1760 divini

201 1781 239 1801 ex
279 1772 421 1811 ipsorum
459 1773 573 1803 animis
604 1772 708 1803 delere
738 1778 902 1808 conantur,
940 1772 1149 1803 nihilominus

202 1818 309 1844 tamen
339 1815 484 1854 precibus
507 1821 538 1845 et
561 1815 755 1846 orationibus
780 1815 839 1845 Dei
864 1815 1076 1854 praesentiam
1099 1825 1148 1845 re-

201 1857 340 1896 quirant,
364 1863 400 1887 ut
422 1857 545 1888 nullum
569 1858 721 1887 damnum
745 1868 783 1887 ex
810 1857 1023 1896 improborum
1049 1857 1149 1888 homiÎ‡

201 1909 278 1929 num
308 1900 508 1930 contumeliis
539 1900 710 1939 accipiant:
743 1900 809 1930 Deo
839 1900 976 1930 vicissim
1007 1905 1148 1939 tempore

200 1948 379 1982 opportuno
407 1942 528 1973 ferente
558 1943 634 1982 ipsis
665 1942 830 1979 auxilium,
863 1948 894 1972 et
923 1942 1042 1973 malum
1065 1942 1147 1982 quod

201 1984 333 2014 exitium
357 1984 539 2015 minabatur
561 1985 594 2015 in
617 1985 733 2015 bonum
757 1989 978 2016 convertente:
1003 1985 1055 2024 qui
1077 1985 1150 2016 lieet

201 2026 284 2064 ipsos
307 2032 435 2066 propter
457 2032 659 2066 peccatorum
683 2027 922 2058 multitudinem
946 2027 1095 2058 detestari
1118 2036 1149 2058 et

200 2068 375 2100 abominari
390 2076 502 2108 posset,
523 2077 628 2100 tamen
643 2076 770 2109 propter
783 2074 1018 2100 sacrosanctum
1032 2080 1147 2101 nomen

201 2121 302 2148 suum,
344 2122 438 2151 super
471 2113 556 2152 ipsos
591 2113 782 2149 invocatum,
821 2112 976 2143 clamores
1007 2113 1146 2152 ipsorum

202 2152 374 2185 benevolus
396 2155 534 2190 exaudit,
567 2162 602 2185 ut
624 2161 750 2194 praeter
772 2155 914 2185 omnium
938 2156 1147 2194 exspectatio-

203 2205 276 2225 nem
306 2206 380 2227 suae
403 2197 637 2228 misericordiae
659 2197 799 2228 fructum
824 2197 1008 2237 percipiant.
1054 2198 1148 2229 Absit

204 2242 308 2268 autem
323 2239 441 2269 anobis
465 2245 502 2269 ut
514 2240 582 2270 Deo
597 2240 755 2271 vindictae
777 2239 982 2279 cupiditatem
1007 2240 1147 2280 aliquam

203 2286 257 2309 aut
289 2282 489 2312 severitatem
526 2283 713 2320 tribuamus,
756 2287 790 2312 ut
823 2287 899 2312 sunt
931 2282 1075 2313 homines
1108 2282 1146 2314 ad

204 2321 376 2353 vindictam
400 2324 568 2362 proclives:
592 2325 645 2355 sed
671 2326 774 2364 potius
794 2325 897 2355 Deum
917 2325 1053 2356 sciamus
1071 2336 1146 2365 quo-

203 2364 370 2395 dammodo
400 2376 467 2397 sese
496 2378 513 2397 a
536 2367 627 2398 nobis
650 2368 860 2399 occultantem
884 2372 915 2397 et
937 2367 1147 2408 recedentem,

203 2408 365 2438 occasione
398 2419 438 2438 ex
467 2410 585 2440 nostris
616 2411 753 2450 peccatis
781 2409 897 2440 habere
926 2411 1067 2441 severius
1090 2421 1145 2441 no-

204 2450 324 2480 biscum
364 2451 488 2491 agendi.
531 2452 602 2484 Hoc
637 2453 740 2492 ipsum
774 2462 850 2482 sane
883 2451 989 2483 David
1021 2453 1147 2491 fatetur,

204 2502 276 2522 nam
300 2503 361 2523 nou
386 2493 440 2524 abs
464 2504 498 2524 re
521 2494 625 2525 Deum
649 2495 784 2531 invocat,
809 2494 858 2525 his
881 2494 997 2526 verbis:
1023 2495 1148 2527 Renova

202 2535 235 2565 in
268 2545 314 2566 me
345 2536 489 2573 spiritum
520 2539 614 2573 tuum,
656 2537 795 2568 Domine.
842 2537 1017 2568 Videbatur
1049 2538 1147 2578 igitur

204 2577 307 2608 David
332 2577 369 2608 ad
394 2584 520 2618 tempus
543 2590 560 2610 a
583 2579 652 2610 Deo
675 2581 820 2616 reiectus,
849 2584 881 2610 et
902 2581 1004 2620 primo
1026 2581 1145 2612 intuitu

202 2621 281 2651 nihil
302 2621 428 2651 differre
447 2626 548 2653 status
567 2622 665 2662 ipsius
684 2633 702 2653 a
721 2622 828 2653 Saulis
846 2622 1034 2661 conditione,
1056 2634 1147 2664 prae-

826 190 871 221 Î™Î
895 191 919 221 Î™.
944 190 1031 221 LIB.
1055 190 1251 222 SAMUEL.
1276 190 1371 221 CAP.
1395 190 1524 222 XVIII.

2088 193 2149 223 278

1196 283 1305 313 sertim
1327 283 1353 313 si
1376 287 1422 314 tot
1443 284 1643 315 accumulata
1667 290 1794 324 peecata
1817 284 1956 324 peccatis
1979 288 2011 315 et
2029 285 2151 325 flagitia

1197 325 1327 365 flagitiis
1346 326 1535 357 consideres.
1582 327 1664 357 Nam
1683 327 1778 366 quale
1799 327 1930 365 facinus,
1954 327 2150 358 adulterium

1197 378 1267 397 cum
1293 378 1392 398 uxore
1413 368 1515 399 fidelis
1532 370 1616 399 servi
1635 369 1862 400 commissum?
1887 369 2001 408 Quale,
2024 370 2152 401 fidelem

1197 420 1324 440 servum
1352 415 1388 440 ut
1410 411 1589 442 adulterata
1612 413 1736 442 fruatur
1759 412 1934 452 proditorie
1958 413 2027 443 neci
2051 412 2150 443 dare?

1198 452 1311 483 Nonne
1341 452 1545 483 merebantur
1575 454 1634 484 ista
1656 455 1780 494 flagitia
1802 460 1839 485 ut
1863 454 1970 485 David
1994 458 2149 495 tanquam

1198 494 1360 534 putridum
1384 495 1560 526 membrum
1581 508 1619 527 ex
1641 496 1772 528 ecclesia
1791 496 1987 536 pelleretur?
2013 498 2150 529 Verumâ€”

1198 537 1361 568 enimvero
1384 537 1473 568 Deus
1495 538 1585 568 illum
1610 539 1648 569 ad
1673 539 1791 578 peceati
1811 540 2006 579 agnitionem
2026 546 2057 570 et
2076 551 2150 571 eon-

1197 579 1365 610 fessionem
1389 590 1427 610 ex
1452 591 1538 611 mera
1561 581 1664 620 gratia
1688 581 1830 619 adduxit,
1860 592 1958 621 quum
1982 584 2153 622 profitetur

1198 622 1336 661 ingenue
1366 632 1399 653 se
1430 628 1583 662 tanquam
1608 623 1775 663 reprobum
1800 624 1907 661 fuisse,
1939 629 1969 655 et
1992 625 2082 664 quasi
2106 635 2153 656 se-

1198 664 1323 704 pultum
1356 670 1387 694 et
1416 667 1609 696 exstinctum
1640 667 1671 696 in
1702 676 1735 697 se
1765 666 1899 705 spiritus
1930 666 1991 697 Dei
2021 666 2150 698 donum.

1197 707 1267 737 Hoc
1286 707 1312 737 si
1331 706 1449 737 Davidi
1470 714 1534 738 tam
1553 708 1673 748 insigni
1693 709 1866 748 prophetae
1885 709 2028 749 contigit,
2052 719 2153 749 quan-

1198 755 1306 789 topere
1341 749 1445 780 Deum
1480 750 1630 781 debemus
1664 750 1785 790 timere,
1819 757 1849 781 et
1884 752 2005 791 precari
2037 757 2073 782 ut
2095 761 2153 783 sua

1199 792 1266 822 luce
1297 801 1354 822 nos
1385 792 1524 830 irradiet,
1557 803 1596 823 ne
1626 803 1765 832 unquam
1798 793 1836 823 ab
1867 794 1933 833 ipso
1949 794 2152 832 deficiamus,

1199 833 1253 865 sed
1276 835 1438 873 perpetuis
1462 835 1606 874 precibus
1629 836 1845 874 sollicitemus,
1877 842 1912 866 ut
1936 837 2152 876 praesentiam

1199 877 1297 916 ipsius
1321 877 1529 915 requiramus,
1555 888 1692 916 suaeque
1716 878 1866 909 bonitatis
1886 889 1944 909 nos
1964 879 2059 910 faciat
2078 890 2154 919 par-

1200 918 1333 958 ticipes?
1376 919 1462 950 Sane
1482 919 1678 951 admirabilis
1696 925 1744 950 est
1763 920 1871 951 divina
1893 921 1947 951 illa
1966 921 2032 958 lux,
2052 931 2152 960 quum

1199 962 1283 992 dona
1312 961 1361 992 sui
1384 962 1515 1001 spiritus
1539 963 1628 993 nobis
1650 963 1870 1003 communicat,
1907 968 1941 994 ut
1964 974 2021 994 nos
2040 973 2155 994 secun-

1199 1004 1275 1035 dum
1295 1004 1395 1044 ipsius
1414 1005 1612 1035 voluntatem
1634 1005 1699 1045 regi
1720 1005 1879 1044 patiamur
1898 1006 2155 1046 quotiescunque

1199 1047 1238 1078 ad
1262 1057 1295 1077 se
1318 1047 1452 1077 invitat:
1484 1052 1515 1077 et
1538 1047 1575 1078 de
1599 1048 1688 1078 nobis
1712 1047 1853 1078 modeste
1875 1049 2060 1086 sentiamus,
2084 1058 2156 1080 nos-

1201 1090 1319 1129 trisque
1354 1089 1474 1120 viribus
1504 1090 1583 1120 nihil
1609 1090 1787 1121 tribuamus
1815 1090 1951 1130 gloriam
1982 1091 2067 1131 apud
2097 1091 2155 1122 ho-

1201 1132 1302 1163 mines
1332 1137 1502 1162 venantes:
1535 1132 1589 1163 sed
1613 1132 1764 1162 honorem
1789 1133 1849 1172 ipsi
1873 1133 2014 1164 debitum
2040 1133 2154 1164 redda-

1200 1185 1281 1212 mus,
1310 1180 1342 1205 et
1372 1175 1469 1214 ipsius
1493 1174 1612 1214 gloriae
1633 1175 1913 1214 amplificationem
1938 1186 2063 1206 summo
2086 1183 2154 1207 stu-

1201 1217 1251 1248 dio
1275 1227 1475 1256 quaeramus.
1522 1217 1564 1247 Et
1586 1227 1792 1257 quaeeunque
1816 1218 1854 1249 ab
1874 1218 1942 1257 ipso
1962 1218 2045 1248 dona
2065 1228 2153 1250 acee-

1200 1261 1306 1300 pimus
1336 1260 1369 1289 in
1400 1260 1619 1299 proximorum
1643 1260 1812 1290 utilitatem
1836 1266 2070 1297 convertamus,
2107 1261 2155 1291 vi-

1201 1309 1313 1342 taeque
1336 1303 1546 1333 sanctimonia
1568 1303 1713 1342 exemplo
1736 1303 1805 1333 aliis
1826 1303 1942 1333 simus:
1972 1313 2011 1333 ne
2036 1303 2154 1334 nostris

1200 1345 1337 1385 peccatis
1359 1344 1456 1375 veluti
1481 1345 1587 1376 densis
1608 1345 1796 1384 quibusdam
1817 1345 1916 1384 spinis
1936 1345 2054 1376 bonum
2075 1345 2153 1376 illud

1201 1387 1290 1418 verbi
1322 1387 1423 1418 divini
1451 1398 1558 1418 semen
1598 1388 1804 1424 suffocemus,
1842 1387 1967 1427 Deique
2003 1388 2153 1427 spiritum

1200 1430 1403 1470 quantumin
1418 1430 1506 1461 nobis
1529 1431 1597 1467 erit,
1626 1431 1657 1460 in
1678 1429 1766 1460 nobis
1785 1430 2040 1469 exstinguamus.
2073 1430 2152 1462 Gae-

1202 1480 1304 1503 terum
1328 1473 1354 1503 si
1377 1483 1435 1504 nos
1459 1472 1652 1513 negligentia
1676 1478 1792 1509 nostra,
1824 1473 1956 1511 incuria,
1980 1473 2153 1513 ingratitu-

1201 1515 1283 1553 dine,
1313 1521 1345 1546 et
1367 1515 1591 1554 cupiditatibus
1614 1515 1792 1546 carnalibus
1814 1515 1985 1555 contigerit
2008 1515 2078 1546 istis
2102 1525 2152 1546 re-

1202 1558 1260 1588 bus
1285 1559 1420 1588 terrenis
1443 1558 1579 1593 deliniri,
1603 1563 1634 1588 et
1658 1558 1718 1588 Dei
1742 1557 1823 1588 dona
1848 1558 1878 1587 in
1903 1558 1994 1588 nobis
2013 1557 2153 1597 sepeliri,

1201 1601 1314 1631 saltem
1339 1601 1533 1640 poenitentia
1555 1600 1641 1631 ducti
1665 1610 1736 1631 cum
1754 1600 1878 1630 Davide
1903 1600 2061 1631 dicamus:
2086 1599 2154 1631 Do-

1202 1643 1288 1673 mine
1322 1653 1440 1674 renova
1473 1644 1505 1673 in
1539 1653 1589 1674 me
1620 1648 1711 1673 tuum
1741 1643 1898 1681 spiritum,
1933 1653 2027 1682 quem
2059 1647 2155 1673 antea

1200 1685 1306 1721 habui,
1329 1691 1361 1716 et
1383 1696 1490 1716 meum
1513 1696 1566 1716 cor
1588 1686 1633 1716 sic
1655 1685 1797 1723 humilia,
1827 1689 1861 1715 ut
1884 1695 1935 1715 me
1958 1690 2071 1724 sponte
2095 1684 2153 1715 tibi

1201 1728 1375 1759 subiiciam.
1420 1728 1503 1759 Nam
1542 1728 1685 1758 homines
1723 1727 1838 1758 diaboli
1872 1727 2032 1766 mancipia
2062 1728 2155 1765 fiunt,

1201 1781 1299 1810 quum
1323 1770 1384 1801 Dei
1408 1771 1516 1811 iugum
1537 1775 1687 1801 excutere
1705 1775 1737 1800 et
1756 1780 1790 1801 se
1808 1769 1908 1809 ipsius
1923 1770 2059 1809 imperio
2078 1769 2153 1800 sub-

1201 1813 1317 1844 ducere
1358 1813 1478 1844 volunt.
1523 1813 1610 1853 Ergo
1642 1823 1739 1852 quum
1774 1812 1920 1843 audimus
1954 1812 2060 1842 Deum
2095 1821 2154 1842 sua

1201 1856 1284 1886 dona
1304 1866 1532 1895 nonnunquam
1554 1856 1643 1886 nobis
1663 1855 1811 1894 adimere,
1836 1864 2011 1894 monemur,
2035 1864 2152 1885 cavenâ€”

1202 1898 1276 1929 dum
1309 1909 1348 1929 ne
1377 1905 1486 1930 nostra
1510 1898 1704 1938 negligentia
1728 1898 1915 1934 reiiciamur,
1950 1896 2154 1936 dandamque

1201 1951 1331 1980 operam
1355 1946 1390 1972 ut
1413 1942 1546 1973 sollicite
1569 1947 1600 1971 et
1623 1941 1716 1971 anxie
1740 1939 1916 1970 remedium
1939 1939 1972 1969 in
1995 1940 2063 1978 ipso
2084 1940 2154 1970 Deo

1201 1994 1393 2023 quaeramus
1428 1983 1582 2014 adversus
1615 1983 1734 2013 malum
1765 1981 1846 2022 quod
1878 1981 2028 2012 ultimum
2062 1981 2159 2012 nobis

1199 2026 1339 2066 alioquin
1362 2027 1495 2057 exitium
1519 2030 1603 2057 esset
1625 2026 1807 2056 allaturum.
1853 2023 2019 2063 Quamdiu
2043 2025 2154 2064 itaque

1201 2068 1291 2099 Deus
1314 2069 1467 2099 beneficio
1491 2073 1582 2099 tanto
1606 2078 1662 2098 nos
1685 2068 1783 2098 afficit
1805 2073 1840 2097 ut
1859 2067 1925 2106 ipse
1945 2067 2032 2105 quasi
2055 2077 2154 2098 manu

1200 2121 1258 2142 sua
1282 2117 1380 2152 regat,
1405 2111 1552 2142 omnibus
1574 2110 1695 2141 viribus
1718 2111 1821 2149 ipsum
1841 2109 1928 2149 sequi
1947 2110 2098 2146 nitamur,
2121 2114 2155 2140 et

1200 2164 1389 2194 quacunque
1425 2153 1553 2184 duxerit
1585 2163 1762 2193 sequamur,
1801 2162 1934 2191 eumque
1964 2151 2154 2191 suppliciter

1201 2207 1369 2236 precemur
1398 2202 1433 2227 ut
1456 2207 1511 2227 sua
1535 2205 1632 2226 manu
1656 2200 1755 2235 regat,
1778 2195 1876 2224 donec
1900 2193 2042 2224 absoluto
2067 2194 2152 2224 vitae

1200 2244 1328 2270 nostrae
1360 2239 1518 2270 curriculo
1548 2238 1774 2278 perveniamus
1797 2236 1836 2267 ad
1871 2237 1987 2276 ipsum,
2019 2236 2151 2276 eiusque

1199 2282 1318 2321 gloriae
1352 2282 1523 2322 participes
1555 2281 1587 2311 in
1623 2281 1752 2311 nomine
1785 2279 1916 2310 Domini
1951 2278 2053 2309 nostri
2076 2278 2152 2309 Iesu

1199 2324 1330 2361 Christi,
1353 2325 1475 2355 fiamus.

1284 2368 1349 2397 Iam
1376 2378 1449 2398 vero
1473 2367 1567 2407 agite,
1591 2368 1639 2396 etc.

1443 2492 1684 2532 HOMILIA
1709 2490 1897 2530 LXVIII.

1285 2580 1330 2610 17.
1365 2579 1514 2617 Dixitque
1549 2576 1625 2607 Saul
1658 2575 1698 2606 aa
1727 2575 1850 2606 David.-
1883 2573 1961 2606 Ecce
1989 2574 2058 2613 filia
2081 2584 2149 2606 mea

1171 2607 1173 2646 l
1197 2623 1296 2654 maior
1325 2621 1436 2661 Meo-ob,
1470 2621 1569 2659 ipsam
1598 2618 1672 2649 dabo
1695 2617 1749 2648 tibi
1771 2627 1912 2648 uxorem:
1939 2617 2150 2649 tantummodo

1902 2668 1949 2693 18*
