2551 3044
124 201 185 231 369

125 294 248 335 precari
289 294 336 324 uti
374 292 470 325 fidem
505 291 610 323 datam
646 296 760 321 servet.
807 288 943 318 Interim
978 288 1085 318 obser-

125 336 265 367 vandum
306 336 410 376 ipsum
448 335 619 374 implorare
654 331 788 362 Davidis
825 329 1086 365 misericordiam,

125 389 207 420 quae
230 383 337 409 tamen
360 389 378 409 a
401 377 471 408 Deo
503 377 560 407 sit:
596 379 629 405 et
650 380 761 405 contra
785 372 950 404 declarare
984 372 1085 402 Davi-

125 423 197 453 dem
237 420 354 459 aliquid
409 418 580 450 crudeliter
628 422 661 447 et
703 414 871 456 perfidiose
915 414 1087 445 facientem

124 463 184 495 sibi
212 468 268 494 aut
297 462 363 493 suis
394 461 455 491 Dei
484 470 614 492 manum
639 468 840 498 nequaquam
865 457 1086 496 effugiturum,

124 506 179 538 sed
203 505 278 536 olim
302 504 363 544 ipsi
386 513 504 543 poenas
528 501 691 532 daturum.
737 500 856 541 ingens
881 510 958 529 sane
984 499 1086 529 virtus

124 556 155 579 et
189 546 267 578 fides
300 545 472 577 Ionathani
504 555 543 575 ex
574 544 644 574 istis
672 542 878 581 conspicitur.
914 541 966 580 qui
996 541 1086 571 sein

125 589 260 621 Davidis
283 589 421 629 gratiam
446 587 529 617 ultro
549 587 581 616 in
602 591 728 616 tantuin
749 585 920 615 discrimen
942 584 1086 614 coniicit:

125 643 198 664 nam
232 641 313 671 quae
347 630 399 661 hic
434 634 588 660 notantur
621 627 882 659 circumstantiae
915 637 978 656 non
1010 631 1088 656 sunt

123 674 238 706 leviter
278 670 540 713 praetereundae,
580 671 663 709 quod
705 669 813 700 nullus
850 675 1003 709 apparea-t
1037 668 1088 699 cui

125 717 224 756 possit
260 720 329 746 tuto
362 714 471 750 fidere,
506 719 539 743 et
572 714 640 743 sine
674 712 810 742 testibus
844 712 932 742 solus
968 710 1086 741 Davidi

124 769 217 790 suum
237 767 389 789 arcanum
409 761 440 787 et
458 761 602 786 mentem
622 754 756 794 aperire,
790 764 853 784 non
873 754 943 784 sine
961 763 1087 783 summo

124 801 264 841 periculo
298 805 331 830 et
360 798 546 830 discrimine
576 797 690 828 mortis
722 797 847 827 audeat.

126 850 229 874 metus
254 842 363 882 patris,
389 852 451 872 non
475 840 692 880 periculorum
716 839 905 878 magnitudo
925 838 964 868 ab
983 838 1087 868 officio

123 886 289 922 deterruit,
313 885 390 923 quin
410 884 443 914 in
463 883 601 912 amicitia
621 881 759 912 Davidis
780 888 972 920 perseveret.
1019 880 1087 911 Nae

123 930 148 959 si
183 928 222 959 ad
256 937 349 958 aures
381 925 490 957 Saulis
526 925 585 954 ista
621 925 853 963 pervenissent,
888 933 1007 963 magno
1041 923 1086 953 ’11Ῐί

122 970 331 1002 constitisset:
363 978 437 998 nam
468 975 542 997 ante
575 967 713 997 vidimus
744 976 839 1006 quam
870 976 981 996 severe
1011 976 1088 1005 erga

123 1023 227 1052 ipsum
252 1023 286 1043 se
309 1012 343 1041 in
365 1021 400 1042 re
423 1010 485 1041 levi
511 1016 602 1050 pater
625 1010 787 1048 ges-isset,
811 1019 908 1047 quum
934 1007 1086 1038 Ionatha-

123 1066 182 1086 nus
212 1066 251 1085 ex
279 1053 418 1084 hostium
449 1059 557 1092 strage
588 1051 734 1082 defessus
766 1057 796 1081 et
826 1051 909 1081 fame
939 1050 1089 1081 deficiens

122 1107 236 1139 parum
271 1095 375 1126 meilis
409 1100 580 1135 gustasset,
615 1094 748 1133 ignarus
786 1093 995 1124 iurisiurandi
1027 1103 1089 1132 quo

123 1139 278 1180 populum
302 1143 394 1178 pater
413 1137 644 1172 adstrinxerat,
665 1143 732 1166 tutu
754 1135 834 1166 Saul
854 1136 914 1166 ait:
940 1135 1090 1165 Morioris

123 1181 312 1213 Ionathane.
360 1180 457 1211 Hunc
480 1180 580 1219 patris
605 1180 749 1209 animum
773 1186 804 1208 et
827 1177 969 1208 furorem
993 1177 1089 1208 Iona-

124 1225 242 1255 thanus
279 1233 476 1263 cognoscens
510 1228 597 1253 certo
632 1221 731 1252 habet
764 1230 954 1260 persuasum
989 1231 1022 1251 so
1055 1220 1089 1250 in

124 1271 269 1307 apertum
303 1265 415 1296 mortis
449 1264 620 1295 discrimen
647 1268 830 1300 venturum,
866 1263 890 1293 si
927 1262 966 1293 ad
991 1262 1090 1302 patris

123 1320 216 1340 aures
247 1308 298 1339 vel
329 1307 512 1338 levissimus
542 1317 652 1337 rumor
676 1305 713 1336 de
737 1311 903 1336 contracto
926 1316 999 1336 cum
1025 1305 1090 1335 Da-

127 1351 198 1382 vide
217 1350 345 1381 foedere
365 1349 500 1385 venerit,
522 1350 588 1379 fore
609 1349 729 1380 crimen
751 1348 982 1378 irremissibile.
1024 1347 1089 1378 Sed

124 1395 177 1426 ille
201 1393 411 1425 nihilominus
431 1391 531 1422 officii
550 1391 599 1422 sui
620 1397 727 1430 partes
749 1402 809 1421 non
831 1391 957 1421 deserit.
1003 1390 1091 1420 Hinc

124 1437 157 1467 fit
182 1436 390 1474 conspicuum
414 1444 467 1465 eos
491 1435 544 1473 qui
569 1434 665 1464 verbo
688 1433 750 1463 Dei
774 1432 868 1463 fidem
894 1439 1013 1463 certam
1038 1432 1092 1462 ad-

124 1479 233 1509 hibeat
267 1477 454 1509 audaciores

125 1521 276 1561 quendis:
307 1527 339 1551 et
367 1519 485 1551 idcirco
514 1519 651 1559 legimus
684 1519 717 1548 in
747 1518 847 1549 sacris
879 1517 966 1548 verbi
991 1517 1092 1548 divini

125 1574 195 1595 esse
226 1563 391 1603 proprium
419 1572 525 1602 genua
556 1561 696 1591 labantia
727 1561 917 1591 confirmare
956 1566 987 1590 et
1022 1560 1093 1591 bra-

126 1606 198 1637 chia
226 1611 256 1636 et
289 1615 403 1635 manus
431 1604 554 1635 solutas
585 1610 617 1634 et
647 1603 762 1634 fractas
785 1603 999 1634 corroborare.
1046 1602 1094 1633 Ac

126 1659 202 1680 sane
236 1655 361 1679 certum
393 1653 442 1678 est
475 1657 533 1677 nos
567 1645 698 1686 propria
733 1645 855 1676 virtute
891 1647 1029 1675 nitentes
1053 1645 1092 1676 ad

125 1701 220 1723 omne
243 1691 360 1721 bonum
385 1700 464 1728 opus
487 1689 619 1719 inutiles
642 1688 718 1722 fore,
743 1694 776 1719 ct
800 1699 839 1719 ne
863 1687 1000 1728 digitum
1022 1688 1093 1727 qui-

126 1734 197 1765 dem
223 1731 362 1763 naturali
385 1732 418 1762 vi
442 1742 535 1771 posse
559 1740 706 1761 movere:
731 1731 786 1761 sed
810 1731 1021 1770 quantumvis
1046 1731 1094 1760 in-

126 1777 238 1807 firmae
261 1775 327 1805 Sint
346 1780 475 1805 nostrae
495 1774 591 1811 vires,
614 1773 639 1803 si
662 1773 724 1803 Dei
747 1773 877 1804 verbum
898 1774 1093 1809 intueamur,

127 1825 157 1849 et
180 1817 219 1849 ad
244 1822 389 1848 nostram
413 1816 628 1849 eruditionem
653 1826 854 1854 usurpemus,
889 1815 1040 1846 manibus
1064 1821 1095 1845 et

129 1861 267 1892 brachiis
287 1860 333 1890 ita
355 1858 628 1895 confirmabimur,
653 1865 688 1888 ut
711 1857 847 1897 quodvis
870 1858 958 1888 adire
972 1858 1095 1897 pericu·

128 1904 194 1934 lum
226 1902 330 1943 parati
360 1902 462 1933 simus
493 1911 593 1940 quum
618 1901 793 1931 necessitas
818 1901 1000 1939 postulabit.
1048 1900 1096 1931 Io-

129 1945 266 1976 nathani
290 1944 475 1984 exemplum
499 1943 627 1978 imitati,
652 1954 747 1982 quem
772 1943 861 1973 nulla
886 1943 1018 1982 periculi
1040 1945 1096 1973 im-

130 1988 281 2019 minentis
315 1987 540 2027 apprehensio,
578 1985 705 2016 nullum
736 1986 821 2016 vitae
851 1984 1023 2016 discrimen
1056 1986 1095 2016 ab

130 2030 233 2062 officio
265 2029 430 2066 deterruit,
460 2027 717 2069 quandoquidem
741 2039 775 2058 re
803 2028 872 2067 ipsa
898 2034 1096 2068 cognoverat

130 2072 260 2104 Domini
292 2072 491 2103 voluntatem
521 2081 591 2102 esse
620 2075 656 2101 ut
683 2070 791 2101 David
822 2070 1031 2101 eveheretur:
1065 2076 1096 2101 et

130 2120 252 2147 certum
284 2120 332 2145 est
354 2113 511 2154 singulari
535 2113 676 2144 amicitia
700 2113 860 2144 Davidem
886 2113 984 2144 fuisse
1008 2124 1094 2144 com-

131 2157 270 2197 plexum,
292 2157 391 2187 immo
416 2156 488 2196 plus
511 2166 606 2196 quam
630 2156 787 2186 humana:
814 2156 867 2186 vix
891 2157 975 2186 enim
1001 2156 1095 2186 amici

131 2200 184 2239 qui
206 2204 281 2230 sunt
303 2200 336 2229 in
359 2198 462 2239 gradu
484 2198 648 2238 superiore
670 2209 740 2229 sese
759 2197 895 2229 subditis
914 2205 945 2228 et
965 2198 1094 2229 inferio-

134 2242 222 2272 ribus
255 2241 441 2272 subiieient:
476 2251 540 2271 non
574 2241 620 2271 ita
653 2241 739 2271 inter
773 2250 806 2271 se
841 2240 958 2280 pacisci
989 2241 1094 2271 solent

132 2283 285 2314 homines.
331 2283 548 2322 Quamobrem
583 2283 742 2323 quidquid
778 2283 829 2313 hic
863 2293 881 2312 a
914 2282 1095 2314 Ionathano

130 2331 256 2366 gest-um
278 2331 336 2363 est,
358 2336 570 2366 agnoscamus
594 2336 612 2356 a
630 2325 813 2366 cognitione
833 2325 961 2356 divinae
983 2325 1095 2356 volun-

132 2368 208 2399 tatis
242 2367 280 2398 de
313 2367 449 2399 Davidis
483 2368 634 2408 erigendo
669 2371 794 2407 sceptro
831 2377 996 2398 manasse:
1033 2379 1094 2407 quo

132 2411 241 2441 fraeno
268 2420 343 2440 suas
371 2410 564 2450 cupiditates
593 2410 747 2447 cohibuit,
782 2414 814 2440 ot.
836 2410 939 2440 officio
964 2410 1094 2441 functus

131 2459 179 2484 est
202 2451 295 2483 amici
316 2451 427 2488 fidelis,
450 2453 546 2483 etiam
566 2464 639 2484 cum
662 2453 745 2483 vitae
765 2453 961 2483 discrimine.
1008 2452 1093 2491 Quid

131 2494 170 2525 ad
200 2493 279 2525 haec
301 2504 425 2533 quaeso,
460 2494 573 2525 dicturi
598 2501 674 2526 sunt
699 2495 791 2525 hodie
815 2495 907 2525 multi
932 2496 1095 2535 evangelii

131 2536 253 2568 seilicet
272 2536 433 2573 zelatoreS,
457 2538 511 2575 qui
532 2545 638 2568 tamen
658 2538 690 2568 in
712 2548 769 2568 sua
788 2537 918 2573 ignavia
937 2537 1094 2575 desident,

130 2585 161 2611 et
184 2577 255 2609 Deo
278 2577 319 2609 ad
341 2588 422 2618 opus
442 2577 515 2610 illos
549 2587 683 2611 vocante
712 2579 885 2610 resiliunt?
934 2579 1095 2611 Videntur

131 2621 178 2653 illi
201 2620 379 2660 speciosum
401 2625 604 2660 praetextum
627 2622 755 2657 habere,
779 2627 812 2653 et
834 2622 937 2653 officio
960 2622 1094 2661 pulchre

226 2670 336 2698 Calvino*
351 2678 436 2703 opera
481 2671 541 2697 Vol.
556 2671 652 2698 XXX.

790 196 836 226 IN
859 196 883 226 1.
911 194 997 225 [ΑΒ.
1022 195 1221 226 b'AMUEL.
1246 197 1343 227 CAP.
1369 197 1446 227 XX.

892 795 992 835 Atqui
1024 806 1086 826 non
1111 795 1114 802 '

489 1477 557 1507 fieri
584 1477 613 1506 in
639 1475 773 1506 Domini
805 1475 966 1506 mandatis
998 1485 1091 1505 exse·
1118 1492 1119 1498 .

2041 195 2104 226 370

1111 314 1112 325 ,
1139 288 1292 326 defuncti,
1315 291 1341 320 si
1366 301 1400 321 se
1424 291 1501 330 ipsis
1526 291 1604 321 liaeo
1629 290 1678 321 vel
1704 290 1757 320 illa
1782 288 1924 329 pericula
1942 288 2104 322 obiiciant,

1112 370 1113 376 ἵ
1139 336 1170 377 et
1195 332 1307 363 mortis
1331 333 1525 371 discrimina,
1549 343 1630 371 quae
1654 332 1740 363 nulla
1767 333 1889 362 ratione
1914 331 2008 361 vitari
2032 340 2103 369 pos-

1113 379 1114 383 ’
1140 379 1214 404 sint.

1261 374 1316 405 Sic
1345 375 1449 405 solent
1480 375 1627 405 homines
1656 385 1771 405 manus
1795 384 1869 405 suas
1892 373 2032 410 abluere,
2065 383 2104 402 ue

1140 414 1210 445 Deo
1234 417 1360 447 vocanti
1385 417 1609 456 respondeant,
1636 417 1661 447 si
1686 417 1770 456 quod
1796 416 1972 456 periculum
1998 415 2103 445 immi-

1140 464 1223 495 neat,
1259 469 1337 497 quos
1374 465 1480 489 tamen
1521 459 1786 499 promissionibus
1816 458 1935 489 (livinis
1967 457 2103 488 animari

1141 501 1243 539 magis
1284 501 1460 539 oportebat.
1507 503 1626 532 Contra
1662 501 1879 531 Ionathanus:
1925 500 1979 539 qui
2014 499 2104 530 novit

1140 542 1268 580 quidem
1308 543 1497 583 dignitatem
1532 544 1591 574 sibi
1626 549 1780 583 quantum
1815 543 1980 573 obtinebat
2014 541 2105 572 abro-

1138 584 1289 623 gandam,
1323 590 1358 616 ut
1393 585 1499 616 David
1534 586 1760 616 extolleretur:
1802 585 1857 616 sed
1893 584 2104 615 nihilomiuus

1139 626 1242 657 officio
1267 628 1334 657 veri
1357 628 1451 658 amici
1476 628 1526 658 vel
1553 628 1637 658 vitae
1660 639 1735 659 suae
1760 627 1900 667 periculo
1928 627 2018 666 fungi
2051 637 2103 656 vo-

1139 668 1209 700 luit.
1255 669 1323 700 Nae
1348 674 1471 709 poterat
1495 670 1548 701 ille
1571 670 1698 709 quidem
1723 680 1757 700 se
1780 669 1864 710 apud
1888 668 2051 700 Davidem
2076 676 2106 699 et

1140 711 1217 742 alios
1252 721 1422 742 excusare:
1458 719 1490 743 et
1527 713 1670 752 profiteri
1705 713 1765 742 sibi
1794 723 1832 743 ex
1861 711 1969 742 animo
1999 710 2106 741 dolere

1140 754 1224 792 qnod
1246 754 1341 784 miser
1362 755 1415 784 ille
1434 754 1588 785 innocens
1608 755 1653 786 sic
1672 755 1851 794 affligatur:
1875 753 1929 784 sed
1950 763 2105 793 quorsum

1140 802 1271 835 propter
1311 798 1415 836 ipsum
1450 807 1485 827 se
1520 798 1550 826 in
1586 798 1670 827 vitae
1702 797 1873 827 discrimen
1907 794 2104 826 coniiceret‘?

1140 838 1323 869 Accedebat
1354 839 1417 869 alia
1446 840 1618 878 speciosior
1642 839 1823 870 excusatio:
1856 838 1965 877 Quare
1989 847 2048 877 ego
2074 838 2104 867 iu

1141 881 1235 911 alieni
1267 882 1402 920 gratiani
1431 881 1587 912 adversus
1611 887 1734 921 patrem
1758 882 1971 917 coniurarem,
2000 887 2031 910 et
2054 890 2106 911 co-

1140 934 1251 953 ronam
1265 924 1387 964 regiam
1408 923 1454 954 illi
1474 923 1700 954 detraherem?
1725 933 1882 963 quaenam
1903 922 1977 953 inde
1997 921 2038 953 ad
2057 931 2108 952 me

1141 966 1285 996 reditura
1327 972 1410 997 esset
1453 966 1595 997 utilitas?
1652 965 1774 996 Verum
1809 965 1863 996 ille
1896 965 1994 995 semel
2030 965 2108 995 istas

1141 1008 1391 1048 imaginationes
1415 1008 1585 1047 abrumpit,
1611 1014 1641 1038 et
1664 1008 1814 1038 omnibus
1838 1008 1876 1038 iis
1907 1008 1991 1037 viam
2019 1017 2111 1046 prae-

1142 1050 1270 1087 scindit,
1295 1050 1412 1090 quibus
1436 1050 1474 1081 ab
1498 1051 1601 1081 olfieio
1625 1056 1749 1090 poterat
1773 1050 1919 1081 avocari:
1944 1056 1975 1080 et
1996 1049 2109 1080 statuit

1142 1093 1240 1123 etiam
1265 1093 1348 1123 vitae
1372 1103 1448 1123 suae
1471 1092 1638 1132 dispendio
1658 1103 1722 1122 non
1744 1093 1803 1123 nisi
1824 1102 1857 1122 re
1876 1092 2016 1131 perfecta
2036 1101 2111 1121 eon-

1142 1135 1384 1175 quiescendum.
1430 1135 1518 1166 Sane
1556 1135 1650 1166 hodie
1678 1145 1740 1165 non
1773 1135 1880 1174 agitur
1911 1134 1949 1164 de
1980 1133 2110 1164 mortali

1142 1177 1280 1218 quodam
1314 1178 1444 1208 homine
1474 1178 1508 1208 in
1539 1178 1630 1209 cuius
1659 1177 1797 1217 gratiam
1823 1177 1908 1207 vitae
1933 1176 2110 1215 periculum

1143 1220 1186 1251 sit
1209 1219 1430 1251 subeundum:
1463 1219 1519 1251 sed
1543 1220 1580 1250 de
1606 1220 1736 1250 Domini
1761 1219 1862 1249 nostri
1885 1218 1961 1249 Iesu
1985 1217 2111 1249 Christi

1144 1263 1201 1294 filii
1238 1262 1300 1293 Dei
1339 1263 1451 1302 gloria,
1491 1262 1530 1292 ad
1562 1273 1658 1302 quam
1690 1261 1949 1300 amplificandam
1980 1261 2112 1300 quosvis

1144 1305 1308 1337 cruciatus
1342 1307 1425 1335 ferre
1460 1315 1516 1335 nos
1550 1310 1686 1344 oportet.
1731 1304 1764 1335 Is
1799 1304 1886 1334 enim
1917 1309 1975 1341 est,
2009 1308 2045 1333 ut
2068 1302 2113 1333 ait

1145 1348 1311 1387 apostolus
1336 1347 1465 1384 Paulus,
1491 1347 1545 1387 qui
1570 1352 1715 1377 mortuus
1739 1351 1784 1376 est
1809 1351 1841 1376 et
1864 1345 2053 1383 resurrexit,
2078 1352 2112 1375 ut

1146 1391 1227 1421 vivis
1250 1397 1282 1420 et
1301 1391 1438 1420 mortuis
1458 1389 1652 1419 dominetur.
1698 1389 1848 1427 Aequum
1869 1388 1968 1428 igitur
1987 1394 2035 1418 est
2055 1397 2112 1417 nos

1146 1443 1202 1472 pro
1233 1433 1334 1472 ipsius
1357 1432 1445 1462 cultu
1470 1439 1501 1462 et
1524 1431 1757 1471 glorificatione
1782 1432 1882 1461 vitam
1907 1429 2113 1469 profundere,

1146 1475 1254 1506 oeulos
1264 1476 1301 1506 ab
1322 1475 1471 1505 omnibus
1485 1473 1757 1504 terriculamentis
1771 1480 1965 1503 avertentes.
1991 1471 2112 1510 Quam-

1147 1517 1255 1548 obrem
1281 1518 1363 1548 tanti
1387 1518 1490 1547 facere
1514 1516 1672 1547 discamus
1696 1516 1819 1546 cultum
1844 1519 1876 1545 et
1896 1513 2110 1544 reverentiam

1146 1571 1243 1600 quam
1267 1560 1337 1590 Deo
1360 1565 1390 1590 et
1412 1560 1553 1590 Domino
1574 1564 1682 1589 nostro
1702 1558 1774 1588 Iesu
1798 1557 1928 1588 Christo
1949 1555 2111 1591 debemus,

1147 1609 1178 1633 et
1211 1602 1284 1633 fidei
1316 1607 1445 1633 nostrae
1474 1601 1666 1633 sacrificium
1690 1600 1771 1640 quod
1796 1598 1948 1639 postulat,
1981 1603 2017 1629 ut
2039 1598 2115 1628 lieet

1147 1645 1265 1676 millies
1288 1646 1408 1675 centies
1432 1645 1532 1674 vitam
1556 1643 1726 1683 profusuri,
1756 1652 1922 1681 nunquam
1947 1640 1986 1671 ab
2009 1641 2114 1671 officio

1148 1688 1196 1718 vel
1222 1687 1385 1718 tantillum
1411 1687 1607 1718 recedamus.
1653 1685 1735 1715 Nam
1760 1684 1876 1723 alioqui
1901 1683 2035 1713 minime
2054 1682 2114 1713 du-

1148 1730 1315 1760 bitandum
1340 1730 1416 1769 quin
1438 1729 1550 1759 ultimo
1570 1728 1620 1758 die
1641 1726 1838 1758 Ionathauus
1860 1725 2034 1756 adversum
2055 1735 2114 1756 nos

1147 1778 1310 1812 exsurgat,
1342 1777 1374 1802 et
1396 1782 1466 1802 reos
1490 1781 1596 1802 coram
1622 1769 1761 1800 Domino
1787 1772 1929 1808 peragat,
1964 1767 2020 1807 qui
2046 1766 2113 1798 Da-

1148 1815 1230 1846 vidis
1254 1825 1351 1845 causa
1376 1814 1500 1844 nullum
1526 1813 1696 1844 discrimen
1722 1812 1847 1851 refugit,
1879 1821 1898 1841 a
1920 1820 1982 1849 quo
2006 1817 2113 1840 tamen

1147 1865 1215 1888 erat
1239 1857 1396 1897 dignitate
1420 1867 1517 1895 quam
1541 1855 1714 1891 obtinebat,
1738 1853 1925 1893 privandae,
1959 1856 1990 1882 et
2013 1853 2114 1891 potis-

1147 1902 1264 1931 simum
1290 1899 1464 1930 autoritate
1490 1898 1584 1938 regia,
1617 1907 1697 1936 quae
1721 1897 1767 1926 illi
1791 1894 1994 1926 successione
2018 1894 2112 1925 debe-

1149 1944 1251 1974 batur.
1301 1943 1344 1973 At
1368 1941 1527 1972 Dominus
1550 1945 1658 1970 noster
1682 1939 1772 1969 Iesus
1797 1937 1947 1968 Christus
1972 1948 2028 1968 nos
2048 1947 2112 1967 non

1147 1985 1274 2024 expulit
1306 1991 1415 2015 nostra
1446 1983 1601 2023 dignitate
1625 1982 1741 2020 aliqua,
1773 1980 1873 2010 maior
1896 1985 1928 2010 et
1950 1979 2113 2019 potentior

1148 2029 1249 2058 factus
1280 2034 1391 2057 nostro
1422 2025 1629 2055 detrimento:
1660 2024 1715 2054 sed
1745 2027 1857 2054 contra
1888 2031 1986 2061 supra
2008 2021 2112 2053 coelos

1148 2078 1279 2101 evectus
1314 2069 1406 2099 nobis
1441 2068 1555 2098 similis
1591 2067 1694 2097 factus
1728 2070 1787 2104 est,
1821 2074 1880 2095 sua
1911 2063 1995 2094 bona
2018 2063 2109 2094 nobis

1147 2113 1253 2153 ipsum
1275 2120 1309 2142 ut
1329 2110 1418 2141 dccet
1438 2110 1614 2141 colentibus
1634 2108 1937 2139 communicaturus.
1980 2106 2112 2144 Quanta

1147 2156 1247 2196 igitur
1279 2160 1387 2184 nostra
1411 2154 1471 2183 erit
1495 2152 1644 2191 nequitia,
1675 2155 1796 2189 quanta
1822 2148 1963 2188 pei-fidia,
1996 2149 2056 2179 nisi
2080 2149 2111 2178 in

1148 2198 1247 2237 ipsius
1267 2196 1403 2236 gratiam
1424 2195 1576 2226 faciamus
1597 2204 1676 2233 quae
1693 2192 1893 2223 Ionathanus
1906 2192 1938 2221 in
1954 2190 2113 2221 Davidis?

1148 2241 1192 2271 Et
1223 2241 1283 2270 nisi
1308 2237 1433 2269 ardent-i
1459 2237 1565 2268 studio
1587 2237 1691 2276 ipsum
1716 2244 1906 2274 quocunque
1930 2233 2059 2264 duxerit
2083 2241 2113 2263 et

1149 2281 1311 2314 vocaverit
1352 2281 1441 2319 sequi
1481 2279 1583 2319 pai-ati
1618 2276 1794 2308 fuerimus?
1842 2275 2043 2306 Ionathanus
2079 2284 2112 2306 ut

1148 2325 1275 2355 mortali
1310 2323 1416 2353 datam
1453 2323 1548 2352 fidem
1583 2326 1736 2356 servaret,
1780 2318 1905 2349 nullum
1941 2318 2113 2349 discrimen

1147 2368 1274 2406 refugit,
1299 2376 1413 2396 nos-ne
1437 2365 1514 2394 adeo
1539 2364 1672 2403 ignaros
1697 2368 1733 2392 ut
1752 2363 1785 2392 in
1805 2360 1863 2391 filii
1882 2359 1945 2391 Dei
1965 2361 2113 2401 gratiam,

1147 2410 1257 2440 mortis
1281 2407 1458 2448 periculum
1483 2406 1570 2437 adire
1594 2416 1655 2435 non
1679 2402 1877 2435 audeamus?
1902 2402 1972 2433 Nae
1993 2411 2115 2442 quanto

1147 2452 1245 2482 distat
1275 2449 1446 2481 intervallo
1478 2448 1598 2479 veritas
1629 2458 1647 2477 a
1670 2448 1783 2487 figura,
1819 2456 1855 2476 eo
1878 2445 1982 2485 magis
2005 2456 2113 2476 coram

1147 2494 1217 2524 Deo
1241 2491 1474 2524 inexcusabiles
1498 2490 1626 2520 erimus.
1673 2489 1756 2520 Nam
1782 2488 1867 2519 unde
1891 2498 2021 2527 quaese,
2048 2495 2113 2518 tam

1148 2536 1331 2566 vehementi
1379 2533 1539 2563 amicitiae
1581 2532 1708 2562 vinculo
1751 2529 1870 2562 Davidi
1911 2530 2115 2562 Ionathanus

1146 2579 1276 2609 iunctus
1306 2577 1374 2613 fuit,
1407 2582 1441 2606 ut
1466 2575 1668 2615 propriorum
1691 2574 1942 2610 commodorum,
1973 2576 2005 2603 et
2028 2573 2113 2604 vitae

1147 2620 1266 2650 oblitus
1297 2617 1414 2649 Davidi
1446 2617 1564 2648 afflicto
1586 2616 1683 2647 ferret
1706 2627 1808 2656 opem,
1840 2614 1904 2645 nisi
1928 2626 1967 2645 ox
1990 2615 2111 2646 intuitu

1848 2667 1881 2691 24
