2551 3044
396 233 457 265 619

401 326 502 367 gratia
535 334 634 364 quum
660 321 818 353 Davidem
845 322 876 351 in
902 320 1017 360 capitis
1041 319 1213 350 discrimen
1239 319 1365 350 venisse

398 368 552 403 videmus,
582 372 613 397 ct
643 365 689 396 illi
721 365 871 404 deinceps
902 363 1044 393 oblatum
1076 372 1094 392 a
1124 360 1194 392 Deo
1224 360 1364 393 laetitiae

398 415 638 451 argumentum,
663 407 814 438 docemur
834 416 911 437 vera
931 405 992 436 fide
1005 405 1112 436 Deum
1136 403 1364 443 invocandum,

397 461 427 484 et
459 452 496 483 ad
529 453 630 492 ipsius
661 451 836 481 bonitatem
861 447 1123 489 confugiendum,
1148 447 1280 478 minime
1303 446 1361 477 du-

396 496 537 527 bitantes
567 494 644 534 quin
675 503 730 533 pro
760 492 886 523 infinita
916 496 948 522 et
972 489 1164 521 immutabili
1187 490 1288 530 ipsius
1312 500 1366 530 po-

398 539 499 570 tentia
537 548 594 568 nos
626 548 642 567 e
671 535 759 566 mille
791 535 903 565 mortis
934 533 1083 574 periculis
1113 543 1224 564 eruere
1256 533 1366 573 possit,

399 587 429 613 et
469 586 613 612 mortuos
648 579 743 610 etiam
777 578 861 608 vitae
894 577 1075 607 restituere.

402 634 502 655 unum
517 628 672 663 superest,
693 627 727 651 ut
749 630 958 661 quaecunque
978 619 1120 651 conditio
1139 624 1249 649 nostra
1269 618 1365 649 fuerit

400 711 455 741 fiet
485 719 583 750 quum
608 709 712 748 ipsum
737 706 937 737 defensorem
962 710 1109 736 nostrum
1131 715 1201 735 esse
1224 714 1363 745 agnove-

400 754 511 789 rimus,
537 758 567 782 et
587 761 660 781 eum
680 761 719 780 ex
743 749 850 779 animo
874 748 995 788 precati
1019 748 1181 784 fuerimus,
1205 753 1239 777 ut
1265 746 1365 777 nostri

401 796 604 832 misereatur,
627 798 658 824 et
672 792 901 833 promissiones
915 791 1015 831 ipsius
1034 790 1175 831 amplexi
1198 789 1365 826 fuerimus,

401 849 454 870 eas
468 837 611 878 persuasi
631 835 670 866 ad
691 846 749 866 nos
769 834 931 875 pertinere
955 844 1034 874 quos
1058 844 1099 864 ex
1123 832 1260 863 inimicis
1284 831 1366 861 filios

402 882 485 918 fecit,
509 887 539 911 et
554 890 610 920 per
631 878 726 910 fidem
746 876 906 917 evangelii
927 876 1071 907 membra
1094 875 1152 906 filii
1172 875 1220 906 sui
1234 873 1366 904 Domini

401 925 501 955 nostri
536 922 610 953 Iesu
644 921 784 953 Christi:
827 919 963 960 denique
998 926 1033 950 ut
1069 918 1151 949 hane
1187 917 1364 947 doctrinam

402 967 521 998 certius
550 964 818 1005 complectamur,
849 963 989 994 sciamus
1018 960 1179 992 Davidem
1212 968 1365 999 tanquam

401 1010 538 1050 figuram
563 1008 693 1038 Domini
725 1006 826 1037 nostri
851 1004 925 1036 Iesu
950 1005 1072 1035 Christi
1105 1002 1197 1033 nobis
1220 1001 1365 1042 proponi,

402 1060 432 1084 et
472 1058 625 1091 tanquam
666 1048 832 1089 exemplar
869 1047 951 1088 quod
986 1046 1106 1077 imitari
1141 1056 1197 1076 nos
1231 1050 1364 1084 oportet,

402 1093 660 1135 quandoquidem
691 1102 860 1124 commune
892 1091 950 1130 ipsi
980 1096 1011 1121 et
1036 1089 1126 1120 uobis
1149 1096 1197 1119 est
1221 1087 1304 1127 quod
1327 1085 1365 1117 de

402 1139 469 1178 ipso
489 1138 652 1169 recitatur.
677 1135 759 1166 Nam
780 1135 807 1165 si
827 1133 974 1173 specialis
997 1133 1065 1163 eius
1088 1130 1229 1163 conditio
1254 1130 1365 1161 fuisset

402 1188 433 1212 et
457 1191 473 1210 a
498 1186 609 1211 nostra
634 1179 751 1219 dispar,
782 1176 1050 1207 obiiceremus.ea
1074 1184 1154 1214 quae
1179 1174 1236 1213 ipsi
1261 1173 1364 1204 conti-

402 1229 530 1264 gerunt,
555 1234 615 1253 non
630 1232 721 1262 posse
742 1220 831 1251 nobis
854 1230 922 1249 esse
948 1217 1046 1257 utilia,
1071 1228 1173 1257 neque
1197 1217 1230 1246 in
1255 1226 1364 1246 exem-

402 1266 492 1307 plum
524 1265 671 1306 proponi:
704 1263 757 1294 sed
789 1272 886 1302 quum
917 1260 1017 1291 oculis
1042 1260 1161 1291 nostris
1185 1258 1363 1294 exhibetur,

403 1316 557 1349 tauquam
592 1308 695 1348 figura
729 1305 859 1336 Domini
894 1304 994 1334 nostri
1028 1303 1100 1334 Iesu
1132 1302 1272 1333 Christi.
1310 1301 1364 1341 qui

403 1359 499 1392 eaput
533 1357 679 1381 nostrum
710 1355 767 1386 est,
797 1353 884 1379 certo
911 1347 1030 1377 inferre
1053 1355 1223 1386 possumus
1249 1344 1364 1375 libera-

403 1396 504 1425 tiones
524 1404 603 1434 quas
622 1399 773 1432 expertus
792 1396 840 1421 est
860 1390 950 1420 nobis
974 1389 1070 1419 etiam
1095 1387 1188 1418 hodie
1211 1387 1365 1428 promitti,

403 1444 433 1468 et
464 1437 503 1467 ad
535 1447 592 1467 nos
623 1441 782 1476 spectare,
813 1438 850 1464 ut
877 1432 1011 1463 minime
1041 1431 1226 1462 dubitemus
1257 1431 1364 1461 Deum

403 1490 462 1511 nos
475 1490 573 1510 manu
593 1483 755 1509 tenentem
776 1487 815 1507 ex
838 1475 987 1506 omnibus
1009 1474 1160 1514 perieulis
1184 1479 1364 1513 opportuno

403 1528 545 1563 tempore
576 1527 758 1552 eruturum:
795 1519 869 1549 licet
899 1518 1040 1558 undique
1071 1517 1185 1548 mortis
1216 1515 1366 1557 periculis

402 1575 586 1606 urgeamur.

488 1608 659 1639 Caeterum
684 1605 745 1636 ista
768 1605 836 1635 fieri
862 1614 923 1634 non
949 1614 1040 1643 posse
1066 1602 1134 1634 sine
1158 1601 1285 1643 magnis
1309 1612 1366 1632 an-

403 1651 518 1693 gustiis
550 1656 581 1681 et
612 1648 853 1680 difficultatibus
882 1647 1095 1678 certissimum
1126 1651 1183 1683 est,
1214 1644 1367 1684 quemad-

402 1694 532 1725 modum
565 1700 596 1723 et
624 1690 784 1722 Davidem
816 1689 963 1720 videmus
993 1689 1083 1729 gravi
1112 1689 1289 1719 tentatione
1320 1687 1366 1718 af-

403 1738 520 1769 fectum
553 1745 650 1776 quum
682 1735 726 1765 ait
755 1734 862 1764 animo
885 1733 1086 1772 perturbato:
1117 1730 1298 1771 Aliquando
1321 1730 1367 1760 in-

403 1780 503 1811 cidam
536 1780 567 1810 in
597 1787 710 1809 manus
731 1776 846 1813 Saulis,
876 1785 974 1806 nonne
996 1775 1106 1806 melius
1128 1776 1172 1805 est
1192 1776 1225 1804 ut
1245 1773 1366 1814 fuyiam

405 1826 432 1854 et
449 1822 551 1854 salver
569 1822 601 1852 ‘in
625 1824 708 1851 terra
734 1818 998 1850 Philistinorum?
1019 1816 1167 1848 Profecto
1191 1817 1249 1847 has
1273 1825 1366 1846 voces

405 1864 583 1900 effundens,
613 1870 642 1894 et
672 1862 793 1893 nullam
826 1861 920 1892 aliam
946 1861 1104 1891 rationem
1128 1869 1297 1900 superesse
1319 1864 1367 1889 tu·

407 1908 524 1939 tandac
549 1907 633 1937 vitae
657 1905 849 1935 existimans
873 1914 969 1944 quam
993 1902 1033 1934 ad
1057 1903 1166 1934 hostes
1185 1902 1366 1942 confugere,

406 1951 486 1982 satis
517 1949 669 1981 indicavit
701 1947 921 1988 perturbatum
954 1947 1051 1977 fuisse
1081 1946 1182 1986 ipsius
1212 1945 1367 1982 animum,

407 2004 501 2034 quem
534 1993 564 2023 in
598 1992 680 2022 hane
709 1998 739 2021 et
771 1990 857 2020 illam
884 1997 1005 2029 partem
1030 1989 1202 2019 fluctuasse
1226 1987 1366 2024 dubium,

407 2042 438 2068 et
454 2035 537 2076 apud
558 2045 592 2066 se
617 2034 825 2066 vehementer
848 2032 1003 2063 luctatum
1029 2031 1163 2071 ideoque
1186 2031 1272 2061 istud
1296 2040 1368 2062 eon-

407 2080 514 2111 silium
550 2077 588 2109 ad
620 2076 812 2108 Philistaeos
840 2075 1045 2115 confugiendi
1077 2074 1207 2104 tandem
1237 2074 1366 2113 cepisse.

409 2122 494 2161 Quid
515 2120 581 2152 ita?
605 2119 744 2155 obsecro,
770 2118 893 2148 tantine
914 2118 1013 2147 vitam
1037 2128 1127 2148 suam
1143 2116 1249 2148 David
1274 2116 1365 2147 facie

408 2165 460 2195 bat
476 2170 510 2195 ut
523 2174 594 2195 eum
615 2161 789 2194 incredulis
808 2160 993 2192 conversari
1015 2160 1105 2190 malit
1128 2170 1222 2199 quam
1247 2159 1368 2190 diutius

408 2208 441 2238 in
454 2206 574 2238 Iudaea
592 2205 871 2246 persequutionem
892 2202 977 2243 pati?
1004 2204 1056 2233 vix
1081 2203 1165 2233 euim
1189 2213 1221 2233 se
1246 2207 1370 2242 poterat

409 2250 448 2281 ab
489 2250 575 2281 omni
616 2248 830 2287 corruptionis
864 2246 934 2277 labe
966 2246 1143 2276 immunem
1178 2246 1279 2276 tueri:
1313 2243 1368 2276 sed

410 2299 517 2324 tamen
546 2292 678 2323 minime
709 2290 839 2321 dubium
868 2294 916 2320 est
939 2288 1015 2328 quin
1040 2288 1180 2328 sigillum
1206 2288 1367 2328 integrum

410 2336 571 2375 fidemque
585 2334 750 2365 retinuerit
767 2334 865 2363 factae
879 2331 936 2363 sibi
952 2332 1170 2371 promissionis
1187 2342 1203 2361 a
1218 2331 1366 2367 Domino,

410 2386 442 2410 et
455 2379 530 2419 quin
544 2378 582 2408 ab
601 2377 687 2407 omni
713 2376 885 2406 ambitione
907 2382 939 2405 et
961 2375 1097 2404 avaritia
1122 2374 1215 2404 fuerit
1239 2373 1366 2404 alienis-

411 2423 520 2452 simus.
547 2421 638 2455 Nam,
663 2426 695 2449 ut
716 2419 851 2459 ipsemet
876 2418 904 2448 in
931 2417 1061 2457 psalmis
1083 2424 1227 2451 testatur,
1253 2417 1285 2446 in
1309 2416 1367 2446 Dei

411 2474 526 2495 manus
541 2464 639 2493 vitam
661 2473 748 2493 suam
772 2461 924 2500 reposuit,
948 2467 978 2490 ct
1003 2461 1051 2490 ius
1075 2459 1180 2500 regiae
1203 2459 1367 2499 diguitatis

412 2507 470 2539 sibi
502 2505 625 2537 debitae
654 2516 717 2535 nun
748 2504 874 2540 abiecit,
905 2505 987 2543 quod
1023 2503 1054 2533 in
1085 2512 1122 2533 ea
1153 2503 1255 2542 posita
1285 2507 1368 2532 esset

412 2550 525 2581 salutis
541 2549 641 2588 ipsius
654 2555 802 2578 aeternae
815 2557 896 2586 spes,
920 2545 1075 2585 siquidem
1096 2556 1159 2576 nou
1179 2545 1216 2575 de
1241 2551 1367 2575 terreno

412 2601 443 2625 et.
467 2593 585 2624 caduco
611 2592 691 2621 hono
715 2590 834 2629 aliquo,
863 2588 917 2620 sed
941 2588 978 2619 de
1002 2596 1088 2619 certo
1113 2589 1245 2628 pignore
1269 2587 1366 2618 futuri

413 2636 489 2666 olim
524 2634 614 2674 regni
646 2633 776 2663 Domini
814 2632 913 2662 nostri
945 2631 1017 2662 Iesu
1049 2631 1170 2662 Christi
1202 2630 1365 2671 agebatur.

413 2680 520 2718 Quare
544 2677 634 2707 illum
657 2676 799 2716 oportuit
823 2676 920 2705 variis
943 2675 1026 2705 affici
1049 2674 1134 2705 curis
1158 2681 1188 2704 et
1212 2673 1367 2704 molestiis

1128 576 1275 616 Denique
1305 575 1366 607 hoc
1390 599 1393 606 ,

1391 628 1394 639 ·
1418 617 1662 653 nedieereutur,

400 668 500 699 vitam
533 672 674 696 nostram
707 675 738 694 ιιι
771 663 872 702 ipsius
902 672 1018 693 manus
1042 661 1251 702 deponamus,
1283 660 1393 701 quod*

1204 224 1304 256 HOM
1312 225 1405 257 ILIA
1430 224 1572 257 XCVII.

1390 348 1392 368 l

1393 2353 1394 2368 ἰ
1419 2331 1486 2361 suis
1511 2332 1646 2370 peccatis
1676 2330 1847 2361 adversum
1872 2339 1905 2359 se
1930 2332 2152 2368 provocarant.

2315 225 2378 258 620

1417 326 1448 349 et
1479 329 1550 350 cuin
1583 317 1692 348 multis
1722 317 1965 350 difficultatibus
1996 319 2127 350 luctari:
2155 318 2227 350 lieet
2256 319 2379 351 dulcior

1418 362 1476 402 ipsi
1509 371 1594 391 mors
1625 360 1731 391 futura
1762 362 1882 397 fuisset,
1914 371 2010 401 quam
2041 361 2124 392 inter
2147 360 2378 394 sollicitudines

1391 435 1393 442 ,
1417 412 1447 434 et
1467 403 1673 434 difficultates
1698 404 1782 434 vitae
1805 404 1980 444 productio.
2005 403 2092 443 Quin
2109 409 2141 435 et
2160 405 2262 444 ipsum
2277 403 2380 436 Abra-

1418 447 1548 477 hamum
1579 456 1616 477 eo
1647 445 1812 477 redactum
1842 446 2003 483 videmus,
2035 451 2069 477 ut
2099 446 2215 478 Saram
2247 457 2380 478 uxorem

1418 496 1604 529 exponeret,
1633 490 1724 520 cuius
1754 490 1896 529 profecto
1927 488 2066 520 dedecus
2095 495 2198 520 morte
2221 489 2380 521 redimere

1418 532 1599 563 maluisset:
1635 531 1689 562 sed
1715 532 1864 572 quoniam
1890 531 1981 562 Deus
2005 532 2066 572 ipsi
2089 533 2290 572 promiserat,
2314 532 2381 563 fore

1419 582 1451 606 ut
1476 586 1514 605 ex
1540 586 1596 605 suo
1620 574 1742 605 semiue
1766 576 1977 606 suscitaretur
2000 575 2026 606 is
2049 575 2081 605 in
2106 585 2168 615 quo
2191 585 2303 606 omnes
2327 574 2380 606 be-

1705 617 1823 648 idcireo
1858 618 1957 648 vitam
1992 628 2083 648 suam
2117 618 2200 648 tueri
2235 622 2380 655 conatur,

1418 661 1500 701 quud
1536 660 1574 690 ab
1609 671 1644 691 ea
1680 660 1783 691 salute
1817 667 1847 690 et
1881 670 1975 691 snam
2005 666 2037 691 et
2065 661 2208 691 omnium
2242 659 2381 700 pendere

1418 703 1650 744 quodammodo
1678 702 1813 737 videbat.
1843 709 1876 733 et
1907 710 2060 743 tanquam
2088 703 2219 734 vinculo
2241 702 2380 743 quodam

1418 746 1578 786 coniungi.
1606 746 1645 776 Ni
1661 746 1759 786 igitur
1783 746 1924 784 vixisset,
1945 746 2048 786 perire
2071 745 2227 776 mundum
2253 746 2382 776 univer·

1391 805 1393 807 ·
1418 799 1488 819 sum
1513 789 1723 836 oportuisset:
1751 798 1823 836 spes
1843 789 1928 819 enim
1952 789 2067 819 salutis
2091 788 2180 819 nulla
2204 788 2381 828 apparebat

1419 832 1490 869 alia,
1527 832 1587 862 nisi
1623 832 1654 861 in
1688 841 1811 862 semine
1843 831 1897 861 illo
1929 831 2105 869 benedicto,
2135 831 2218 871 quod
2250 841 2290 862 ex
2312 831 2381 871 ipso

1420 874 1508 904 Deus
1521 881 1589 904 erat
1607 874 1832 905 suscitaturus.
1858 873 1978 905 Idcirco
1992 874 2094 915 igitur
2115 874 2212 905 vitam
2234 878 2268 904 ut
2292 878 2382 904 tuea-

1419 923 1472 947 tur
1495 917 1574 947 nulli
1601 917 1646 947 rei
1671 917 1781 956 parcit,
1812 917 1911 948 donee
1935 927 1953 947 a
1976 916 2046 947 Deo
2069 916 2151 957 quod
2177 916 2383 956 exspectabat

1417 959 1570 990 obtineat.
1614 959 1733 990 Eadem
1765 966 1813 990 est
1838 959 1974 991 Davidis
2005 960 2094 995 ratio,
2126 960 2179 999 qui
2204 959 2330 997 millies,
2353 959 2383 991 si

1418 1002 1486 1032 fieri
1518 1003 1689 1042 potuisset,
1718 1003 1798 1032 mori
1830 1002 1993 1042 elegisset,
2024 1013 2118 1042 quam
2152 1001 2236 1043 apud
2260 1001 2382 1033 alienos

1417 1045 1676 1075 commemorari:
1702 1045 1757 1076 sed
1772 1046 1898 1076 interim
1919 1046 2018 1076 fretus
2039 1045 2148 1076 divina
2171 1044 2382 1085 promissione

1417 1099 1450 1118 se
1475 1088 1508 1117 in
1532 1087 1656 1127 regiam
1682 1086 1871 1128 dignitatem
1896 1094 2043 1119 evectum
2068 1088 2116 1126 iri,
2146 1087 2382 1128 tantisperdum

1416 1130 1518 1171 ipsius
1532 1135 1684 1170 appareat
1697 1129 1882 1170 redemptor
1901 1131 1996 1162 saluti
2017 1140 2094 1161 suae
2113 1130 2274 1162 consuluit
2297 1129 2383 1171 apud

1417 1172 1611 1207 idololatras.
1636 1172 1717 1212 quod
1743 1173 1818 1204 alibi
1842 1184 1905 1204 non
1930 1179 2046 1214 posset.

1504 1216 1604 1246 Porro
1628 1225 1724 1255 quum
1750 1215 1868 1247 dicitur
1882 1216 1988 1247 David
2013 1216 2213 1247 habitavisse
2236 1216 2271 1246 in
2292 1215 2383 1247 Geth

1417 1269 1488 1290 cum
1521 1269 1595 1299 rege
1620 1258 1720 1289 Achis
1753 1258 1821 1297 ipse
1849 1264 1881 1289 et
1911 1259 1970 1289 viri
2001 1260 2069 1290 eius
2100 1264 2131 1289 et
2163 1258 2276 1290 domus
2304 1259 2382 1299 eius,

1419 1310 1450 1332 et
1478 1301 1558 1332 duae
1589 1310 1706 1332 uxores
1734 1301 1851 1340 ipsius,
1882 1311 1921 1332 ex
1953 1311 1989 1332 eo
2024 1306 2158 1342 apparet
2191 1300 2383 1332 admiranda

1417 1345 1541 1375 ratione
1566 1343 1671 1374 Deum
1703 1343 1799 1374 corda
1823 1344 2072 1375 Philistinorum
2097 1344 2233 1381 flexisse,
2260 1349 2296 1374 ut
2318 1343 2384 1375 Da-

1419 1387 1524 1418 videm
1547 1398 1619 1418 cum
1644 1386 1766 1417 familia
1790 1393 1854 1417 tam
1880 1387 2065 1418 humaniter
2088 1387 2285 1427 exciperent.
2320 1386 2383 1417 Ne-

1418 1441 1479 1470 que
1510 1431 1596 1460 enim
1628 1429 1800 1460 verisimile
1832 1435 1882 1460 est
1912 1441 1951 1461 ex
1981 1430 2124 1470 ipsorum
2155 1430 2309 1460 memoria
2340 1430 2382 1460 ef-

1419 1474 1550 1504 fluxisse
1591 1472 1751 1504 canticum
1794 1472 1872 1503 illud
1915 1483 1933 1503 a
1977 1472 2166 1503 mulieribus
2200 1477 2233 1503 et
2266 1471 2383 1512 puellis

1419 1515 1644 1554 decantatum,
1675 1514 1763 1546 mille
1783 1514 1926 1555 Saulem,
1950 1515 2058 1546 decem
2085 1524 2159 1545 vero
2182 1515 2283 1546 millia
2304 1514 2385 1546 Phi-

1420 1558 1600 1589 listinorum
1628 1557 1785 1589 Davidem
1810 1558 1969 1593 cecidisse.
1998 1559 2140 1597 satisque
2163 1562 2280 1588 norant
2303 1567 2385 1598 qua-e

1420 1601 1536 1632 damna
1567 1602 1644 1642 ipsis
1670 1601 1776 1631 David
1800 1601 1978 1632 intulisset:
2009 1611 2044 1631 ae
2068 1599 2203 1640 proinde
2224 1600 2294 1632 fieri
2318 1610 2384 1631 non

1421 1650 1545 1684 poterat
1574 1645 1651 1685 quin
1676 1644 1820 1685 graviter
1841 1644 1900 1684 ipsi
1925 1648 2164 1681 succenserent,
2194 1643 2330 1683 ideoque
2353 1647 2386 1674 et

1418 1688 1528 1728 iugulo
1551 1688 1653 1728 ipsius
1676 1686 1764 1718 mille
1787 1687 1911 1727 gladios
1935 1687 2142 1717 intentarent.
2165 1685 2386 1725 Quamobrem

1419 1731 1509 1761 fateri
1544 1740 1676 1761 neeesse
1711 1735 1758 1760 est
1793 1729 1903 1760 divina
1938 1728 2143 1769 providentia
2176 1728 2314 1765 factum,
2349 1732 2386 1759 ut

1420 1773 1525 1804 David
1554 1774 1691 1814 gratiam
1721 1772 1805 1812 apud
1836 1773 1912 1803 istos
1944 1772 2090 1803 homines
2121 1772 2299 1808 invenerit,
2331 1770 2383 1811 qui

1418 1816 1536 1857 alioqui
1574 1817 1606 1847 in
1643 1816 1748 1856 ipsum
1787 1815 1963 1846 crudeliter
1993 1815 2146 1845 saevituri
2177 1813 2384 1846 videbantur.

1419 1859 1490 1891 Hoc
1521 1870 1615 1900 saepe
1645 1870 1736 1890 sacra
1766 1859 1927 1898 scriptura
1951 1862 2097 1894 testatur,
2129 1857 2234 1888 Deum
2257 1857 2386 1888 flectere

1419 1902 1585 1933 hominum
1620 1902 1716 1933 eorda
1750 1901 1789 1931 ad
1824 1911 1918 1932 suum
1953 1900 2138 1938 arbitrium,
2179 1905 2211 1931 et
2254 1899 2385 1940 quidem

1418 1945 1587 1976 hominum
1611 1945 1842 1985 improborum,
1865 1954 1900 1975 ae
1924 1943 2050 1974 leonum
2075 1943 2140 1974 iras
2170 1943 2215 1974 ita
2235 1943 2385 1982 frangere

1420 1994 1455 2018 ut
1488 1989 1521 2019 iu
1552 1998 1652 2029 agnos
1687 1993 1852 2018 mutentur
1886 1987 2010 2026 quoties
2045 1986 2106 2025 ipsi
2139 1985 2284 2025 videtur,
2319 1995 2384 2016 non

1420 2031 1547 2071 quidem
1578 2032 1622 2062 sic
1654 2037 1688 2061 ut
1712 2035 1860 2061 naturam
1885 2034 2013 2060 mutent
2035 2038 2172 2068 semper,
2196 2027 2250 2059 sed
2275 2033 2384 2059 tamen

1420 2080 1455 2105 ut
1485 2075 1625 2114 ipsorum
1658 2073 1798 2104 furorem
1824 2078 1855 2103 et
1879 2072 1999 2103 rabiem
2024 2071 2179 2102 adversus
2203 2081 2276 2102 suos
2298 2080 2384 2102 com-

1420 2125 1527 2156 pescat
1551 2123 1582 2148 ct
1605 2123 1760 2147 coerceat.
1806 2115 1860 2146 sie
1886 2114 2032 2145 videmus
2055 2113 2220 2144 Israelitas
2243 2113 2383 2153 gratiam

1421 2160 1582 2191 invenisse
1615 2159 1699 2199 apud
1732 2158 1920 2199 Aegyptios,
1955 2168 1972 2186 a
2007 2156 2121 2196 quibus
2152 2156 2383 2196 pretiosissima

1420 2212 1495 2233 vasa
1509 2213 1604 2233 aurea
1624 2208 1655 2232 et
1678 2208 1830 2242 argentea
1854 2203 2061 2240 aeceperunt:
2085 2198 2130 2230 sic
2153 2198 2249 2230 etiam
2272 2202 2386 2230 eontra

1420 2245 1451 2275 in
1484 2246 1622 2276 Psalmis
1655 2245 1759 2275 Deum
1795 2243 1943 2274 audimus
1974 2242 2224 2272 philistaeorum
2258 2241 2384 2273 animos

1420 2288 1616 2325 immutasse,
1646 2294 1681 2318 ut
1705 2287 1868 2318 Israelitas
1898 2289 2169 2325 persequerentur
2197 2284 2251 2323 qui
2273 2283 2383 2315 Deum

2197 2326 2381 2366 Utrumque

1420 2373 1519 2413 igitur
1532 2374 1617 2404 istud
1638 2375 1668 2404 in
1690 2383 1786 2404 manu
1803 2372 1859 2403 Dei
1885 2372 2023 2412 positum
2047 2380 2118 2401 esse
2142 2368 2380 2401 observandum

1419 2423 1481 2447 est.
1518 2417 1683 2454 nimirum,
1718 2421 1753 2446 ut
1787 2415 1910 2455 quoties
1942 2413 2001 2453 ipsi
2033 2412 2176 2450 videtur,
2206 2411 2260 2452 qui
2290 2411 2380 2452 prius

1418 2459 1510 2489 amici
1543 2461 1678 2496 fuerant,
1710 2459 1825 2489 efficiat
1851 2457 1942 2488 uobis
1965 2456 2120 2492 inimicos,
2151 2461 2183 2485 et
2206 2453 2378 2485 adversum

1419 2512 1475 2531 nos
1490 2503 1615 2539 excitet,
1640 2509 1672 2532 et
1695 2501 1772 2541 ipsis
1796 2505 1904 2531 utatur
1928 2504 2078 2538 tauquam
2103 2497 2239 2538 flagellis
2261 2496 2378 2536 quibus

1419 2554 1476 2574 nos
1510 2552 1638 2584 propter
1671 2549 1799 2584 peecata
1833 2543 1983 2583 castiget,
2018 2548 2051 2572 ut
2085 2541 2155 2580 ipsa
2186 2540 2246 2570 Dei
2279 2549 2376 2570 manu

1417 2586 1570 2617 feriamur
1591 2586 1744 2628 improbis
1765 2585 1947 2617 homiuibus
1967 2594 2024 2615 nos
2046 2582 2271 2624 affligentibus,
2295 2580 2378 2622 quod

1391 2629 1526 2660 ieet-um
1561 2641 1656 2670 opera
1692 2630 1767 2660 velit
1802 2629 1849 2659 uti
1884 2628 1922 2658 ad
1959 2631 2102 2657 nostram
2137 2625 2376 2657 correctionem.

1417 2671 1477 2702 Vel
1513 2678 1625 2703 eontra
1658 2684 1714 2713 pro
1749 2672 1890 2702 bonitate
1925 2679 1981 2701 sua
2015 2670 2174 2699 immensa
2203 2668 2257 2707 qui
2288 2668 2376 2707 prius
