2551 3044
373 227 435 257 303

372 320 526 351 adversus
561 328 594 348 se
630 319 713 357 ipsos
748 323 929 356 provovent.
982 318 1086 355 Atque
1119 315 1171 346 hic
1202 314 1361 346 Domini*

371 368 574 401 contemptus
599 359 757 399 improbos
781 367 923 399 occupat,
948 360 1000 398 qui
1026 358 1064 388 ad
1089 357 1224 397 quodvis
1247 357 1336 398 flagi-

372 406 452 435 tium
483 403 621 434 frontem
658 402 904 442 perfrienerunt.
958 401 1040 432 Nam
1074 411 1167 430 001110
1202 408 1335 440 repente

372 446 550 487 improbus:
576 455 674 485 quare
698 456 773 475 eum
797 445 850 485 qui
876 444 958 474 male
982 445 1087 474 facere
1111 443 1235 482 incipit,
1260 453 1334 483 spes

373 499 421 520 est
451 499 541 529 posse
565 488 669 518 adhue
693 488 851 518 contineri
877 488 908 517 iu
940 488 1059 517 officio:
1091 486 1147 516 sed
1172 486 1226 525 qui
1250 485 1334 516 malo

373 532 526 567 assuevit,
551 531 728 561 mercedem
755 531 846 560 sactis
869 530 935 560 suis
954 529 1203 560 convenientem
1227 538 1246 559 a
1268 528 1335 559 Deo

374 575 496 614 recipit.
539 584 652 613 nempe
687 584 704 603 a
742 572 810 603 1)οο
847 581 931 603 totus
966 571 1091 602 diabolo
1127 571 1333 610 permittitur,

373 617 458 648 unde
482 627 628 647 summus
663 615 762 646 divini
788 615 927 646 nominis
951 620 1156 654 contemptus
1181 614 1334 645 nascitur.

373 661 415 692 Et
440 658 708 699 quemadmodum
735 658 794 689 Dei
819 659 999 688 reverentia
1025 656 1159 696 improbi
1184 667 1246 687 non
1267 663 1333 687 tan·
1359 672 1361 699 χ

374 711 503 743 guntur.
537 712 641 741 neque
672 701 771 740 ipsius
805 700 930 731 iudiciis
965 704 1219 734 commoventur,
1254 710 1334 739 quae

375 757 431 786 pro
466 744 550 775 virili
578 752 737 775 conantur
769 744 859 774 irrita
891 744 1007 773 tacere:
1043 742 1088 772 510
1122 742 1217 772 etiam
1249 730 1361 782 apud¹

375 789 520 819 1101111005
545 794 697 826 tanquam
722 786 892 827 perfrictae
916 786 1028 815 frontis
1051 791 1155 815 scorta
1177 784 1335 825 depudue-
1359 773 1361 818 1

374 838 459 866 runt,
491 840 594 869 neque
624 829 761 869 amplius
787 829 857 859 boni
884 828 930 859 vel
957 827 1031 858 mali
1057 827 1241 858 discrimine
1264 828 1334 858 affi-
1360 823 1361 861 1

373 874 514 908 ciuntur,
539 872 592 902 sed
619 872 742 903 eoelum
764 878 868 902 terrae
889 871 1021 902 miscere
1042 870 1166 906 volunt,
1190 876 1225 901 ut
1244 881 1335 901 mun·
1360 870 1362 911 [

375 916 434 946 dus
474 925 600 945 summa
635 925 740 945 rerum
774 914 916 944 omnium
955 912 1143 943 confusione
1177 913 1362 948 turbetur.ss

375 961 467 997 Quae
487 969 583 998 quum
599 957 745 988 videmus
765 958 796 987 in
813 956 933 986 mundo
953 962 1016 986 tam
1038 956 1226 995 frequentia,
1245 955 1335 987 Deus
1360 954 1362 999 ξ

374 1009 422 1032 est
451 1011 652 1040 summopere
684 999 889 1034 invocandus,
923 1010 961 1029 ne
992 1009 1049 1029 1105
1081 997 1281 1038 derelinquat
1305 1005 1335 1029 et
1360 1001 1361 1010 ¹

375 1044 467 1075 nobis
491 1044 567 1082 ipsis
600 1043 780 1082 permittat:
811 1041 864 1072 sed
897 1042 1004 1080 potius
1028 1051 1126 1080 quum
1152 1041 1189 1071 ad
1214 1041 1334 1072 malum
1360 1035 1362 1062 1

375 1086 626 1119 sollicitabimur.
661 1087 755 1115 etiam
779 1085 805 1115 51
832 1085 943 1114 vitium
969 1082 1075 1114 adhuc
1099 1083 1130 1113 in
1155 1083 1258 1115 cordis
1283 1095 1334 1123 pe-

376 1129 553 1160 netralibus
587 1128 744 1159 occultum
777 1128 829 1161 sit.
866 1127 1023 1157 vomicam
1059 1126 1181 1166 aperiat
1215 1133 1246 1157 et
1277 1137 1335 1166 pus

375 1174 490 1207 eiiciat,
515 1182 554 1201 ne
578 1172 664 1201 intus
684 1177 841 1201 resectum
863 1170 965 1209 ipsum
985 1179 1040 1201 cor
1059 1169 1201 1201 suffocet.
1226 1169 1335 1208 Quart·

375 1225 475 1254 quum
510 1213 586 1244 talia
620 1213 767 1252 exempla
803 1212 893 1243 nobis
928 1218 1162 1252 proponuntur,
1205 1222 1262 1243 1105
1295 1212 1335 1243 ad

376 1259 488 1287 vivum
520 1256 602 1287 affici
631 1262 756 1296 oportet
786 1261 817 1286 et
848 1255 886 1286 ad
911 1254 1017 1285 Deum
1043 1254 1230 1285 ardentibus
1255 1255 1335 1286 votis

375 1300 528 1336 converti,
554 1309 592 1329 ne
616 1309 674 1329 nos
697 1299 729 1328 in
751 1304 816 1328 tam
836 1297 988 1328 lethalem
1008 1307 1118 1328 casum
1138 1297 1334 1337 praecipitet.

376 1344 549 1374 Caeterum
581 1352 678 1381 quum
718 1341 863 1371 1101111005
903 1341 947 1371 ita
987 1340 1182 1380 pedetentim
1218 1351 1235 1371 a
1266 1340 1335 1371 Deo

377 1385 532 1421 recedere,
553 1391 582 1415 et
603 1383 730 1414 tandem
751 1391 814 1414 tam
835 1383 945 1423 procul
965 1384 1124 1421 aberrare,
1144 1390 1178 1413 ut
1197 1383 1228 1413 in
1251 1384 1334 1413 viam

378 1434 539 1467 nequeant
553 1427 705 1466 revocari,
729 1425 865 1465 indeque
879 1426 917 1456 ab
940 1426 1087 1456 omnibus
1110 1425 1246 1456 saeculis
1269 1436 1334 1456 ma-

378 1472 444 1501 lum
479 1470 563 1501 istud
599 1469 764 1499 hominum
794 1474 920 1499 mentes
954 1478 1124 1508 occupasse
1158 1468 1335 1502 videamus.
1362 1491 1363 1506 1

378 1513 455 1544 facit
484 1523 523 1543 ne
551 1511 611 1543 hoc
642 1518 784 1551 tempore
816 1511 924 1542 mirari
959 1522 1016 1542 nos
1047 1516 1202 1551 oporteat,
1237 1521 1334 1551 quum
1362 1513 1363 1534 l

380 1555 564 1596 hypocritas
599 1553 778 1585 videbimus
808 1554 847 1584 ad
877 1560 1002 1593 tempus
1033 1555 1171 1593 speeiem
1195 1553 1334 1593 aliquam
1360 1537 1363 1590 1

379 1598 453 1629 boui
484 1607 561 1637 prae
590 1608 623 1627 se
654 1596 746 1634 ferre,
777 1596 970 1636 tandemque
1000 1608 1018 1627 a
1042 1596 1112 1628 Deo
1143 1596 1274 1637 produci
1305 1603 1335 1626 et
1360 1593 1362 1606 ¹

379 1647 533 1680 tanquam
570 1640 601 1669 in
633 1639 758 1670 theatro
787 1638 944 1673 collocari,
983 1645 1018 1669 ut
1047 1650 1155 1670 coram
1187 1639 1335 1670 omnibus

378 1684 519 1723 ipsorum
550 1682 716 1721 turpitudo
746 1688 907 1721 appareat,
937 1682 1034 1712 immo
1065 1689 1095 1712 ct
1126 1682 1203 1722 ipsis
1226 1682 1336 1722 pueris

378 1727 577 1757 innotescat:
613 1724 666 1755 scd
699 1731 806 1755 tamen
835 1724 985 1755 admonet
1015 1730 1051 1755 ut
1081 1735 1207 1755 summo
1230 1723 1336 1756 studio

380 1769 477 1799 talem
518 1767 617 1797 divini
653 1767 790 1797 nominis
829 1774 1047 1807 contemptum
1084 1768 1254 1807 fugiamus.
1296 1778 1336 1798 ne

380 1812 450 1842 istis
474 1810 657 1841 hominibus
681 1809 882 1840 nocentiores
907 1809 1035 1840 tandem
1059 1810 1271 1841 inveniamur.

466 1854 572 1892 Atque
611 1851 697 1882 istud
729 1861 859 1891 apparet
895 1863 934 1882 cx
965 1853 1149 1883 narratione
1179 1852 1337 1883 sermonis

379 1896 466 1927 111105
497 1905 590 1934 quem
615 1894 693 1926 Saul
723 1894 763 1925 ad
794 1894 1011 1925 Ionathanum
1040 1895 1140 1926 filium
1173 1903 1204 1926 et
1226 1905 1337 1926 omnes
1363 1903 1365 1911 ¹

379 1948 489 1970 servos
519 1937 639 1973 habuit,
674 1948 736 1977 quo
765 1937 824 1968 sibi
856 1938 913 1976 ipsi
946 1937 1029 1968 ultro
1059 1937 1194 1969 dedecus
1225 1947 1335 1977 perpe·
1363 1934 1364 1953 1

380 1989 532 2020 tuamque
556 1979 720 2010 infamiam
745 1980 939 2019 quaesivisse
959 1979 1096 2010 videtur.
1122 1980 1204 2010 Nam
1228 1987 1337 2020 aperte
1364 1982 1365 1987 ’

379 2034 470 2054 suam
503 2022 679 2063 perfidiam,
709 2021 819 2053 odium
850 2023 882 2052 in
914 2022 1081 2059 Davidem,
1115 2032 1338 2062 summamque
1364 2034 1365 2038 ¹

379 2066 600 2097 crudelitatem
641 2064 754 2104 prodit.
806 2064 893 2096 Hinc
923 2065 1030 2105 itaque
1064 2065 1224 2095 diseamus
1255 2065 1336 2104 quod
1364 2066 1366 2103 1

379 2109 499 2140 Paulus
530 2108 692 2146 admonet,
721 2117 774 2138 eos
803 2109 857 2147 qui
889 2108 993 2138 Deum
1025 2118 1088 2138 non
1122 2108 1279 2138 honorant
1304 2113 1338 2138 ut

380 2152 480 2189 decet,
511 2151 542 2181 in
574 2157 695 2181 tantam
728 2150 766 2181 ab
790 2149 859 2190 ipso
882 2151 1102 2181 confusionem
1127 2150 1193 2181 dari
1219 2152 1338 2189 praeci·
1362 2158 1366 2175 ⁴

381 2196 472 2234 pites,
503 2199 536 2224 ut
559 2203 599 2224 ne
622 2203 678 2223 suo
708 2193 835 2232 quidem
868 2192 980 2224 honori
1011 2199 1154 2233 parcant,
1185 2193 1238 2223 sed
1270 2203 1338 2223 sese
1364 2229 1365 2237 ἵ

383 2237 468 2267 01110
488 2235 680 2267 deridendos
702 2235 851 2266 omnibus
875 2242 1048 2275 exponant.
1081 2234 1135 2266 Sic
1158 2236 1244 2266 Deus
1263 2246 1339 2266 suae
1364 2243 1365 2246 ’

380 2279 558 2310 maiestatis
580 2285 816 2317 contemptores
839 2278 948 2310 ulcisci
971 2278 1062 2309 solet.
1108 2277 1190 2308 Nam
1215 2289 1250 2308 eo
1276 2279 1338 2308 fine
1364 2296 1365 2316 ,

381 2332 450 2352 sese
474 2322 564 2352 nobis
588 2321 748 2360 patefacit,
775 2327 806 2350 ut
828 2321 884 2360 ipsi
905 2320 1118 2360 obsequamur
1137 2319 1339 2360 debitamque

383 2365 596 2395 reverentiam
628 2363 853 2394 exhibeamus:
886 2373 1005 2403 nosque
1035 2363 1073 2394 ab
1104 2363 1172 2402 ipso
1201 2363 1232 2393 in
1265 2373 1338 2393 eum

382 2408 477 2438 finem
501 2413 625 2438 creatos
648 2407 794 2440 sciamus,
821 2414 853 2436 ut
874 2407 905 2436 in
927 2406 1016 2436 nobis
1034 2406 1240 2446 glorificetur.
1267 2406 1338 2436 Dis-

381 2460 492 2481 camus
518 2450 623 2488 itaque
638 2460 693 2479 nos
718 2448 763 2479 1111
789 2456 879 2484 10105,
903 2459 1020 2488 corpus
1044 2449 1196 2479 nimirum
1220 2454 1252 2479 et
1270 2448 1338 2478 ani·
1364 2460 1367 2478 .·

384 2503 479 2530 mam,
510 2492 614 2522 dicare
640 2493 670 2521 in
702 2492 788 2521 omni
820 2493 967 2531 puritate.
1013 2491 1082 2522 Nae
1115 2491 1141 2521 si
1175 2502 1231 2522 1105
1261 2490 1339 2521 adeo

382 2545 450 2565 esse
486 2535 620 2565 miseros
659 2534 840 2574 eontigerit,
877 2540 912 2564 ut
941 2534 978 2565 ad
1016 2533 1151 2573 quodvis
1181 2534 1337 2573 flagitium

385 2578 571 2616 praecipites
605 2587 745 2612 ruamus,
780 2587 881 2616 eoque
916 2577 1128 2607 deveniamus
1157 2576 1339 2616 impietatis,

384 2626 419 2649 ut
444 2620 503 2650 Dei
536 2629 651 2650 nomen
680 2626 885 2650 contemnere
916 2621 1047 2659 eiusque
1078 2618 1210 2659 gloriam
1237 2619 1340 2659 1110111-
1365 2602 1367 2639 1

383 2672 459 2693 nare
489 2661 683 2699 studeamus,
716 2662 833 2693 multas
864 2662 981 2693 habere
1011 2663 1116 2702 ipsum
1147 2672 1215 2693 5050
1245 2661 1338 2693 ulcis·
1366 2649 1367 2680 1

1189 220 1389 252 HOMILIA
1420 220 1529 253 LXX.

1365 2533 1367 2581 ᾗ
1392 2533 1481 2563 illum
1507 2535 1707 2571 iacularetur,
1731 2544 1811 2574 quae
1842 2534 1954 2574 parieti
1986 2533 2085 2564 infixa
2115 2539 2172 2564 est.

2287 220 2348 253 304

1387 315 1478 346 cendi
1499 316 1638 346 rationes
1657 324 1782 346 certum
1802 322 1859 346 est.
1884 314 1967 345 Nam
1988 315 2019 346 in
2041 321 2166 346 tantum
2186 321 2347 356 stuporem

1386 358 1542 397 0011110101,
1566 366 1600 389 01
1615 360 1732 388 famam
1752 356 1835 397 apud
1858 357 2003 389 homines
2025 358 2108 388 tueri
2129 358 2347 398 negligamus:

1386 400 1469 440 quod
1501 409 1635 432 naturae
1666 400 1862 431 contrarium
1885 406 1944 431 est.
1990 400 2109 440 Ecquis
2139 401 2223 431 enim
2249 401 2349 432 nescit

1386 442 1533 474 homines
1563 443 1771 483 ignominiam
1804 451 1894 472 suam
1927 449 2034 483 tegere
2065 453 2122 482 pro
2153 442 2286 481 viribus,
2317 449 2349 474 et

1386 496 1476 516 suam
1501 486 1771 517 existimationem
1796 484 1880 524 apud
1903 495 2014 517 omnes
2033 491 2175 517 sanctam
2196 491 2226 516 et
2246 485 2348 516 invio-

1387 528 1514 559 labilem
1545 539 1612 559 0550
1644 527 1748 558 velle?
1784 526 1848 559 Sed
1881 528 1900 558 ii
1929 538 2009 567 quos
2032 528 2122 559 Deus
2153 528 2184 559 in
2217 538 2347 559 sensum

1389 573 1555 611 reprobum
1588 570 1733 610 00010011,
1766 570 1854 600 00110
1882 571 2011 610 pudore,
2044 570 2133 602 nulla
2164 571 2213 602 sui
2238 571 2348 602 existi-

1387 614 1527 645 matione
1550 614 1740 650 retinentur,
1769 612 1834 643 imo
1857 612 2010 644 videntur
2032 613 2139 644 studio
2163 624 2254 645 suam
2280 620 2348 644 tur-

1388 657 1566 696 pitudinem
1591 655 1675 695 apud
1699 665 1810 686 omnes
1835 655 1938 695 palam
1963 656 2077 693 facere,
2109 663 2138 687 et
2162 667 2252 687 suam
2277 667 2348 687 cru·

1389 699 1563 735 dulit-atem,
1589 697 1754 738 perfidiam
1780 705 1809 728 et
1834 698 1938 729 scelus
1961 698 2085 738 publice
2108 699 2251 738 prodere.
2283 699 2349 730 Nos

1360 746 1361 755 ¹
1387 743 1494 781 itaque
1519 743 1542 771 si
1568 742 1718 780 sapimus,
1742 749 1773 772 et
1797 741 1859 771 0151
1885 741 2032 772 volumus
2051 741 2083 772 in
2107 741 2196 772 mille
2214 741 2349 773 difficul-

1388 791 1469 815 tates
1492 784 1640 823 ineidcre,
1664 783 1770 814 Deum
1795 784 1898 814 colere
1921 790 1953 814 et
1976 785 2125 820 revereri,
2159 794 2278 824 nosque
2301 784 2347 815 illi

1388 833 1471 857 totos
1505 838 1575 858 cum
1611 825 1749 857 candore
1779 834 1808 856 01
1841 826 2048 866 simplicitate
2082 826 2198 858 dedere
2232 827 2347 858 moniti

1388 869 1557 901 discamus.
1604 868 1725 899 Verum
1757 869 1842 899 enim
1874 868 1955 899 illud
1979 875 2026 900 est
2049 869 2132 908 apud
2158 869 2347 909 prophetam

1389 911 1528 949 Domini,
1551 912 1633 951 quod
1652 912 1798 951 superius
1817 912 2000 943 audivimus
2019 911 2159 943 dictum:
2184 911 2348 943 Honorabo

1387 965 1438 986 eos
1459 955 1513 994 qui
1537 965 1581 985 me
1603 954 1760 990 honorant,
1785 957 1813 985 et
1835 965 1884 986 cos
1902 955 2073 994 iynominia
2096 957 2123 985 et
2145 954 2286 986 dedecore
2302 955 2349 986 in-

1388 997 1515 1035 volvam,
1543 997 1595 1036 qui
1619 1007 1664 1027 me
1686 999 1878 1028 contemnunt
1900 1000 1926 1028 et
1942 998 2172 1036 parvifaciunt:
2194 997 2279 1037 quod
2298 1007 2350 1028 ra-

1389 1048 1454 1070 tum
1481 1041 1547 1071 lieri
1572 1041 1641 1079 ipsa
1664 1040 1862 1080 experientia
1886 1039 2045 1071 docemur.
2087 1039 2258 1071 Caeterum
2285 1050 2348 1071 non

1388 1083 1504 1114 debent
1536 1083 1590 1113 tilii
1623 1081 1685 1113 Dei
1719 1093 1877 1113 summam
1910 1093 2018 1122 pacem
2049 1090 2081 1113 et
2109 1083 2208 1113 otium
2233 1083 2265 1114 in
2289 1082 2349 1114 hoc

1388 1125 1507 1156 mundo
1531 1125 1590 1156 sibi
1615 1124 1772 1165 polliceri:
1797 1125 1852 1155 sed
1877 1130 1987 1156 contra
2011 1132 2201 1165 perpetuum
2226 1125 2347 1156 bellum

1385 1176 1415 1198 et
1439 1178 1582 1208 pugnam
1606 1167 1758 1207 quamdiu
1790 1168 1980 1208 superstites
2005 1168 2125 1199 fuerint
2148 1175 2346 1208 exspectare,

1388 1210 1466 1242 adeo
1485 1211 1612 1250 quidem
1634 1217 1667 1240 ut
1687 1210 1808 1241 malum
1830 1221 1929 1241 unum
1949 1211 2052 1241 multa
2071 1210 2152 1241 mala
2174 1211 2348 1251 excipiant,

1388 1261 1419 1284 et,
1451 1253 1546 1284 veluti
1576 1254 1691 1284 fluctus
1722 1253 1870 1284 fluctibus
1901 1253 2081 1291 succedant,
2116 1254 2195 1284 adeo
2226 1260 2261 1285 ut
2292 1263 2348 1293 per

1388 1296 1474 1326 101110
1499 1297 1609 1327 mortis
1633 1295 1818 1327 discrimina
1841 1306 1936 1336 aegre
1962 1296 2060 1326 vitam
2084 1297 2118 1326 in
2144 1296 2204 1327 hoc
2228 1295 2347 1327 mundo

1389 1339 1527 1370 trahant.
1565 1339 1678 1378 Neque
1703 1348 1778 1369 vero
1802 1344 1907 1369 tamen
1931 1339 2074 1369 omnium
2102 1340 2266 1370 hominum
2290 1349 2348 1379 par

1389 1389 1437 1412 est
1460 1382 1614 1412 conditio:
1640 1391 1743 1421 neque
1767 1391 1878 1412 omnes
1902 1388 1966 1412 tam
1992 1381 2080 1412 duris
2103 1382 2245 1413 exerceri
2268 1381 2348 1413 easi-

1389 1424 1447 1454 bus
1477 1435 1570 1463 quam
1606 1423 1766 1455 Davidem
1805 1423 1960 1455 videmus.
2015 1424 2091 1455 Suis
2124 1424 2210 1455 enim
2244 1424 2348 1464 parcit

1390 1466 1487 1504 Deus,
1511 1477 1644 1506 quorum
1669 1467 1892 1497 infirmitatem
1912 1467 2010 1497 novit.
2036 1466 2142 1497 David
2163 1477 2250 1503 vero,
2273 1477 2349 1508 quo-

1389 1510 1474 1540 niam
1499 1510 1629 1540 Domini
1662 1510 1762 1540 nostri
1786 1509 1860 1540 Iesu
1885 1509 2009 1540 Christi
2040 1510 2101 1540 fuit
2132 1510 2244 1549 figura,
2275 1519 2347 1549 pro-

1388 1553 1511 1592 positus
1535 1558 1582 1583 cst
1606 1552 1696 1583 nobis
1719 1551 1903 1592 exemplum
1935 1551 1974 1583 ad
1999 1552 2083 1592 quod
2107 1562 2347 1592 componamur.

1388 1595 1470 1626 Nam
1495 1602 1526 1625 et
1551 1596 1608 1626 hoe
1638 1601 1749 1625 notum
1773 1601 1837 1626 est:
1869 1593 2042 1625 Dominum
2069 1601 2213 1625 nostrum
2237 1594 2346 1626 Iesum

1390 1637 1555 1669 Christum
1580 1638 1721 1668 fidelium
1744 1637 1887 1668 omnium
1907 1648 1976 1668 esse
1995 1637 2170 1676 exemplar,
2193 1637 2347 1677 quemad-

1389 1680 1517 1711 modum
1533 1681 1651 1711 Paulus
1671 1680 1700 1711 8.
1720 1679 1759 1710 ad
1774 1680 1937 1711 Romanos
1955 1680 2059 1720 capite
2078 1679 2228 1718 declarat,
2248 1690 2347 1720 quum

1388 1723 1498 1754 fideles
1517 1723 1667 1754 admonet
1685 1728 1715 1753 et
1740 1723 1888 1754 hortatur
1907 1722 1944 1753 ad
1965 1723 2162 1763 patientiam,
2184 1723 2347 1763 proposito

1389 1767 1501 1805 capitis
1532 1766 1631 1796 nostri
1656 1765 1730 1796 Iesu
1754 1765 1877 1796 Christi
1901 1766 2057 1806 exemplo,
2088 1766 2141 1806 qui
2165 1775 2234 1797 sese
2258 1765 2348 1797 nobis

1389 1809 1553 1848 proposuit
1575 1809 1756 1848 exemplum
1782 1808 1866 1848 quod
1890 1818 2001 1840 omnes
2025 1808 2116 1840 decet
2138 1807 2267 1845 imitari,
2292 1819 2347 1839 ne-

1389 1862 1449 1890 que
1470 1852 1633 1882 meliorem
1654 1857 1805 1891 expetere
1824 1851 2038 1882 conditionem
2051 1861 2146 1891 quam
2159 1851 2219 1882 fuit
2237 1851 2347 1891 ipsius.

1393 1893 1493 1925 Docet
1516 1894 1622 1933 itaque
1647 1904 1702 1925 nos
1726 1900 1871 1934 oportere
1890 1893 1994 1933 ipsum
2020 1893 2119 1934 sequi,
2142 1899 2174 1924 et
2194 1892 2224 1924 id
2242 1894 2347 1934 ipsum

1392 1937 1422 1966 in
1438 1936 1563 1967 Davide
1583 1944 1734 1976 tanquam
1751 1936 1927 1976 exemplari
1941 1937 2133 1976 proponitur
2145 1935 2348 1968 imitandum.

1392 1979 1473 2010 Nam
1494 1990 1590 2019 quum
1614 1979 1771 2011 Davidem
1792 1980 1882 2010 Deus
1905 1985 1970 2009 tam
1991 1979 2087 2010 variis
2105 1978 2210 2010 modis
2228 1983 2262 2009 et
2283 1984 2347 2009 tam

1392 2022 1500 2053 multis
1524 2022 1752 2053 tentationibus
1775 2022 1954 2053 exercitum
1978 2022 2099 2052 auxilio
2123 2032 2180 2052 suo
2202 2021 2294 2059 iuvit,
2317 2026 2351 2052 et

1390 2076 1428 2095 ex
1454 2065 1603 2104 periculis
1626 2065 1783 2103 liberavit,
1813 2064 2023 2095 admonemur
2047 2063 2138 2095 nobis
2162 2074 2218 2103 per
2241 2064 2346 2104 ignem

1390 2114 1416 2137 et
1444 2118 1556 2147 aquam
1580 2107 1821 2144 transeundum,
1852 2112 1886 2137 ut
1911 2106 2052 2147 loquitur
2075 2106 2239 2146 Propheta
2261 2106 2347 2138 Psal.

1391 2150 1441 2181 66.
1477 2150 1506 2179 id
1541 2160 1589 2181 est
1623 2151 1730 2181 omnia
1765 2150 1913 2190 quamvis
1948 2149 2121 2180 durissima
2155 2149 2245 2180 nobis
2278 2159 2348 2180 esse

1391 2193 1561 2230 subeunda,
1592 2202 1623 2224 et
1647 2204 1719 2224 cum
1744 2193 1854 2224 multis
1876 2191 2118 2223 difficultatibus
2141 2197 2171 2222 et
2202 2191 2349 2223 afflictio-

1391 2236 1482 2266 nibus
1504 2235 1702 2273 luctandum,
1732 2246 1834 2275 neque
1855 2235 1956 2266 otium
1981 2235 2072 2265 nobis
2095 2233 2349 2274 promittendum

1391 2278 1542 2317 quamdiu
1578 2279 1610 2309 in
1645 2279 1741 2309 terris
1775 2278 1961 2313 vixerimus,
2003 2278 2092 2317 quasi
2128 2282 2198 2317 post
2231 2277 2347 2308 luctam

1393 2331 1485 2351 unam
1511 2327 1566 2351 aut
1585 2321 1719 2352 alteram
1739 2319 1903 2360 tranquilli
1923 2320 2021 2350 futuri
2042 2320 2152 2356 simus,
2172 2319 2227 2350 sed
2247 2329 2349 2351 novas

1391 2374 1516 2403 semper
1562 2363 1765 2395 difficultates
1807 2369 1837 2394 et
1872 2363 2064 2393 tentationes
2105 2361 2349 2402 exspectandas,

1391 2406 1504 2444 quibus
1529 2407 1622 2437 fidem
1647 2414 1680 2437 et
1702 2406 1891 2446 patientiam
1916 2415 2047 2436 suorum
2068 2405 2157 2436 Deus
2180 2404 2350 2445 explorare

1391 2449 1478 2479 solet.
1525 2449 1578 2480 Sic
1602 2448 1760 2480 Davidem
1791 2449 1935 2479 videmus
1968 2448 2107 2487 primum
2140 2458 2202 2478 non
2239 2446 2348 2488 procul

1391 2491 1527 2521 abfuisse
1551 2503 1567 2521 a
1591 2491 1729 2532 sepulcri
1754 2491 1912 2529 faucibus,
1939 2501 2036 2530 quum
2063 2489 2142 2522 Saul
2168 2491 2292 2521 hastam
2315 2489 2349 2520 in

2226 2531 2350 2564 Deinde

1392 2575 1534 2615 elapsum
1565 2589 1603 2608 ex
1627 2582 1718 2608 tanto
1742 2577 1893 2617 periculo,
1924 2586 2050 2607 rursum
2083 2576 2216 2606 missum
2238 2579 2350 2606 contra

1393 2618 1593 2656 l'liilistaeos,
1614 2627 1647 2650 ut
1668 2620 1808 2660 ipsorum
1824 2619 1922 2650 armis
1935 2619 2206 2659 exstingueretur.
2231 2616 2349 2649 Verum

1393 2661 1450 2691 etsi
1471 2662 1581 2701 gravia
1601 2668 1633 2693 et
1651 2662 1869 2703 periculorum
1889 2661 1983 2702 plena
2001 2661 2064 2692 ista
2082 2666 2183 2700 erant,
2207 2665 2242 2691 ut
2260 2659 2350 2691 Deus
