2551 3044
377 219 438 250 359

364 315 480 346 multos
504 314 603 354 ipsius
628 313 722 344 luxus
741 320 772 344 et
791 313 854 344 alia
878 313 1132 352 intemperanter
1151 312 1235 344 facta
1252 322 1323 344 cae-

362 358 474 388 cutiat:
507 363 538 386 et
567 356 708 387 vicissim
739 366 822 386 uxor
852 365 960 386 amore
983 355 1091 386 mariti
1123 354 1168 386 sic
1190 365 1323 395 occupe-

363 409 424 437 tur,
456 405 490 430 ut
513 399 597 430 sinat
628 398 687 429 sibi
712 398 900 438 persuaderi
923 399 949 429 si
973 397 1056 438 quod
1081 403 1249 438 peccatum
1272 397 1324 428 ad-

362 442 487 473 misisse
515 448 609 481 neget
644 452 687 481 se,
721 441 811 472 cuius
841 450 954 472 revera
987 441 1029 471 sit
1059 440 1216 472 conscius.
1270 438 1352 488 Sicl

361 490 510 525 parentes
540 483 715 515 liberorum
746 494 854 514 amore
884 483 982 514 stulto
1011 483 1190 523 capiuntur,
1222 490 1255 514 ut
1285 482 1325 514 ad

362 527 489 558 illorum
509 527 589 558 vitia
614 536 713 566 aequo
743 526 807 557 sint
828 525 1097 567 indulgentiores,
1129 531 1162 557 et
1184 525 1223 557 de
1246 526 1351 576 ipsis

360 569 567 619 peccantibus
608 579 728 609 poenas
766 579 894 600 sumere
934 579 1038 609 neque
1079 567 1182 601 velint
1221 579 1324 609 neque
1348 561 1351 603 l

360 613 443 645 sumi
462 612 642 653 patiantur:
662 618 695 643 et
713 611 855 643 vicissim
874 611 967 643 liberi
989 611 1029 642 ad
1048 616 1221 660 parentum
1245 612 1325 643 vitia

360 656 551 688 caecutiant.
597 654 699 695 Atqui
728 653 789 686 hac
822 654 947 686 ratione
982 654 1125 686 iustitiae
1155 655 1209 685 via
1231 663 1350 694 prae·
1349 664 1350 669 ¹

361 698 511 736 cluditur,
545 702 577 728 et
611 696 650 728 de
683 697 763 728 solio
797 707 855 728 suo
885 696 976 728 Deus
1007 697 1097 738 quasi
1133 696 1324 734 detrahitur,

361 741 437 772 dum
461 740 649 772 mortalium
673 750 815 771 amorem
838 739 940 780 ipsius
959 739 1078 781 gloriae
1102 739 1323 780 praeferimus.

361 784 436 823 Quo
460 785 566 824 itaque
589 782 800 823 procliviores
822 788 900 814 sunt
922 782 961 814 ad
985 781 1181 823 peccandum
1207 782 1267 813 hae
1290 782 1324 812 in
1349 788 1351 814 l

361 833 451 867 parte
486 825 647 864 mortales,
681 836 716 856 eo
751 825 906 857 attentius
939 825 1018 857 haec
1048 824 1195 857 doctrina
1225 824 1324 856 medi·
1350 825 1351 842 ³

361 869 468 904 tanda,
500 874 535 900 ut
559 869 586 900 si
610 868 721 900 amicis
745 868 795 900 vel
819 868 989 905 amicitiae,
1021 868 1071 899 vel
1095 868 1323 908 consanguini-

362 913 435 943 tatis
466 912 536 943 iure
565 910 706 942 devincti
738 921 860 951 sumus,
892 921 955 942 non
988 910 1058 942 ideo
1083 915 1190 942 tamen
1214 909 1324 942 discri-

362 965 436 985 men
469 954 544 985 iusti
575 961 607 985 et
630 954 741 985 iniusti
766 953 924 991 tollamus,
954 958 987 985 et.
1010 954 1102 994 quasi
1125 953 1227 984 lucem
1251 963 1325 985 cum

359 997 501 1029 tenebris
520 997 720 1028 misceamus.
756 995 865 1035 Quare
883 995 1066 1037 ubicunque
1085 997 1205 1027 malum
1229 996 1327 1027 fuerit

361 1041 537 1071 admissum
561 1041 700 1080 ingenue
719 1038 1001 1071 condemnandum
1025 1044 1082 1075 est,
1108 1039 1226 1070 sivein
1250 1049 1325 1070 eon-

360 1083 557 1123 sanguineis,
595 1083 665 1114 sive
706 1082 740 1113 in
780 1082 899 1119 amicis,
940 1082 1009 1113 sive
1043 1082 1077 1112 in
1113 1081 1205 1113 nobis
1238 1081 1325 1122 ipsis.

359 1126 443 1157 Nam
468 1126 495 1157 si
515 1126 644 1166 propria
664 1124 742 1156 vitia
761 1123 942 1164 expendere
961 1131 992 1155 et
1010 1123 1152 1155 iudicare
1173 1134 1235 1155 non
1254 1134 1325 1164 pos-

362 1179 483 1206 sumus,
508 1167 667 1208 quomodo
690 1168 774 1199 iuste
796 1167 827 1198 in
847 1166 926 1198 alios
945 1167 1142 1198 sententiam
1163 1166 1324 1198 feremus?

362 1210 581 1250 Quamobrem
607 1210 687 1241 nulli
710 1209 910 1250 parcendum
935 1216 991 1247 cst,
1017 1220 1052 1241 ac
1074 1220 1114 1241 ne
1138 1209 1325 1250 parentibus

361 1254 499 1294 quidem,
523 1253 715 1293 praesertim
746 1263 845 1292 quum
870 1251 909 1282 de
934 1252 995 1283 Dei
1019 1251 1140 1283 honore
1170 1258 1201 1283 et
1225 1252 1326 1293 gloria

362 1297 480 1338 agitur
525 1296 612 1328 Sane
643 1302 793 1336 parentes
824 1294 953 1335 quidem
986 1294 1163 1326 tolerandi:
1194 1295 1250 1326 sed
1281 1295 1326 1325 ita

363 1345 471 1371 tamen
502 1350 541 1370 ne
572 1339 715 1379 ipsorum
748 1337 827 1369 vitia
855 1337 1035 1369 foveantur.
1084 1337 1119 1369 Si
1146 1338 1216 1378 quis
1239 1337 1326 1369 filius

363 1383 441 1414 vitia
465 1381 565 1423 patris
589 1381 687 1418 novit,
712 1380 767 1411 illa
791 1379 884 1411 debet
907 1380 1019 1418 odisse,
1051 1386 1239 1420 patremque
1270 1380 1325 1411 ad-

362 1435 503 1462 monere,
527 1430 559 1456 et
582 1424 609 1455 si
633 1428 739 1464 potest
762 1422 801 1454 ad
820 1423 985 1454 meliorem
1005 1429 1147 1454 mentem
1167 1433 1325 1454 revocare.

362 1468 470 1499 Huius
493 1467 538 1499 rei
561 1466 747 1506 exemplum
772 1471 839 1497 esto
862 1465 1075 1503 Ionathanus‚
1105 1466 1158 1505 qui
1190 1465 1228 1497 de
1259 1476 1325 1496 ma-

364 1511 433 1542 litia
454 1510 582 1550 quidem
603 1509 704 1549 patris
723 1508 872 1548 loquitur,
897 1518 992 1548 quam
1016 1516 1090 1540 ante
1114 1515 1326 1549 cognoverat:

363 1553 418 1585 sed
443 1552 655 1584 nihilominus
687 1552 719 1582 in
744 1552 846 1591 ipsius
877 1550 1061 1582 obedientia
1083 1551 1272 1591 permansit,
1296 1557 1327 1582 et

364 1595 493 1636 quidem
525 1595 562 1626 ad
587 1601 723 1626 mortem
748 1604 849 1634 usque
873 1601 923 1624 est
951 1594 1055 1634 ipsum
1077 1594 1260 1632 comitatus,
1290 1599 1327 1625 ut

364 1639 514 1678 deinceps
537 1637 729 1669 videbimus.
775 1637 827 1668 Ex
859 1647 922 1676 quo
953 1642 1085 1677 apparet
1115 1637 1220 1677 ipsum
1251 1638 1325 1668 ami-

365 1682 438 1713 citia
471 1691 579 1712 rerum
614 1679 799 1711 mortalium
834 1689 900 1710 non
935 1678 1108 1711 abductum
1145 1679 1183 1710 ab
1219 1690 1326 1711 amore

366 1724 485 1755 divino.
531 1723 586 1755 Sic
605 1733 681 1763 ergo
701 1722 779 1753 vitia
798 1722 1021 1762 proximorum
1040 1721 1143 1753 odisse
1163 1722 1326 1760 debemus,

367 1774 402 1798 ut
431 1777 511 1806 quae
541 1765 637 1797 officii
663 1765 761 1797 nostri
793 1770 901 1805 partes
933 1765 1101 1805 requirunt
1131 1765 1207 1805 ipsis
1231 1765 1326 1795 facia-

364 1819 446 1849 mus,
465 1815 496 1840 et
516 1819 556 1840 ne
576 1808 637 1839 Dei
658 1807 791 1839 verbum
811 1808 1013 1847 contemptui
1035 1807 1222 1839 habeamus.
1246 1808 1326 1839 Cae-

365 1857 468 1883 terum
500 1861 599 1892 quum
630 1849 838 1882 iureiurando
868 1856 1061 1881 renovatum
1092 1850 1190 1882 fuisse
1214 1849 1328 1882 foedus

365 1894 445 1926 illud
479 1894 565 1925 inter
598 1892 760 1924 Davidem
793 1899 824 1924 et
846 1892 1066 1924 Ionathanum
1096 1892 1326 1924 animadverti-

364 1947 446 1974 mus,
476 1947 515 1968 ex
539 1947 576 1968 eo
599 1941 735 1977 apparet
757 1936 791 1966 in
815 1935 1000 1966 hominibus
1023 1945 1091 1966 esse
1115 1946 1242 1975 semper
1268 1935 1324 1966 ali-

366 1979 441 2020 quid
467 1979 683 2011 diffidentiae:
715 1978 798 2019 quod
828 1989 887 2009 nos
918 1988 981 2009 non
1006 1983 1131 2018 oportet
1153 1977 1325 2009 admodum
1354 1974 1356 2006 l

366 2023 486 2054 mirari.
532 2021 616 2053 Nam
640 2021 668 2053 si
690 2031 764 2053 cum
788 2020 859 2052 Deo
880 2020 947 2051 solo
972 2031 1022 2052 res
1045 2021 1087 2051 sit
1109 2019 1210 2058 nobis,
1230 2031 1326 2060 quam

366 2065 476 2097 multis
507 2074 625 2105 quaeso
657 2063 868 2095 distrahimur
897 2062 1150 2105 cogitationibus
1180 2070 1212 2094 et
1234 2063 1326 2094 dubi-

367 2107 552 2146 tationibus,
584 2107 698 2148 quibus
727 2116 819 2138 mens
851 2111 960 2138 nostra
991 2112 1145 2146 tanquam
1175 2106 1327 2137 fluctibus
1355 2121 1357 2135 ι

366 2151 488 2191 agitata
515 2149 664 2181 aestuat?
710 2148 796 2188 Quid
829 2159 905 2190 ergo
937 2148 1081 2180 futurum
1118 2153 1268 2188 putamus
1301 2149 1326 2180 si

366 2203 438 2224 cum
479 2192 666 2224 hominibus
708 2191 873 2232 negotium
912 2190 1104 2228 habeamus,
1144 2201 1223 2231 quos
1260 2196 1326 2222 tam

366 2235 539 2268 variabiles
563 2241 595 2267 et
616 2235 835 2266 inconstantes
858 2244 928 2266 esse
951 2240 983 2265 et
1002 2241 1066 2264 tam
1087 2233 1201 2274 plenos
1219 2244 1327 2273 super-

367 2279 437 2310 biae
466 2283 498 2310 et
532 2288 652 2318 pravae
687 2277 866 2308 voluntatis
900 2275 1074 2308 novimus?
1119 2275 1213 2314 Quod
1251 2286 1328 2316 ergo

366 2321 572 2353 iureiurando
602 2320 714 2351 foedus
744 2320 830 2351 inter
862 2318 1081 2350 Ionathanum
1111 2324 1143 2350 et
1166 2318 1327 2350 Davidem

368 2372 557 2395 renovatum
583 2363 740 2398 videmus,
772 2362 892 2393 factum
916 2367 965 2393 ost
987 2367 1024 2393 ut
1046 2360 1084 2393 de
1109 2361 1243 2393 alterius
1266 2360 1328 2392 fide

367 2413 480 2438 neuter
511 2406 652 2446 ipsorum
682 2405 855 2441 dubitaret,
884 2410 916 2436 et
946 2404 1136 2435 nominatim
1168 2410 1203 2435 ut
1232 2403 1327 2435 Iona-

368 2449 486 2481 thanus
509 2448 679 2484 Davidem,
711 2458 806 2488 quem
835 2448 868 2478 in
899 2452 1005 2478 tantas
1029 2446 1195 2488 angustias
1219 2446 1327 2478 redac-

368 2498 436 2523 tum
461 2491 598 2529 videbat,
627 2491 796 2523 certiorem
827 2490 866 2522 de
896 2500 953 2521 sua
974 2490 1114 2522 amicitia
1143 2494 1176 2520 et
1198 2489 1327 2531 egregia

368 2536 399 2566 in
431 2535 536 2574 ipsum
568 2532 737 2564 voluntate
767 2533 895 2565 faceret.
949 2531 1022 2572 Quo
1051 2532 1199 2572 exemplo
1233 2531 1326 2563 debe-

370 2587 440 2608 mus
463 2576 596 2608 excitari
621 2575 660 2607 ad
683 2576 845 2616 proximos
869 2575 1097 2614 admonendos,
1126 2584 1224 2615 quum
1248 2574 1327 2606 vitia

1179 217 1380 249 HOMILIA
1404 216 1547 249 LXXV.

370 2619 522 2659 quaedam
559 2619 591 2650 in
627 2619 704 2659 ipsis
733 2618 857 2649 occulta
888 2617 1079 2655 videbimus,
1114 2628 1154 2649 ne
1184 2617 1325 2657 ipsorum

371 2663 446 2693 vuia
479 2666 626 2703 tegentes
664 2661 696 2692 in
733 2666 857 2701 partem
892 2660 1005 2701 culpae
1044 2670 1118 2692 cum
1160 2660 1237 2701 ipsis
1271 2669 1325 2691 ve-

2283 216 2346 248 360

1383 311 1524 342 niamus:

1383 355 1495 385 caturi.

1467 396 1536 427 Iam
1560 405 1638 426 vero
1662 395 1755 435 agite,
1777 398 1828 426 ete.

1571 310 1652 350 quod
1703 309 1848 350 pluribus
1894 308 2043 350 deinceps
2090 320 2200 342 sumus
2239 311 2342 352 expli·

1648 565 1893 606 HOMILIA
1919 565 2082 606 LXXV·

1463 650 1510 681 12.
1538 650 1698 690 Quumque
1719 650 1853 682 exissent
1875 650 1962 682 ambo
1984 652 2018 682 in
2041 661 2160 692 aqrum,
2183 651 2229 683 ait
2244 651 2334 683 Iona·

1349 694 1445 726 thas
1463 693 1505 725 ad
1522 693 1648 725 David:
1671 692 1805 725 Domine
1822 693 1911 725 Deus
1930 693 2047 725 Israel.-
2069 694 2098 725 si
2121 694 2338 735 investigavero

1348 767 1351 774 ,
1377 736 1559 768 sententiam
1585 736 1691 775 patris
1720 736 1781 767 mei
1811 736 1944 767 crastino
1973 736 2019 768 vel
2034 737 2190 776 perendie,
2224 740 2251 768 et
2280 736 2336 768 ali-

1377 779 1452 819 quid
1480 779 1550 810 boni
1579 778 1676 818 fuerit
1699 788 1793 818 super
1815 778 1932 817 David,
1962 781 1988 810 et
2010 788 2071 810 non
2092 779 2198 811 statim
2227 780 2337 811 misero

1378 822 1418 853 ad
1441 824 1475 857 te,
1497 824 1523 852 et
1544 823 1649 852 notum
1672 821 1729 852 tibi
1749 821 1857 860 fecero,
1883 821 1931 852 13.
1956 820 2042 853 Haec
2062 822 2161 862 faciat
2183 822 2338 855 Dominus

1378 863 1536 903 Ionatlme,
1568 866 1593 894 el
1616 863 1690 895 haec
1712 864 1825 895 addat:
1852 864 1882 896 si
1904 866 2005 896 autem
2022 865 2265 904 perseveraverit
2280 875 2339 905 pa-

1377 908 1436 939 tris
1458 907 1517 938 mei
1539 906 1663 938 malitia
1695 907 1863 938 adversum
1884 909 1920 946 te,
1948 906 2084 939 revelabo
2115 917 2224 938 aurem
2244 909 2339 946 tuam,

1377 953 1402 981 el
1424 950 1578 981 dimittam
1599 951 1635 987 le,
1665 951 1698 980 ul
1719 949 1817 981 vadas
1841 950 1873 981 in
1891 960 1977 989 pace,
2006 952 2033 981 et
2055 950 2096 981 sit
2117 950 2275 982 Dominus
2297 953 2339 982 te-

1377 1002 1454 1029 cum,
1482 993 1562 1023 sicut
1588 991 1651 1031 fuit
1683 1001 1750 1023 cum
1774 995 1868 1031 patre
1896 1003 1970 1024 meo.
2025 993 2074 1024 14.
2098 992 2140 1024 Et
2167 993 2197 1024 si
2226 993 2338 1031 vixero,

1375 1036 1472 1075 facies
1493 1034 1571 1066 mihi
1600 1034 1848 1066 misericordiam
1870 1035 2016 1067 Domini.-
2045 1036 2074 1067 si
2102 1045 2172 1067 vero
2201 1038 2341 1067 mortuus

1376 1080 1474 1118 fuero,
1507 1077 1555 1108 15.
1582 1077 1653 1109 Non
1676 1077 1799 1116 auferes
1827 1078 2072 1110 misericordiam
2094 1081 2179 1110 tuam
2209 1089 2228 1109 a
2250 1077 2338 1110 domo

1377 1131 1446 1152 mea
1468 1130 1564 1160 usque
1590 1120 1623 1150 in
1652 1121 1881 1159 sempiternum,
1911 1121 2034 1161 quando
2056 1121 2252 1152 tradicaverit
2272 1120 2338 1153 Do-

1377 1164 1481 1195 minus
1512 1163 1654 1194 inimicos
1682 1162 1799 1201 David,
1829 1173 2073 1204 unumquemque
2093 1164 2130 1195 de
2157 1166 2252 1195 terra:
2281 1174 2338 1196 au-

1377 1206 1459 1246 ferat
1487 1204 1643 1237 Ionatlean
1669 1206 1707 1237 de
1735 1205 1822 1237 domo
1850 1216 1919 1244 sua,
1948 1209 1975 1237 et
2003 1207 2143 1246 requirat
2172 1205 2338 1247 Dominus,

1378 1249 1414 1280 de
1435 1259 1531 1280 manu
1552 1248 1751 1280 inimicorum
1773 1247 1891 1280 David.
1939 1249 1987 1280 16.
2014 1248 2136 1290 Pepiqit
2157 1259 2226 1289 erqo
2249 1249 2340 1281 Iona·

1379 1292 1447 1323 thas
1467 1291 1577 1331 foedus
1599 1301 1668 1322 cum
1691 1291 1778 1323 domo
1800 1290 1926 1323 David:
1955 1294 1981 1323 et
2002 1291 2165 1332 requisivit
2187 1291 2342 1324 Dominus

1379 1335 1416 1366 de
1443 1344 1540 1366 manu
1568 1334 1767 1365 inimicorum
1794 1333 1911 1366 David.
1960 1334 2008 1366 17.
2038 1334 2081 1365 Et
2102 1334 2225 1366 addidit
2247 1333 2340 1366 Iona-

1380 1377 1449 1409 thas
1477 1377 1616 1409 deierare
1646 1376 1764 1413 David,
1795 1386 1827 1408 eo
1856 1376 1937 1416 quod
1965 1377 2102 1418 diliyerel
2129 1376 2234 1408 illum:
2261 1377 2341 1408 siout

1380 1421 1461 1452 enim
1483 1420 1623 1451 animam
1645 1429 1746 1458 suam,
1769 1419 1815 1450 ita
1836 1419 1983 1460 diliqebat
2004 1430 2088 1451 eum.-
2117 1419 2164 1451 18.
2187 1419 2340 1460 Dixitque

1380 1463 1422 1494 ad
1443 1473 1511 1494 eum
1534 1462 1698 1494 Ionathas:
1730 1462 1809 1494 Oras
1830 1461 1981 1494 Calendae
2000 1465 2089 1501 sunt,
2112 1465 2139 1494 et
2160 1462 2339 1502 requireris,

1382 1506 1554 1545 requiretur
1575 1506 1656 1537 enim
1679 1505 1776 1538 sessio
1805 1507 1868 1537 tua.
1915 1504 1964 1537 19.
1995 1505 2094 1546 Usque
2119 1505 2266 1545 perendie
2293 1505 2342 1538 de-

1379 1549 1502 1581 scmtdes
1523 1558 1592 1589 erqo
1612 1548 1753 1589 festinus,
1777 1549 1803 1579 et
1825 1548 1926 1580 venies
1950 1548 1983 1580 in
2005 1548 2101 1580 locum
2122 1547 2176 1580 ubi
2197 1547 2342 1580 celandus

1380 1602 1412 1624 es
1434 1591 1466 1622 in
1488 1591 1538 1623 (lie
1559 1592 1593 1623 in
1615 1601 1679 1631 qua
1705 1591 1830 1630 operari
1851 1590 1925 1625 licet.
1956 1593 1982 1622 et
2003 1591 2121 1623 sedebis
2149 1591 2237 1622 iuxta
2259 1590 2340 1631 lapi-

1380 1634 1458 1673 dem,
1491 1635 1542 1667 cui
1570 1644 1680 1666 nomen
1711 1636 1754 1666 est
1784 1632 1870 1665 Esel.
1914 1634 1963 1665 20.
1986 1633 2031 1665 Et
2051 1643 2102 1675 eqo
2121 1636 2192 1665 tuas
2213 1634 2342 1674 saqittas

1381 1678 1500 1709 mittam
1522 1678 1610 1709 iuxta
1632 1687 1714 1714 eum,
1748 1679 1775 1708 et
1796 1676 1911 1708 iactam
1933 1677 2027 1716 quasi
2049 1686 2189 1709 exercens
2205 1685 2267 1715 me,
2300 1675 2342 1708 ad

1381 1721 1513 1760 siynum.
1561 1720 1612 1752 21.
1638 1719 1765 1751 Mittam
1793 1729 1908 1759 quoque
1939 1722 1966 1750 et
1988 1729 2134 1759 puerum,
2167 1719 2271 1751 dicens
2299 1719 2342 1751 ei.-

1390 1763 1485 1802 Vade,
1515 1765 1541 1795 el
1569 1763 1647 1803 affer
1676 1762 1755 1794 mihi
1783 1763 1931 1802 saqittas:
1962 1761 1999 1794 Si
2019 1762 2128 1794 dixero
2142 1771 2252 1801 puer0,
2281 1771 2344 1794 ecce

1382 1807 1512 1847 sayittae
1534 1806 1618 1837 intra
1639 1808 1666 1836 te
1689 1807 1770 1843 sunt,
1794 1805 1863 1837 tolle
1885 1815 1954 1836 eas:
1976 1807 2009 1836 tu
2031 1805 2101 1836 veni
2123 1805 2165 1837 ad
2186 1814 2242 1841 me,
2264 1805 2342 1844 quia

1375 1859 1446 1889 pax
1468 1849 1523 1880 tibi
1546 1851 1598 1886 est,
1621 1851 1648 1879 et
1665 1847 1747 1879 nihil
1767 1850 1810 1879 est
1828 1847 1914 1884 mali
1936 1848 2014 1879 vivit
2030 1847 2195 1880 Dominus.
2231 1847 2281 1878 22.
2302 1846 2342 1879 Si

1381 1894 1481 1923 autem
1511 1892 1557 1923 sic
1579 1892 1722 1940 loquutus
1741 1890 1830 1930 fuero
1852 1900 1964 1930 puero.-
1993 1890 2071 1923 Ecce
2099 1890 2232 1931 saqittae
2259 1889 2341 1921 ultra

1354 1960 1356 1971 ,
1381 1937 1407 1965 te
1438 1938 1519 1975 sunt,
1561 1934 1637 1965 vade
1669 1934 1705 1965 in
1737 1943 1821 1974 pace,
1856 1933 1932 1973 quia
1963 1933 2088 1965 demisit
2118 1935 2146 1965 te
2177 1932 2340 1965 Dominus.

1381 1978 1432 2008 23.
1455 1977 1505 2009 De
1527 1976 1615 2008 verbo
1642 1979 1745 2008 autem
1766 1976 1846 2016 quod
1867 1976 1987 2015 loquuti
2009 1985 2134 2008 sumus:
2163 1974 2230 2016 Eyo
2251 1977 2279 2006 et
2298 1977 2340 2013 tu,

1381 2021 1422 2051 sit
1446 2019 1601 2052 Dominus
1623 2020 1702 2051 inter
1726 2029 1772 2050 me
1795 2022 1822 2050 et
1845 2022 1880 2057 te,
1902 2028 2000 2059 usque
2022 2020 2055 2051 in
2073 2019 2298 2058 sempiternum.

1466 2105 1631 2137 Hesterna
1653 2105 1807 2137 concione
1838 2105 2001 2144 coepimus
2023 2109 2160 2136 tractare
2183 2104 2340 2144 quomodo

1381 2147 1582 2180 Ionathanus
1599 2147 1718 2180 Davidi
1733 2147 1883 2179 solatium
1899 2147 2024 2178 adferre
2035 2146 2204 2185 studuerit,
2224 2147 2342 2179 iterata

1354 2199 1357 2224 Ξ
1381 2191 1592 2230 promissione
1604 2191 1764 2222 amicitiae
1780 2194 1812 2222 et
1824 2200 1910 2223 novo
1922 2188 2130 2221 iureiurando
2142 2189 2338 2222 confirmata.

1382 2233 1466 2264 Nam
1495 2244 1593 2274 quum
1623 2234 1656 2265 in
1687 2244 1740 2265 eas
1768 2232 1937 2274 angustias
1967 2232 2084 2272 aliquis
2109 2231 2276 2273 redigitur,
2305 2238 2341 2264 ut

1382 2280 1595 2315 praesentem,
1615 2286 1803 2316 quocunque
1823 2286 1856 2307 se
1874 2279 1988 2314 vertat,
2010 2279 2145 2306 mortem
2164 2274 2339 2314 intueatur,

1383 2318 1411 2349 ci
1434 2318 1557 2359 aliquid
1575 2317 1822 2350 condonandum
1846 2322 1903 2356 est,
1934 2317 2061 2348 etiamsi
2088 2316 2225 2357 quadam
2247 2317 2338 2350 dubi-

1383 2362 1502 2393 tatione
1525 2367 1556 2393 et
1579 2361 1797 2393 sollieitudine
1819 2360 1956 2392 laboret:
1987 2370 2092 2400 neque
2112 2360 2249 2392 iniuriae
2272 2361 2338 2393 loeo

1382 2402 1575 2442 habendum,
1604 2405 1631 2436 si
1662 2404 1777 2444 quibus
1807 2403 1947 2440 deberet,
1980 2413 2043 2434 non
2074 2402 2170 2443 plane
2197 2403 2336 2436 confidit.

1382 2446 1465 2477 Nam
1489 2448 1607 2478 seimus
1637 2457 1730 2487 quam
1761 2446 1828 2478 sint
1851 2445 2018 2477 hominum
2049 2446 2212 2485 passiones
2241 2445 2338 2478 vehe-

1382 2495 1514 2525 mentes,
1545 2489 1623 2521 adeo
1655 2494 1689 2521 ut
1718 2489 1780 2521 sibi
1803 2499 1869 2520 non
1893 2489 2016 2528 possint
2039 2488 2198 2519 dominari
2221 2488 2275 2528 qui
2298 2489 2338 2520 ti-

1382 2541 1469 2562 more
1510 2532 1736 2571 percelluntur.
1795 2531 1905 2571 Quare
1940 2530 2114 2562 Ionathani
2153 2530 2337 2571 exemplum

1381 2573 1472 2605 nobis
1494 2574 1688 2606 imitandum
1704 2580 1769 2606 est:
1792 2585 1869 2606 nam
1887 2573 2058 2605 videbatur
2079 2583 2169 2613 posse
2187 2574 2337 2614 conqueri

1381 2615 1420 2647 de
1444 2616 1562 2648 iniuria
1584 2616 1644 2649 sibi
1666 2617 1750 2650 faeta
1773 2627 1791 2647 a
1810 2615 1947 2654 Davide,
1971 2615 2055 2656 quod
2078 2615 2140 2656 ipsi
2163 2615 2335 2648 diffideret:

1381 2658 1435 2690 sed
1465 2669 1534 2690 eam
1558 2659 1592 2691 in
1616 2660 1742 2692 Davide
1765 2659 1866 2691 animi
1890 2658 2163 2699 perturbationem
2193 2657 2336 2690 animad-
