2551 3044
209 180 247 210 81
863 179 911 210 IN
934 179 959 210 Ι.
984 178 1070 210 LIB.
1095 175 1292 209 SAMUEL.
1325 175 1422 207 CAP.
1445 176 1521 207 XV.
2137 182 2177 210 &2

208 275 324 308 merito
359 274 495 307 insanus
529 272 721 306 habebitur?
767 273 882 305 Nonne
915 273 948 304 in
984 283 1017 304 se
1051 282 1168 311 poenas

210 318 343 350 meritas
377 318 557 349 temeritate
594 326 653 348 sua
685 315 809 353 trahet,
845 315 929 356 quod
964 315 1019 347 tali
1052 313 1168 345 iudicio

211 359 362 392 resistat?
387 359 452 392 Sed
475 360 501 391 si
522 369 651 391 causam
675 359 826 399 ignorans
850 368 950 399 quare
973 357 1012 389 ad
1035 355 1168 397 capitale

211 403 403 443 supplicium
424 402 596 433 damnatus
615 401 667 439 sit,
690 406 744 432 aut
768 401 793 432 si
818 401 926 442 legum
951 405 982 432 et
1004 400 1082 431 iuris
1104 409 1169 430 om-

212 446 263 477 nis
293 445 425 485 ignarus
458 444 535 475 velit
566 444 598 474 in
620 443 760 475 iudicum
790 444 967 475 sententias
996 442 1168 482 inquirere,

212 493 244 520 et
267 499 306 519 ex
329 498 386 518 suo
409 497 506 518 sensu
525 491 557 518 et
576 485 691 518 iudicio
710 487 904 518 sententiam
925 486 1017 524 ferre,
1035 486 1169 523 iuraque

212 530 320 562 omnia
341 539 553 569 corrumpere,
575 539 680 560 nonne
700 530 812 560 merito
831 529 903 560 talis
918 528 1011 560 homo
1025 536 1168 559 summae

212 572 376 610 stultitiae,
405 579 461 602 aut
483 571 684 611 arrogantiae
707 576 739 602 et
761 572 928 612 superbiae
958 568 1167 601 intolerabilis

212 626 286 646 reus
319 615 388 652 erit,
422 619 453 645 et
481 614 626 645 omnium
657 613 778 646 calculo
809 612 1035 645 damnabitur?
1081 610 1167 651 Quid

211 668 287 698 ergo
299 656 470 687 dicendum
490 661 641 696 putamus
660 656 699 688 de
723 656 904 688 hominibus
925 657 958 687 in
974 656 1033 687 Dei
1052 654 1168 686 iudicia

212 699 455 740 inquirentibus,
488 710 585 740 penes
612 709 704 739 quem
735 709 835 730 unum
865 704 914 730 est
936 699 1033 730 totius
1055 696 1168 728 mundi

213 741 376 783 potestas?
401 741 510 781 Quare
533 741 717 773 meditanda
740 746 789 772 est
812 747 843 773 et
866 742 983 773 nostris
1006 739 1167 771 mentibus

214 785 311 817 altius
342 784 505 825 infigenda
533 784 629 815 Pauli
660 784 835 815 sententia:
871 784 953 823 Quis
984 788 1017 814 tu
1048 793 1081 814 es
1112 781 1167 822 qui

213 826 406 859 condemnas
431 826 571 858 alienum
595 826 776 858 famulum?
808 826 970 867 Scriptum
995 830 1042 857 est
1065 824 1167 856 enim:

214 870 298 901 Vivo
321 879 390 910 ego,
409 869 485 900 dicit
498 868 674 901 Dominus:
697 869 847 909 quoniam
871 869 950 900 mihi
974 879 1041 899 sese
1063 868 1170 899 flectet

215 923 309 944 omne
350 923 452 952 genu:
493 916 524 942 et
564 912 668 943 omnis
706 912 817 952 lingua
856 910 1057 944 confitebitur
1090 910 1169 941 Deo.

216 955 432 995 Quamobrem
456 954 709 994 quotiescunque
732 954 868 986 iudicem
892 964 991 985 unum
1009 962 1170 985 summum

215 1008 284 1029 esse
312 997 458 1028 audimus
487 996 644 1035 omnium,
679 1007 784 1028 annon
816 1003 937 1028 terrore
967 994 1106 1037 percelli,
1139 998 1171 1026 et

214 1041 342 1072 fraenos
365 1040 492 1070 iniicere
516 1050 573 1070 nos
596 1039 680 1079 ipsos
711 1039 801 1071 nobis
830 1044 965 1080 oportet,
986 1043 1017 1070 et
1040 1037 1079 1069 ab
1102 1037 1170 1077 ipso

215 1082 373 1123 pendere,
414 1088 445 1112 et
477 1082 667 1113 sententiam
701 1082 739 1113 ab
773 1083 841 1123 ipso
875 1082 974 1113 latam
1015 1079 1170 1116 venerari,

216 1123 473 1166 quandoquidem
515 1134 612 1164 penes
645 1124 751 1165 ipsum
786 1130 834 1156 est
866 1129 1007 1164 potestas
1040 1133 1097 1154 nos
1131 1122 1170 1153 ad

216 1168 302 1208 ipsos
325 1167 443 1198 inferos
466 1177 562 1207 quum
588 1166 674 1198 volet
697 1167 909 1198 detrudendi?
946 1167 989 1198 At
1011 1166 1037 1198 si
1059 1170 1171 1197 contra

216 1210 288 1242 Deo
322 1210 475 1241 terminos
508 1219 635 1249 ponere,
669 1215 701 1241 et
737 1209 775 1241 ad
810 1215 951 1241 nostram
985 1218 1170 1240 mensuram

216 1253 317 1293 ipsius
340 1252 458 1283 iudicia
480 1252 621 1293 exigere,
652 1257 709 1283 aut
736 1253 762 1283 si
791 1263 854 1283 non
878 1251 1055 1292 placuerint
1077 1261 1169 1290 repu-

216 1295 303 1326 diare
340 1294 532 1333 audeamus,
569 1305 674 1326 nonne
709 1295 883 1327 diabolicus
924 1294 984 1326 erit
1018 1294 1105 1325 furor
1138 1296 1170 1324 et

216 1338 342 1369 insania
365 1337 599 1369 intolerabilis?
645 1337 757 1378 Itaque
781 1348 908 1369 neccsse
931 1340 979 1368 est
1005 1341 1040 1368 ut
1071 1336 1170 1367 nostri

217 1380 339 1421 ingenii
373 1380 563 1410 tenuitatem
597 1380 822 1420 inspiciamus,
856 1390 936 1420 quae
967 1379 1027 1411 Dei
1055 1388 1171 1410 arcana

217 1422 355 1454 scrutari
378 1433 441 1454 non
465 1427 579 1462 potest,
603 1422 860 1463 quandoquidem
891 1426 966 1454 sunt
988 1421 1170 1462 profundis-

217 1466 297 1497 sima
326 1465 476 1506 abyssus,
510 1465 542 1496 in
577 1475 672 1505 quam
703 1466 800 1496 semel
829 1465 973 1496 immersi
1006 1474 1170 1504 nunquam

217 1513 396 1548 emergunt.
430 1507 538 1547 Quare
562 1508 666 1548 itaque
689 1508 839 1540 mortales
862 1508 915 1538 hic
937 1518 1026 1539 suam
1049 1506 1170 1546 opinio-

218 1561 291 1582 nem
321 1550 476 1589 adferent,
510 1555 542 1581 et
573 1555 692 1582 temere
725 1550 919 1591 iudicabunt,
949 1554 981 1581 et
1009 1549 1046 1580 de
1075 1548 1170 1580 rebus

218 1592 388 1632 incognitis
421 1594 614 1625 sententiam
649 1593 775 1625 ferent?
821 1593 889 1624 Nae
922 1592 991 1624 Deo
1029 1592 1171 1623 rationes

218 1641 367 1667 constant
388 1634 577 1667 iudiciorum
602 1647 743 1673 suorum,
779 1640 814 1666 ut
844 1634 998 1675 quidquid
1027 1634 1172 1666 homines

218 1678 440 1718 obloquantur,
474 1678 576 1710 iustus
611 1679 651 1710 sit
685 1689 809 1719 semper
839 1678 969 1717 Iehova,
1003 1682 1034 1708 et
1067 1681 1172 1708 rectus

218 1720 344 1752 iudiciis
365 1721 439 1758 suis,
464 1725 500 1752 ut
531 1721 607 1753 olim
635 1721 751 1753 cecinit
779 1720 948 1761 propheta:
979 1719 1033 1752 sed
1063 1725 1173 1751 nostro

219 1764 337 1795 damno
360 1768 391 1794 et
414 1774 538 1795 summo
561 1775 632 1795 cum
657 1763 809 1795 dedecore
832 1768 861 1794 et
891 1762 1075 1804 ignominia.
1121 1762 1173 1793 Ex

219 1806 335 1846 quibus
359 1811 492 1846 apparet
512 1817 670 1838 summam
695 1818 763 1838 esse
791 1806 960 1843 insaniam,
989 1815 1085 1845 quum
1116 1815 1172 1835 au-

219 1849 296 1880 dent
318 1849 470 1880 mortales
494 1850 527 1880 in
553 1850 685 1880 Domini
709 1849 793 1880 facta
816 1849 985 1888 inquirere,
1008 1853 1039 1878 et
1062 1847 1171 1878 adver-

218 1903 272 1923 sus
296 1891 358 1922 Dei
381 1891 497 1922 iudicia
520 1902 729 1923 murmurare.
775 1890 862 1930 Quid
885 1901 959 1931 ergo
983 1889 1171 1927 faciendum,

218 1945 318 1975 quum
349 1934 448 1965 nimia
475 1934 646 1966 crudelitas
677 1945 745 1966 esse
780 1934 869 1965 nobis
892 1933 1053 1965 videbitur
1076 1933 1172 1964 etiam

219 1978 252 2008 in
277 1987 393 2017 pueros
423 1987 441 2008 a
472 1981 609 2008 matrum
641 1977 791 2008 uberibus
821 1975 996 2016 pendentes
1026 1974 1171 2007 saevire?

218 2020 287 2051 Nae
310 2019 342 2050 in
366 2020 553 2050 memoriam
578 2019 757 2051 revocanda
779 2019 937 2050 sententia
959 2018 1013 2049 illa
1031 2017 1171 2054 Domini,

218 2061 326 2093 Deum
357 2072 472 2102 nempe
496 2073 513 2093 a
540 2073 574 2094 se
603 2062 795 2094 reiecturum
826 2061 906 2093 filios
936 2071 1045 2092 eorum
1074 2071 1173 2100 usque

217 2105 251 2135 in
269 2105 400 2136 tertiam
419 2109 451 2135 et
470 2110 616 2145 quartam
636 2105 874 2145 generationem
894 2104 946 2144 qui
966 2103 1026 2143 ipsi
1039 2103 1172 2135 rebelles

218 2147 349 2185 fuerint,
377 2151 408 2178 et
431 2158 488 2187 pro
512 2152 639 2187 patrum
662 2147 799 2187 peccatis
822 2156 938 2186 poenas
961 2146 1000 2178 ab
1023 2146 1099 2186 ipsis
1122 2156 1171 2176 re-

219 2190 405 2230 petiturum.
451 2190 536 2221 Sane
560 2190 718 2221 Dominus
742 2189 810 2221 istis
834 2189 937 2220 verbis
959 2200 1021 2220 nou
1045 2189 1172 2228 profite-

221 2236 275 2263 tur
297 2243 455 2263 summam
478 2233 617 2272 aliquam
648 2232 844 2263 iracundiam
873 2238 929 2262 aut
951 2231 1171 2263 crudelitatem

221 2274 375 2306 adversus
406 2276 600 2306 innocentes.
643 2275 726 2306 Nam
756 2278 882 2314 patrum
912 2274 1111 2314 iniquitatem
1140 2275 1172 2304 in

220 2317 295 2348 filiis
320 2317 463 2355 visitans,
487 2318 563 2349 satis
588 2318 703 2348 iustam
724 2317 919 2348 occasionem
938 2317 1009 2348 illos
1027 2316 1174 2348 condem-

222 2359 322 2390 nandi
353 2359 459 2397 habet,
487 2371 586 2400 quum
617 2360 648 2390 in
680 2360 757 2400 ipsis
788 2359 917 2390 illorum
946 2359 1019 2390 filiis
1048 2370 1174 2399 semper

223 2402 396 2433 adhaereat
419 2403 497 2433 satis
521 2402 590 2433 vitii
613 2402 781 2442 punitione
805 2401 913 2433 divina
932 2401 1076 2442 dignum.
1108 2401 1174 2433 Sed

223 2455 289 2476 una
311 2455 383 2476 cum
408 2444 552 2484 patribus
575 2445 646 2476 illos
667 2444 893 2484 complectitur,
917 2449 953 2475 ut
975 2455 1008 2476 se
1030 2445 1174 2475 omnium

223 2492 364 2518 aetatum
389 2487 524 2518 iudicem
548 2498 617 2519 esse
640 2487 796 2518 ostendat.
842 2487 950 2527 Neque
978 2497 1053 2518 vero
1083 2497 1175 2527 prae-

223 2530 316 2562 scribi
351 2530 412 2570 ipsi
442 2530 523 2561 ullos
553 2530 704 2561 terminos
737 2530 879 2570 legemve
915 2530 1051 2570 imponi,
1085 2530 1176 2569 quasi

223 2572 359 2609 mortali,
383 2572 431 2603 fas
454 2577 518 2604 est:
549 2572 603 2604 scd
626 2572 878 2612 omnipotentem
903 2573 1039 2613 agnosci,
1069 2582 1176 2604 coram

224 2625 285 2655 quo
319 2615 404 2646 mille
438 2615 514 2646 anni
548 2621 625 2646 sunt
658 2615 752 2646 unius
782 2614 844 2646 diei
872 2615 980 2646 instar.
1025 2614 1119 2654 Quod
1149 2615 1176 2646 si

323 2665 433 2693 Oalvfrm‘
449 2673 542 2700 opera.
580 2666 638 2693 Vol.
655 2665 751 2693 XXX.

1221 269 1374 300 memoria
1398 275 1588 309 repetamus,
1610 271 1653 301 ita
1672 270 1869 302 fraenabitur
1891 270 2026 303 audacia
2049 277 2175 305 nostra:

1221 311 1479 351 quandoquidem
1510 323 1737 352 cognoscemus
1772 313 1876 344 Deum
1908 314 1942 344 in
1970 325 2086 346 arcano
2117 324 2175 346 suo

1220 354 1352 385 consilio
1376 354 1429 385 illo
1452 353 1639 385 admirando
1668 362 1806 387 secretas
1840 366 1952 388 causas
1975 357 2092 388 habere
2115 367 2174 398 pu-

1221 395 1329 427 niendi
1361 402 1488 436 patrum
1519 397 1720 436 iniquitatem
1745 398 1777 429 in
1808 399 1896 430 filiis:
1927 399 1987 430 etsi
2011 398 2102 431 nobis
2124 400 2174 431 in-

1220 439 1357 479 cognitis
1379 446 1409 470 et
1433 439 1779 479 impervestigabiiibus
1801 441 1904 473 modis
1928 441 1967 472 ad
1999 442 2175 474 vindictam

1220 481 1461 522 progrediatur:
1495 491 1531 512 ac
1554 483 1685 521 proinde
1709 484 1915 515 coercendam
1939 490 1970 515 et
1990 484 2101 516 fraeno
2125 496 2176 516 re-

1221 523 1384 555 tinendam
1408 524 1495 554 illam
1520 524 1685 555 hominum
1709 526 1867 557 curiosam
1887 527 2115 567 arrogantiam,
2135 531 2175 558 n'e

1220 567 1254 597 in
1288 577 1325 597 ea
1354 567 1540 607 scrupulose
1570 567 1771 606 inquiramus
1802 579 1885 608 quae
1915 569 2074 600 Dominus
2109 580 2174 601 non

1220 609 1374 649 permisit.
1421 611 1468 640 Ac
1499 609 1525 639 si
1548 609 1672 648 quando
1698 611 1777 642 forte
1801 611 1957 651 quaedam
1980 612 2174 643 tentationes

1219 662 1277 683 nos
1306 651 1346 683 ad
1376 651 1645 682 murmurandum
1674 653 1853 691 excitarint,
1883 665 1919 685 eo
1950 653 2175 685 vehementius

1219 693 1375 726 adversus
1398 694 1576 733 ingenitam
1600 694 1763 726 audaciam
1787 696 1930 727 nitamur
1948 704 1979 727 et
1997 696 2174 728 luctemur:

1220 744 1250 767 et
1273 742 1402 777 gratum
1426 741 1656 776 acceptumque
1679 737 1747 769 Deo
1774 749 1841 770 esse
1871 739 2064 771 sacrificium
2094 740 2174 770 scia-

1219 790 1301 818 mus,
1334 789 1440 811 coram
1464 779 1533 819 ipso
1556 779 1647 811 deiici
1676 786 1706 810 et
1730 780 1910 812 humiliari:
1939 792 2043 822 neque
2073 782 2175 813 altum

1220 822 1316 853 nimis
1340 832 1462 862 sapere,
1485 821 1540 852 sed
1563 822 1602 852 ad
1626 832 1827 854 mensuram:
1851 835 1951 864 neque
1975 823 2013 855 de
2037 824 2074 856 iis
2093 834 2175 864 quae

1221 875 1285 896 non
1308 864 1465 896 revelavit
1495 864 1686 895 sententiam
1716 866 1812 896 ferre:
1843 866 1898 897 sed
1929 867 2021 898 nobis
2050 867 2175 898 occulta

1221 917 1290 939 esse
1313 907 1347 938 in
1371 906 1455 938 diem
1480 917 1579 947 usque
1602 908 1760 947 perfectae
1784 909 1989 940 revelationis
2012 909 2174 949 patienter

1221 949 1372 981 feramus.
1419 949 1514 989 Nam,
1548 955 1581 980 ut
1612 950 1656 980 ait
1685 950 1815 987 Paulus,
1849 962 1889 982 ex
1923 958 2014 991 parte
2048 958 2175 983 tantum

1221 993 1454 1033 cognoscimus.
1488 992 1596 1031 Quare
1619 993 1775 1032 patienter
1799 994 2050 1033 exspectandum
2075 993 2176 1026 donec

1222 1036 1310 1067 Deus
1334 1034 1388 1066 det
1411 1035 1502 1066 nobis
1526 1034 1698 1074 perfectam
1721 1036 1933 1075 cognitionem
1964 1047 2076 1068 eorum
2099 1046 2176 1077 quo-

1222 1089 1293 1109 rum
1325 1087 1411 1108 nunc
1440 1081 1572 1118 gustum
1607 1082 1730 1108 tantum
1765 1078 1904 1119 aliquem
1938 1078 2110 1111 hahemus:
2142 1085 2175 1110 et

1222 1120 1425 1162 agnoscenda
1448 1126 1559 1151 nostra
1582 1119 1794 1158 imbecillitas,
1826 1132 1865 1152 ne
1895 1121 1979 1153 ultro
2003 1132 2060 1153 nos
2083 1132 2175 1162 prae-

1222 1164 1332 1204 cipites
1373 1162 1407 1193 in
1446 1162 1534 1193 illam
1576 1162 1725 1203 abyssum
1766 1163 1948 1195 divinorum
1983 1163 2174 1196 iudiciorum

1222 1206 1344 1237 demus.

1307 1248 1350 1279 Et
1378 1247 1416 1279 de
1446 1248 1515 1279 istis
1548 1247 1711 1278 hactenus.
1763 1247 1935 1279 Caeterum
1969 1249 2175 1289 profanorum

1224 1291 1391 1322 hominum
1426 1290 1548 1321 furores
1582 1296 1704 1322 certum
1738 1295 1785 1322 est
1819 1301 1882 1322 non
1910 1301 2003 1331 posse
2033 1302 2051 1322 a
2084 1291 2175 1324 nobis

1222 1333 1380 1374 impediri,
1405 1333 1480 1374 quin
1505 1332 1657 1364 adversus
1676 1333 1780 1364 Deum
1803 1333 1949 1371 fremant,
1974 1339 2006 1365 et
2029 1334 2176 1375 blasphe-

1223 1387 1292 1408 mas
1315 1386 1410 1408 voces
1434 1377 1466 1406 in
1489 1375 1594 1416 ipsum
1619 1382 1756 1412 vomant,
1792 1386 1855 1406 non
1879 1386 1972 1415 posse
1995 1376 2102 1408 Deum
2124 1377 2174 1408 in-

1224 1419 1370 1459 quientes
1394 1418 1432 1450 ab
1455 1418 1612 1449 iniustitia
1635 1416 1772 1455 liberari,
1804 1429 1901 1458 quum
1931 1419 1963 1449 in
1987 1419 2175 1451 innocentes

1223 1467 1253 1494 et
1285 1472 1303 1492 a
1335 1461 1469 1492 crimine
1505 1471 1620 1492 vacuos
1654 1460 1826 1492 vindictam
1860 1466 1995 1493 exercet.
2052 1462 2174 1493 Verum

1223 1510 1332 1535 tamen
1354 1504 1479 1535 interea
1502 1514 1629 1543 gemere
1653 1514 1710 1534 nos
1733 1508 1864 1544 oportet,
1898 1510 1928 1534 et
1951 1511 2059 1535 mente
2082 1515 2173 1536 revo-

1223 1558 1296 1579 care
1331 1546 1451 1578 dictum
1486 1545 1564 1577 illud
1597 1546 1779 1586 prophetae,
1822 1546 1990 1585 opprobria
2029 1557 2107 1587 quae
2140 1547 2173 1578 in

1224 1590 1332 1622 Deum
1355 1589 1574 1630 proiiciuntur,
1598 1589 1631 1619 in
1655 1589 1739 1628 ipsos
1762 1588 1913 1620 mortales
1932 1589 2080 1620 recidere.
2107 1589 2174 1620 Nos

1224 1633 1331 1673 itaque
1354 1632 1497 1672 graviter
1520 1636 1645 1671 oportet
1668 1632 1741 1671 angi
1771 1631 2018 1671 quotiescunque
2042 1632 2174 1664 miseros

1223 1675 1454 1707 homunciones
1492 1674 1595 1705 instar
1629 1674 1855 1705 lumbricorum
1888 1674 1978 1704 humi
2012 1679 2174 1714 reptantes

1223 1718 1438 1757 conspicimus
1461 1716 1614 1748 adversus
1634 1716 1695 1747 Dei
1718 1717 1916 1747 maiestatem
1941 1716 2120 1757 insurgere,
2143 1722 2174 1748 et

1224 1760 1419 1800 blasphemis
1442 1760 1573 1791 vocibus
1597 1759 1662 1790 suis
1684 1759 1770 1789 illam
1791 1759 1944 1790 lacerare:
1969 1764 1999 1789 et
2018 1759 2177 1799 patienter

1224 1803 1368 1834 divinam
1404 1803 1437 1833 in
1472 1803 1542 1833 illos
1576 1801 1747 1833 vindictam
1782 1805 1973 1841 exspectare.
2027 1800 2177 1840 Quando-

1224 1846 1353 1886 quidem
1376 1850 1499 1876 certum
1520 1849 1567 1876 est
1589 1843 1769 1875 istiusmodi
1797 1854 1910 1875 canum
1934 1844 2177 1883 impudentissi-

1224 1899 1349 1920 morum
1372 1888 1503 1919 tandem
1527 1888 1621 1918 etiam
1646 1887 1840 1917 horrendum
1864 1886 1928 1916 fore
1948 1887 2080 1924 exitum,
2100 1886 2175 1918 licet

1223 1931 1315 1963 tardo
1339 1935 1371 1962 et
1394 1931 1479 1961 lento
1502 1930 1603 1971 gradu
1634 1929 1741 1960 divina
1772 1928 1913 1960 vindicta
1942 1928 2108 1968 procedat:
2143 1934 2177 1960 et

1223 1975 1297 2006 licet
1320 1974 1352 2004 in
1384 1973 1506 2005 coelum
1536 1972 1749 2012 blasphemias
1779 1982 1851 2002 suas
1874 1977 2024 2010 tanquam
2054 1971 2176 2011 lapides

1224 2017 1413 2053 iaculentur,
1444 2016 1477 2046 in
1506 2020 1603 2055 caput
1635 2015 1775 2054 ipsorum
1808 2018 1915 2044 tamen
1940 2013 2068 2044 tandem
2093 2014 2175 2044 deri-

1223 2059 1356 2096 vandas,
1376 2063 1408 2090 et
1426 2058 1546 2098 pudore
1559 2068 1683 2088 summo
1701 2057 1829 2087 tandem
1850 2055 2037 2087 obruendos.
2065 2055 2175 2094 Quan-

1223 2101 1392 2142 doquidem
1416 2101 1501 2132 enim
1525 2100 1679 2131 adversus
1692 2099 1795 2130 Deum
1814 2099 1997 2138 insurgunt,
2020 2102 2052 2129 et
2075 2098 2177 2129 veluti

1224 2145 1385 2176 cornubus
1409 2148 1516 2184 petere
1540 2143 1638 2183 ipsius
1662 2142 1774 2173 solium
1801 2140 1958 2179 videntur,
1989 2146 2096 2172 tamen
2120 2140 2177 2171 ad-

1224 2198 1336 2220 versus
1359 2193 1465 2218 acrem
1485 2190 1608 2216 tantum
1628 2185 1807 2223 luctantur,
1832 2194 1932 2223 neque
1944 2182 2050 2214 Deum
2069 2183 2178 2223 ipsum

1224 2236 1359 2271 possunt
1383 2230 1577 2269 contingere.
1624 2227 1697 2266 Qua
1720 2227 1803 2258 enim
1834 2230 1924 2265 parte
1947 2225 2037 2256 illum
2062 2235 2176 2265 aggre—

1225 2273 1385 2309 derentur,
1399 2272 1453 2311 qui
1472 2271 1613 2302 omnium
1627 2269 1808 2300 mortalium
1824 2267 2000 2300 cervicibus
2019 2268 2177 2305 imminet,

1224 2321 1256 2347 et
1279 2316 1385 2346 omnia
1408 2314 1573 2345 hominum
1596 2313 1677 2343 facta
1696 2310 1860 2342 intuetur?
1884 2310 1932 2341 Ac
1951 2310 2083 2350 proinde
2102 2310 2176 2342 licet

1225 2358 1351 2389 miseris
1374 2362 1484 2397 parcat
1507 2356 1544 2386 ad
1569 2360 1704 2394 tempus,
1728 2352 1816 2385 etad
1836 2352 2063 2392 poenitentiam
2078 2352 2176 2383 etiam

1226 2401 1298 2432 illos
1322 2401 1452 2431 invitet:
1480 2405 1587 2429 tamen
1610 2397 1740 2436 longum
1764 2395 1853 2426 illum
1878 2395 2050 2435 patientiae
2074 2395 2176 2434 ipsius

1226 2444 1370 2479 abusum,
1404 2446 1435 2472 et
1468 2450 1609 2481 pugnam
1644 2438 1796 2469 adversus
1830 2438 1951 2477 ipsum,
1986 2447 2110 2468 summa
2144 2443 2176 2468 et

1227 2485 1386 2517 horrenda
1408 2485 1442 2514 in
1473 2488 1582 2514 nostra
1612 2482 1713 2521 capita
1737 2480 1881 2511 derivata
1904 2479 2046 2511 confusio
2069 2484 2099 2510 et
2123 2490 2175 2510 ca-

1228 2528 1352 2560 lamitas
1385 2526 1530 2565 excipiet.
1575 2524 1687 2563 Itaque
1718 2523 1789 2554 licet
1817 2528 1925 2553 mente
1956 2522 2082 2562 assequi
2112 2532 2177 2552 non

1227 2580 1395 2611 possumus
1419 2579 1515 2609 quarc
1539 2571 1605 2597 tam
1628 2565 1820 2597 horrendam
1843 2564 2019 2596 vindictam
2033 2565 2121 2595 Deus
2143 2564 2178 2595 in

1229 2612 1423 2644 Amalecitas
1446 2609 1623 2647 immiserit,
1646 2608 1729 2640 istud
1754 2608 1844 2639 nobis
1867 2607 2050 2645 satisfaciat,
2069 2606 2179 2638 Deum

1960 2659 1975 2682 c
