2551 3044
388 231 450 264 343

391 332 482 357 turae
512 332 640 356 nostrae
662 330 693 355 et
717 323 869 354 humanis
891 321 1039 354 sensibus
1063 322 1211 363 conditio,
1246 332 1356 364 perpe-

390 368 457 399 tuis
495 367 738 398 difficultatibus
771 372 803 396 et
831 366 989 405 angustiis
1020 365 1182 396 exerceri:
1218 366 1273 398 sed
1303 365 1354 397 cui

390 417 500 441 tamen
526 417 640 450 sponte
659 420 715 440 nos
735 415 861 448 oportet
880 407 1004 447 subiici,
1028 408 1206 448 praemium
1227 409 1354 440 tandem

391 453 484 484 istius
519 453 623 483 luctae
657 457 891 492 exspectantes.
936 450 1026 482 Haec
1063 451 1170 491 itaque
1200 451 1292 483 nobis
1322 451 1354 482 in

392 495 519 527 Davide
542 494 773 526 consideranda
797 499 828 525 ct
851 492 1035 524 meditanda
1059 499 1292 533 proponuntur,
1321 499 1353 524 ut

390 539 423 568 in
448 539 516 578 ipso
541 546 693 577 tanquam
718 539 748 567 in
773 535 902 576 speculo
925 535 1181 576 contemplemur
1200 547 1265 568 non
1285 547 1355 568 esse

391 580 553 611 faciendas
586 580 676 611 nobis
706 579 783 619 ipsis
815 579 950 613 delitias,
989 579 1047 609 etsi
1078 579 1174 610 rebus
1205 579 1354 612 secundis

392 623 546 657 fruamur,
583 628 615 654 et
644 632 748 662 neque
778 622 811 652 in
842 621 905 652 illis
939 621 1089 652 fiduciam
1120 621 1354 653 collocandam:

390 665 646 706 quandoquidem
682 676 717 695 ea
751 669 861 695 nostra
895 669 942 694 est
975 663 1123 701 conditio,
1158 671 1195 695 ut
1228 675 1354 696 summa

391 708 513 739 laetitia
547 710 579 739 in
613 718 772 738 summam
808 707 983 744 tristitiam,
1017 712 1048 737 et
1082 707 1222 738 iucunda
1246 718 1352 739 rerum

391 751 487 782 facies
511 752 543 781 in
569 751 692 781 tristem
714 749 827 780 mortis
846 750 958 780 faciem
980 749 1180 781 immutetur.
1226 749 1353 781 Deinde

390 793 430 824 ad
466 794 572 824 Deum
606 794 638 824 in
674 792 820 823 omnibus
857 791 1017 831 angustiis
1051 798 1081 822 et
1111 791 1353 824 difficultatibus

389 837 562 876 confugero
595 835 758 867 docemur:
798 834 933 865 Davidis
963 834 1146 874 exemplum
1179 836 1351 873 imitantes,

388 879 480 910 cuius
504 879 654 918 deinceps
678 878 868 917 patientiam
893 882 923 907 et
948 887 1058 916 preces
1082 876 1122 907 ad
1146 877 1251 908 Deum
1267 878 1352 909 vide-

390 921 504 952 bimus.
551 921 708 961 Equidem
737 920 841 951 fateor
869 919 1028 950 Davidem
1052 919 1150 951 fuisse
1173 920 1234 951 Dei
1259 920 1351 951 donis

387 968 420 995 et
442 964 554 1005 gratiis
579 969 738 1001 ornatum,
762 969 793 994 et
817 962 855 993 ad
880 972 950 993 eam
974 963 1100 993 venisse
1123 963 1349 1002 perfectionem

386 1017 468 1047 quae
498 1007 532 1037 in
561 1006 729 1037 mortalem
759 1011 865 1046 potest
887 1005 1012 1043 cadere,
1036 1005 1114 1036 adeo
1138 1011 1173 1036 ut
1196 1006 1350 1046 angelicis

386 1049 560 1080 virtutibus
583 1049 773 1080 excelluisse
797 1048 912 1079 merito
935 1048 996 1079 dici
1020 1048 1130 1088 possit.
1176 1047 1239 1079 Sed
1265 1049 1348 1080 nihi-

385 1093 527 1123 lominus
562 1097 670 1123 tamen
702 1091 793 1122 illum
824 1090 967 1130 oportuit
990 1095 1021 1121 et
1044 1091 1103 1121 fuit
1127 1091 1204 1122 utile
1227 1091 1271 1123 sic
1295 1103 1350 1122 ex-

385 1135 512 1175 plorari,
544 1135 642 1166 variis
665 1133 900 1165 calamitatibus
923 1133 1078 1172 exerceri,
1106 1138 1136 1164 et
1160 1144 1262 1173 neque
1285 1135 1349 1165 otio

386 1188 490 1217 neque
514 1177 749 1217 tranquillitate
773 1177 846 1213 frui,
881 1176 935 1207 sed
960 1177 992 1206 in
1016 1176 1105 1207 mille
1128 1177 1240 1207 mortis
1264 1178 1349 1217 peri-

385 1220 466 1252 culis
495 1221 634 1251 versari:
669 1219 939 1259 quemadmodum
974 1219 1110 1258 ipsemet
1139 1219 1269 1250 Psalmo
1299 1219 1350 1257 30,

384 1263 512 1300 fatetur,
541 1273 576 1294 se
606 1262 726 1293 dixisse
748 1262 782 1293 in
807 1261 1041 1301 tranquillitate
1063 1271 1129 1298 sua,
1161 1271 1195 1292 se
1217 1272 1278 1292 non
1303 1262 1349 1292 di-

1190 229 1388 260 Plomma
1415 228 1578 260 LXXIII.

1380 372 1383 380 ¹
1407 365 1594 396 sublevatus
1615 365 1728 400 fuerat,
1751 376 1790 396 ne
1807 365 1902 406 plane
1915 365 2126 397 occumberet.

386 1311 509 1337 motum
533 1306 572 1336 iri
595 1305 628 1336 in
653 1304 831 1336 saeculum:
856 1309 888 1335 et
911 1314 944 1335 se
969 1304 1228 1344 praesumptione
1249 1304 1348 1335 nimia
1374 1323 1375 1327 =

385 1348 426 1380 ob
457 1358 564 1379 rerum
593 1357 775 1379 successum
805 1347 1010 1384 inebriatum,
1047 1352 1082 1377 ut
1111 1346 1285 1378 modestiae
1309 1347 1347 1377 li-

386 1391 481 1422 mites
502 1390 716 1426 trmssilicrit,
741 1400 838 1429 quum
857 1390 970 1420 statuit
987 1389 1070 1429 apud
1090 1400 1123 1420 se
1142 1390 1209 1420 fore
1229 1397 1264 1420 ut
1284 1400 1348 1420 non

386 1433 608 1464 dimoveretur
637 1433 670 1463 in
700 1432 874 1470 saeculum,
911 1432 1001 1471 quasi
1026 1431 1155 1463 domum
1179 1431 1239 1463 sibi
1263 1432 1349 1463 intra
1374 1460 1376 1468 ,

387 1476 489 1507 nubes
520 1476 651 1512 fixisset,
683 1481 715 1505 et
738 1475 900 1505 hnmanae
924 1474 1097 1505 conditioni
1123 1485 1185 1505 non
1210 1475 1348 1515 amplius
1373 1483 1375 1502 ἐ

386 1518 555 1556 obnoxius,
593 1523 626 1548 et
665 1517 803 1548 miseriis
836 1517 946 1548 multis
980 1517 1170 1556 quibuscum
1206 1517 1348 1548 humana

386 1561 528 1592 luctatur
556 1560 757 1592 imbecillitas
786 1568 962 1599 exemptus.
1007 1559 1041 1591 Is
1070 1560 1144 1591 licet
1174 1566 1220 1591 tot
1243 1565 1345 1591 tenta-

386 1604 526 1634 tionibus
548 1604 717 1640 exercitus,
740 1609 771 1634 et
785 1603 882 1633 variis
895 1602 997 1633 modis
1009 1602 1204 1642 exploratus,
1228 1603 1347 1634 fatetur
1372 1635 1375 1649 ί
1415 1644 1420 1649 ⁴

1372 1652 1373 1662 ¹
1400 1650 1494 1679 tione,

387 1653 494 1677 tamen
521 1656 556 1677 se
578 1647 626 1676 sui
650 1646 751 1685 ipsius
773 1645 908 1676 oblitum
933 1645 1010 1680 fore,
1043 1645 1104 1675 nisi
1131 1646 1218 1676 Deus
1242 1646 1345 1685 ipsum

385 1693 606 1728 expurgasset,
645 1694 677 1718 et
707 1689 739 1718 in
770 1688 978 1718 afflictionum
1009 1687 1138 1719 fornace
1167 1689 1347 1719 excoxisset

384 1731 472 1762 illam
495 1731 714 1771 arrogantiam
739 1740 802 1770 qua
825 1730 1014 1770 plerumque
1034 1730 1067 1760 in
1083 1730 1231 1762 secundis
1251 1730 1346 1762 rebus

384 1773 533 1805 homines
563 1778 707 1804 utuntur.
754 1772 846 1812 Quae
877 1783 976 1812 quum
1006 1773 1051 1803 ita
1081 1773 1154 1810 siut,
1193 1773 1276 1804 serio
1307 1772 1346 1804 de

382 1859 504 1890 tionem
541 1870 579 1889 en
610 1859 700 1888 nobis
730 1864 962 1898 proponantur.
1007 1858 1092 1889 Nam
1123 1868 1221 1898 quum
1253 1869 1345 1890 suam

381 1901 602 1933 infirmitatem
638 1900 741 1931 David
770 1906 932 1941 agnoscat,
964 1901 1098 1940 quisque
1122 1906 1270 1932 nostrum
1293 1901 1346 1931 ad-

382 1952 533 1975 monetur
557 1944 617 1975 sibi
641 1953 771 1974 cavcre:
803 1949 834 1973 et
859 1942 927 1973 Deo
951 1943 1044 1974 nobis
1067 1943 1130 1974 otia
1154 1943 1290 1974 faciente
1313 1948 1346 1974 et

382 1997 489 2018 rerum
510 1996 692 2018 successum
712 1986 916 2023 concedente,
935 1992 1120 2026 exspectare
1141 1996 1345 2026 quascunque

382 2030 585 2065 tentationes,
609 2029 723 2068 quibus
747 2029 805 2068 ipsi
829 2039 886 2059 nos
907 2029 1075 2068 explorare
1095 2028 1262 2060 videbitur.
1302 2029 1346 2059 Et

384 2078 551 2112 practerea
570 2072 721 2102 docemur
741 2082 802 2102 non
824 2071 1020 2111 despondere
1033 2071 1178 2102 animum
1193 2071 1346 2111 gravibus

384 2115 460 2146 licet
483 2114 711 2146 afflictionibus
735 2124 792 2145 nos
812 2114 1017 2153 undiquaque
1036 2115 1266 2154 prementibus,
1289 2114 1344 2144 scd
1370 2129 1371 2134 =

383 2158 416 2188 in
441 2157 542 2196 ipsius
567 2157 707 2187 bonitate
730 2167 868 2196 sperare,
892 2166 973 2197 quae
996 2167 1161 2196 nunquam
1186 2163 1235 2187 est
1258 2156 1345 2187 defu·
1370 2184 1371 2187 ,

383 2206 457 2231 tura
487 2199 712 2230 invocantibus
743 2210 776 2231 se
806 2200 875 2231 sine
905 2199 976 2231 fuco
1006 2205 1038 2230 et
1067 2199 1282 2237 simulatione,
1314 2205 1345 2230 et

384 2253 444 2274 sua
475 2250 604 2282 peccata
635 2241 871 2273 detestantibus
895 2248 927 2273 et
950 2242 1074 2273 sincere
1097 2242 1345 2281 agnoscentibus
1370 2256 1371 2278 ι

383 2289 416 2317 et
449 2284 684 2321 confitentibus,
721 2284 992 2324 quemadmodum
1024 2284 1183 2316 Davidem
1215 2284 1345 2316 Psalmo

382 2329 579 2368 supracitato
602 2328 644 2358 30
668 2327 805 2359 vidimus
827 2337 917 2358 suam
941 2327 1217 2367 ingratitudinem.
1247 2337 1344 2367 quum

382 2371 479 2402 rebus
509 2371 658 2401 secundis
690 2371 859 2408 frueretur,
894 2371 1033 2411 ingenue
1061 2370 1215 2401 confiteri.
1261 2369 1344 2400 Nam

383 2422 483 2453 quum
515 2413 626 2443 fuisset
655 2423 673 2443 a
697 2413 766 2444 Deo
791 2413 823 2443 in
848 2413 969 2453 regiam
992 2412 1183 2453 dignitatem
1206 2419 1344 2449 evectus,

383 2462 415 2487 et
438 2456 471 2486 in
496 2461 604 2486 monte
628 2454 708 2486 Sion
733 2456 854 2495 positus
876 2461 1030 2495 tanquam
1053 2456 1088 2486 in
1112 2455 1185 2485 forti
1206 2465 1344 2495 propug-

384 2498 498 2530 naculo
540 2498 662 2537 placide
699 2503 859 2536 regnaret,
903 2510 963 2529 non
1000 2498 1134 2539 agnovit
1167 2504 1201 2528 ut
1235 2497 1345 2529 debuit

384 2551 572 2582 prosperum
595 2551 701 2571 rerum
721 2551 903 2572 successum
924 2552 942 2572 a
961 2541 1022 2573 Dei
1045 2541 1185 2572 bonitate
1197 2550 1342 2572 manare:

382 2584 469 2624 atqui
503 2584 688 2614 meminisse
721 2583 855 2615 dobobat
889 2594 922 2615 se
957 2583 1048 2615 illum
1083 2582 1240 2615 Davidem
1274 2593 1343 2614 esse

381 2637 475 2666 quem
507 2626 596 2657 Deus
625 2636 664 2657 ex
688 2626 827 2666 sepulcri
858 2626 1003 2658 faucibus
1033 2632 1177 2666 ereptum
1208 2626 1343 2658 miracu·
1367 2640 1369 2647 ⁴

1366 2671 1368 2680 '
1393 2673 1425 2698 et
1453 2667 1588 2698 similem
1620 2669 1740 2699 sactum
1764 2667 1907 2704 diabolis,
1937 2667 1990 2707 qui
2014 2677 2033 2698 a
2057 2667 2125 2698 Deo
2150 2666 2224 2699 boni
2247 2666 2353 2708 angeli

382 2668 450 2700 lose
494 2668 696 2700 liberaverat.
741 2668 849 2708 Quare
889 2675 1014 2700 tantum
1058 2669 1118 2700 Dei
1154 2669 1341 2700 beneficium

2307 229 2371 261 344

1408 332 1558 354 revocare
1583 323 1612 353 in
1639 322 1824 353 memoriam
1850 322 1939 353 illum
1959 323 2137 362 oportebat,
2161 324 2253 355 cuius
2272 334 2371 355 manu

2151 365 2370 405 Quamobrem

1407 419 1504 448 quum
1543 407 1698 438 Davidem
1731 409 1944 448 conspicimus
1973 407 2034 439 Dei
2059 419 2156 439 manu
2181 408 2369 440 miraculose

1407 462 1445 481 cx
1471 450 1653 480 imminenti
1678 450 1818 489 periculo
1843 450 2021 487 liberatum,
2045 462 2106 481 non
2133 456 2238 482 tamen
2259 461 2277 481 a
2296 461 2367 491 pcr-

1407 492 1649 533 sequutionibus
1673 492 1782 524 Saulis
1806 494 1981 523 immunem
2006 493 2112 531 fuisse,
2136 494 2191 524 sed
2213 494 2309 525 variis
2321 494 2368 524 af-

1408 536 1601 566 flictionibus
1634 543 1845 575 reservatum,
1878 543 1910 566 ut
1939 536 2038 576 ipsius
2062 537 2217 576 patientia
2240 547 2367 567 exerce-

1408 586 1510 608 retur:
1535 587 1746 617 agnoscamus
1772 578 1838 609 Deo
1862 588 1919 609 nos
1942 589 1980 609 ex
2003 579 2107 618 aliquo
2127 579 2269 619 periculo
2288 578 2367 610 libe-

1408 628 1508 653 rante.
1541 632 1603 650 non
1635 628 1741 651 tamen
1767 621 1909 661 promitti
1935 621 2024 651 nobis
2049 627 2240 661 perpetuum
2266 622 2367 652 otium

1406 671 1436 694 et
1467 663 1742 702 tranquillitatem,
1773 663 1826 694 sed
1852 663 1878 694 si
1904 674 2031 702 passum
2057 674 2158 694 unum
2181 675 2199 695 a
2221 664 2367 704 sepulcro

1407 706 1642 744 recesserimus,
1674 712 1877 746 praes-entem
1909 713 2015 736 tamen
2048 707 2079 736 in
2111 706 2211 738 oculis
2241 717 2368 747 semper

1406 760 1473 779 esse
1504 749 1645 778 foveam:
1679 755 1733 779 aut
1764 749 1790 778 si
1821 748 1914 789 plane
1945 748 1984 779 ab
2008 758 2072 779 uno
2095 749 2201 788 aliquo
2225 749 2367 789 periculo

1406 791 1526 822 liberati
1552 791 1661 827 simus,
1685 790 1771 821 aliud
1791 791 1928 822 subinde
1949 798 2076 831 practer
2096 802 2223 822 omnem
2243 793 2365 832 opinio-

1406 844 1477 864 nem
1502 834 1592 864 oriri:
1617 833 1701 873 quod
1727 844 1788 864 non
1817 833 1916 864 videri
1941 834 2033 864 debet
2059 845 2176 865 novum
2202 841 2258 864 aut
2280 835 2366 866 inso-

1405 876 1488 907 lens:
1520 876 1677 916 siquidem
1710 876 1878 913 Davidem,
1908 877 1989 916 quod
2022 877 2186 916 exemplar
2216 882 2285 908 erat
2313 887 2365 917 pa·

1405 919 1534 949 tientiac
1565 926 1595 949 et
1626 919 1830 955 constantiae,
1865 919 2012 950 videmus
2036 925 2101 949 tam
2126 919 2242 950 acriter
2266 920 2365 951 fuisse

1404 962 1501 992 variis
1526 962 1754 992 tentationibus
1778 961 1998 1002 exploratum:
2024 967 2059 992 ut
2082 972 2121 992 ex
2145 972 2182 992 eo
2205 961 2365 994 discamus

1402 1015 1462 1044 qua
1496 1015 1572 1035 eura
1607 1004 1696 1034 Deus
1731 1014 1805 1035 suos
1838 1004 1953 1041 foveat,
1988 1009 2020 1035 et
2049 1009 2179 1035 tueatur
2209 1004 2364 1036 adversus

1402 1047 1559 1086 quoslibet
1583 1047 1784 1077 inimicorum
1810 1047 1958 1078 insultus.

1487 1092 1656 1120 t‘aeterum
1676 1096 1815 1129 quantus
1835 1089 1943 1120 Saulis
1963 1090 2059 1120 fuerit
2079 1090 2168 1120 furor
2186 1090 2219 1120 in
2235 1089 2364 1121 Davide

1402 1132 1631 1172 persequendO,
1663 1133 1740 1163 satis
1770 1139 1911 1172 apparet,
1941 1131 2023 1172 qnod
2053 1143 2117 1163 non
2146 1133 2275 1163 erubuit
2302 1133 2363 1172 ipsi

1402 1175 1470 1205 Deo
1502 1175 1582 1205 velle
1618 1176 1775 1206 resistere.
1821 1175 1903 1206 Nam
1936 1185 1999 1206 non
2030 1176 2173 1214 peccavit
2204 1185 2243 1206 ex
2272 1175 2363 1216 igno-

1403 1218 1521 1247 rantia:
1553 1217 1711 1257 siquidem
1742 1217 1814 1248 licet
1844 1218 1976 1249 insanus
2006 1223 2100 1255 esset,
2132 1224 2238 1248 tamen
2263 1228 2363 1258 quum

1403 1260 1463 1290 Dei
1495 1270 1625 1290 manum
1657 1261 1715 1291 sibi
1747 1260 1847 1291 sensit
1876 1261 2036 1297 iniectam,
2067 1265 2099 1291 et
2128 1261 2236 1291 exutis
2266 1261 2363 1291 vesti-

1403 1303 1527 1340 mentis,
1568 1303 1697 1334 nemine
1726 1303 1815 1333 illum
1853 1303 1915 1334 nisi
1950 1303 2018 1334 Deo
2051 1309 2196 1343 cogente,
2236 1302 2364 1343 culpam

1402 1345 1529 1383 fatetur,
1559 1352 1590 1376 et
1621 1345 1845 1385 prophetisans
1867 1346 1899 1376 in
1923 1353 2014 1377 coetu
2038 1345 2271 1386 prophetarum
2295 1345 2363 1376 Da-

1402 1387 1506 1419 videm
1543 1399 1604 1419 non
1640 1389 1793 1427 agnoscit,
1827 1388 1882 1419 sed
1918 1387 2005 1419 velut
2039 1394 2132 1419 ext-ra
2165 1398 2199 1419 se
2238 1389 2363 1428 positus

1402 1431 1477 1470 quid
1508 1430 1603 1461 faciat
1626 1432 1763 1471 ignorat,
1794 1440 1902 1462 nonne
1926 1440 2099 1471 agnoscere
2125 1431 2184 1461 Dei
2207 1430 2362 1462 iudicium

1402 1475 1432 1503 in
1465 1484 1497 1503 se
1525 1474 1615 1504 illum
1646 1474 1823 1514 oportebat,
1853 1484 1914 1513 quo
1944 1473 2176 1504 admone-batur
2206 1479 2241 1504 ut
2269 1483 2362 1504 suam

1401 1524 1589 1556 agnosceret
1607 1516 1735 1557 culpam
1756 1517 1948 1556 veniamque
1968 1515 2205 1556 deprecaretur,
2226 1521 2258 1546 et
2273 1517 2362 1546 omni

1401 1560 1521 1589 abiecta
1552 1570 1641 1590 mora
1670 1560 1829 1591 innocenti
1860 1569 1953 1599 quem
1978 1559 2096 1590 iniuste
2120 1558 2232 1590 oderat
2254 1559 2361 1590 conci-

1400 1601 1553 1632 liaretur?
1601 1602 1722 1633 Verum
1757 1601 1972 1633 alienissimus
2004 1602 2064 1632 fuit
2093 1601 2133 1632 ab
2163 1602 2225 1632 ista
2244 1601 2364 1642 cogita-

1536 1650 1567 1675 et
1601 1644 1641 1675 ad
1675 1645 1782 1675 odium
1815 1645 2033 1675 inveteratum
2069 1650 2102 1675 et
2135 1643 2269 1675 consilia
2302 1653 2362 1675 sua

1400 1697 1547 1718 reversus
1576 1695 1633 1725 est,
1672 1698 1734 1727 quo
1763 1688 1846 1718 facto
1876 1697 1982 1718 nonne
2012 1687 2107 1726 plane
2137 1691 2299 1718 amentem
2329 1692 2362 1718 et

1399 1730 1552 1760 furiosum
1584 1730 1672 1761 illum
1698 1730 1795 1761 fuisse
1820 1730 1976 1767 videmus,
2007 1740 2105 1769 quum
2130 1739 2193 1760 non
2217 1729 2360 1760 animad-

1399 1773 1495 1803 vertit
1515 1782 1609 1812 qnam
1630 1773 1785 1812 singulari
1806 1773 1915 1804 favore
1938 1772 2098 1803 Davidem
2120 1782 2250 1803 servum
2263 1782 2359 1803 suum

383 1816 476 1848 nobis
505 1816 647 1856 cogitare
670 1815 831 1852 debemus,
861 1826 958 1855 quum
983 1816 1015 1846 in
1040 1822 1183 1847 nostram
1208 1816 1346 1847 instruc·
1371 1817 1373 1838 =¹
1397 1813 1487 1845 Deus
1516 1815 1804 1855 complecteretur?
1851 1815 1939 1854 Quin
1969 1821 1999 1845 et
2026 1814 2094 1845 Deo
2117 1815 2201 1846 ictus
2223 1815 2361 1854 ingemi·

1398 1865 1492 1888 nante
1521 1857 1636 1897 quibus
1667 1868 1736 1889 sese
1767 1857 1875 1889 Saulis
1904 1857 2126 1888 adversarium
2155 1868 2224 1889 esse
2253 1857 2358 1898 palam

1398 1901 1499 1937 faciat,
1540 1910 1646 1931 nonne
1690 1906 1906 1932 monstrosum
1940 1906 1989 1931 est
2022 1899 2113 1930 illum
2147 1900 2360 1931 nihilominus

1398 1953 1602 1982 perseverare
1630 1944 1663 1974 in
1694 1944 1810 1975 misero
1842 1942 1967 1974 Davide
1999 1942 2227 1982 persequendo,
2257 1948 2289 1973 et
2319 1942 2359 1973 ad

1398 1991 1531 2017 mortem
1555 1986 1756 2025 quaerendo:
1791 1997 1826 2017 ac
1849 1986 1910 2026 ipsi
1934 1985 2004 2016 Deo
2027 1984 2146 2016 bellum
2170 1985 2254 2016 velle
2276 1984 2359 2016 indi-

1397 2039 1476 2067 cere,
1500 2035 1531 2059 et
1554 2034 1666 2068 sponte
1689 2029 1846 2060 adversus
1873 2029 1977 2059 Deum
2001 2027 2170 2068 pugnare?
2214 2027 2301 2059 Hinc
2323 2028 2359 2059 fit.

1397 2072 1611 2111 conspicuum,
1650 2071 1810 2102 diabolum
1842 2071 1940 2102 semel
1973 2070 2120 2101 homines
2149 2070 2357 2101 invadentem

1397 2114 1441 2144 sic
1460 2115 1546 2153 ipsos
1566 2124 1660 2154 agere
1681 2122 1891 2149 transversos„
1916 2119 1951 2144 ut
1971 2113 2054 2144 ultro
2074 2112 2228 2144 adversus
2248 2112 2355 2144 Deum

1398 2157 1505 2187 ausint
1536 2158 1703 2197 insurgere
1732 2162 1763 2188 et
1794 2166 1948 2197 pugnare.
1995 2155 2077 2186 Nam
2108 2155 2166 2187 etsi
2198 2166 2263 2186 non
2287 2157 2358 2196 qui-

1398 2199 1468 2229 dem
1494 2199 1637 2230 volentes
1660 2199 1730 2230 Deo
1753 2199 1871 2230 bellum
1895 2198 2072 2236 inferimus,
2103 2203 2210 2230 tamen
2234 2198 2359 2229 malitia

1397 2248 1429 2271 et
1460 2242 1658 2282 ingratitudo
1689 2248 1799 2273 nostra
1828 2241 1960 2278 faciunt,
1995 2246 2030 2271 ut
2060 2240 2111 2271 vel
2146 2241 2358 2282 incogitantes

1397 2285 1549 2315 adversus
1586 2285 1693 2316 Deum
1725 2284 1875 2320 feramur,
1914 2288 1946 2314 et
1977 2283 2078 2314 veluti
2108 2283 2217 2315 furore
2246 2284 2357 2324 perciti

1397 2326 1611 2367 insurgamus.
1656 2327 1699 2358 Et
1729 2325 1997 2367 quemadmodum
2021 2325 2187 2357 furibundi
2213 2326 2358 2358 homines

1397 2369 1489 2399 modo
1525 2370 1620 2407 hunc,
1662 2369 1755 2400 modo
1790 2369 1879 2400 illum
1913 2368 2117 2408 strangulare
2150 2368 2201 2400 vel
2235 2369 2358 2400 laniare

1397 2411 1554 2449 nituntur,
1585 2413 1646 2444 etsi
1678 2422 1740 2443 non
1766 2411 1931 2443 ‘destinata
1960 2411 2093 2450 malitia,
2131 2417 2357 2443 verumtamen

1396 2464 1434 2484 ex
1467 2455 1572 2485 furore
1601 2460 1632 2486 et
1662 2455 1819 2486 amentia:
1849 2455 1893 2486 sic
1923 2454 2105 2493 quicunque
2136 2453 2262 2485 diabolo
2286 2464 2356 2494 per·

1396 2497 1578 2533 mittuntur,
1604 2499 1635 2528 in
1660 2498 1766 2529 Deum
1789 2498 1893 2538 ipsum
1918 2497 2087 2537 insurgere
2106 2506 2170 2527 non
2189 2501 2356 2528 verentur.

1397 2540 1496 2570 Pori-o
1520 2551 1616 2579 quum
1649 2540 1791 2578 Saulem,
1823 2545 1919 2571 antea
1949 2539 1983 2570 in
2014 2540 2135 2579 regiam
2166 2538 2356 2580 dignitatem

1395 2588 1538 2613 evectum
1558 2593 1575 2613 a
1599 2583 1745 2619 Domino,
1770 2584 1832 2613 iam
1853 2582 2020 2614 videamus
2039 2581 2071 2613 in
2092 2587 2158 2612 tam
2179 2581 2355 2613 miserabili

1394 2631 1425 2656 et
1448 2624 1609 2664 deplorato
1628 2632 1714 2656 statu
1734 2625 1942 2657 constitutum
1964 2625 1997 2654 in
2017 2624 2076 2655 hoc
2095 2623 2215 2656 mundo
2233 2625 2356 2662 vexari,
