2551 3044
181 208 240 240 617

181 304 303 341 tulisse,
333 308 365 335 et
395 303 455 334 hoc
486 301 616 342 quidem
639 300 698 331 fuit
721 300 923 331 inimicorum
948 301 1048 340 ipsius
1072 311 1146 331 con-

182 347 300 384 silium,
325 350 362 377 ut
385 351 460 377 ante
484 344 623 375 vidimus
647 343 751 382 ipsum
775 353 847 374 cum
873 342 970 374 Saule
995 350 1146 382 expostu—

182 390 306 421 lantem
320 389 370 420 his
394 387 518 419 verbis:
546 386 627 425 Quia
651 384 803 424 erpelltmt
824 395 870 415 me
893 385 980 416 leodic
1003 395 1039 416 ne
1062 395 1148 426 coop-

185 435 266 463 tatus
287 432 431 463 haeream
448 427 641 468 possessioni
658 426 795 463 Iskome,
818 428 967 458 dicentes:
991 427 1064 464 Abi,
1088 428 1149 459 cole

183 476 258 507 deos
269 474 398 506 alienos
432 470 599 502 Abstinuit
618 470 760 510 profecto
776 469 880 500 David
899 470 958 501 hoc
971 476 1147 510 postremo:

185 527 260 549 nam
291 522 413 547 certum
440 520 488 545 est
510 513 616 552 ipsum
641 522 701 542 non
727 512 824 542 fuisse
848 513 912 543 ullo
936 513 1024 544 cultu
1049 513 1147 544 idolo-

184 555 297 591 latric'o
317 558 476 597 pollutum
500 554 553 586 sed
580 560 688 585 tamen
712 555 750 584 ad
775 555 1013 586 incredulorum
1037 561 1067 586 et
1091 566 1147 595 po-

183 602 252 643 puli
275 600 390 632 iudaici
411 597 706 629 infensissimorum
726 597 868 628 hostium
895 597 1147 629 misericordiam

184 643 365 684 confugere,
397 645 429 672 et
454 650 547 681 opem
570 640 714 680 ipsorum
738 640 909 680 implorare
933 647 1060 672 coactus
1084 646 1147 671 est:

183 687 258 718 licet
281 687 345 716 iam
369 688 465 716 antea
487 682 687 723 periclitatus
710 682 795 714 inter
818 682 889 714 illos
916 687 1009 722 esset,
1042 688 1076 714 ut
1101 683 1145 714 vi-

184 729 291 760 dimus
319 729 424 768 ipsum
448 729 578 767 captum
601 736 620 756 a
642 725 852 756 Philisthaeis
876 731 906 756 et
929 726 1014 766 apud
1038 736 1147 766 regem

183 775 369 803 accusatum
400 770 432 800 in
464 768 634 800 discrimen
666 769 793 800 venisse
824 769 952 808 capitis,
992 773 1025 799 ut
1059 768 1148 799 nulla

182 814 245 855 ipsi
264 813 362 844 fuerit
381 812 444 843 alia
464 811 559 842 huius
579 810 754 851 effugiendi
780 811 913 851 periculi
938 812 1028 850 ratio,
1051 821 1147 852 quam

183 857 346 888 insaniam
377 854 545 890 simulare,
576 854 756 893 spumando
787 861 819 884 et
848 858 957 894 gestus
986 855 1091 885 insani
1117 857 1149 884 et

182 899 296 931 furiosi
327 897 467 930 hominis
494 896 687 927 simulanda
733 896 843 935 Quare
866 907 963 936 quum
986 896 1091 928 denuo
1114 896 1148 927 in

183 942 268 973 hanc
302 940 525 972 necessitatem
560 938 718 979 impulsus
749 944 814 977 est,
847 939 990 979 profecto
1022 939 1149 970 venisse

183 984 292 1025 ipsum
320 985 355 1014 in
385 992 522 1022 magnas
552 980 718 1022 augustias
747 992 811 1012 non
842 987 889 1013 est
924 981 1147 1020 dubitandum,

181 1027 267 1068 quod
295 1031 466 1067 cogeretur
503 1029 538 1054 ut
569 1024 762 1064 peregrinus
785 1025 820 1054 in
854 1024 960 1055 aliena
984 1032 1070 1056 terra
1093 1035 1148 1056 ex-

181 1069 298 1102 sulare.
344 1069 427 1100 Nam
451 1067 510 1098 etsi
534 1066 690 1098 coniicere
712 1077 882 1107 possumus
915 1078 978 1098 non
1010 1066 1148 1099 eundem

182 1113 281 1144 fuisse
309 1120 436 1152 regem:
468 1119 531 1140 non
563 1109 650 1139 enim
681 1109 737 1141 abs
768 1121 802 1141 re
831 1110 1019 1141 nominatur
1047 1110 1149 1141 Achis

183 1155 273 1186 filius
309 1155 434 1190 Manci,
479 1156 514 1183 ut
553 1151 743 1183 ostendatur
791 1163 856 1183 non
892 1163 964 1184 eum
1003 1163 1071 1184 esse
1109 1152 1148 1184 ad

183 1207 279 1238 quem
304 1196 411 1228 David
441 1195 562 1235 aliquot
584 1195 679 1226 annis
703 1194 861 1226 deductus
884 1195 1006 1234 fuerat3
1038 1200 1148 1226 tamen

183 1243 376 1281 perpetuum
399 1238 497 1269 fnisse
519 1237 606 1267 inter
625 1237 791 1269 Israelitas
815 1242 845 1268 et
865 1238 1057 1270 Philistinos
1080 1238 1148 1269 bel-

183 1283 260 1320 lum,
291 1286 417 1314 certum
445 1283 504 1311 est.
550 1279 642 1311 Licet
666 1281 772 1320 itaque
797 1281 916 1312 Davidi
938 1281 1020 1312 liber
1042 1280 1148 1312 aditus

182 1325 288 1367 patria
319 1325 353 1356 in
376 1323 628 1356 Philistaeorum
657 1324 832 1364 regionem,
862 1329 895 1354 et
920 1324 1106 1355 humaniter
1129 1334 1148 1354 a

182 1378 259 1409 rege
285 1367 388 1399 Achis
417 1370 571 1405 exceptus
600 1371 664 1403 est,
695 1373 804 1397 tamen
835 1367 867 1397 in
898 1367 1062 1407 perpetuis
1092 1377 1148 1397 an-

183 1411 298 1452 gustiis
328 1410 397 1441 fuit.
442 1409 487 1439 Et
509 1408 555 1438 ita
578 1408 725 1440 videmus
748 1408 890 1440 voluisse
914 1409 1021 1440 Deum
1045 1409 1147 1450 ipsius

181 1453 371 1494 patientiam
409 1451 595 1492 explorare,
632 1451 892 1492 quandoquidem
929 1458 1001 1492 post
1028 1452 1148 1483 multas

181 1506 300 1537 graves
330 1500 362 1526 et
390 1495 504 1535 longas
535 1493 748 1531 difficultates,
781 1499 910 1526 coactus
933 1501 980 1526 est
1004 1499 1090 1526 terra
1113 1494 1148 1525 in

182 1548 246 1579 qua
268 1538 331 1570 Dei
354 1538 460 1570 cultus
487 1540 557 1568 erat
585 1537 712 1575 relicta,
743 1538 774 1568 in
798 1541 919 1568 terram
951 1537 1148 1569 idololatrico

183 1582 272 1613 cultu
300 1581 458 1622 pollutam
488 1579 611 1620 fugere.
642 1580 749 1619 Quam
770 1580 829 1610 fuit
852 1580 914 1611 ista
936 1580 1076 1612 conditio
1099 1579 1148 1610 illi

183 1624 357 1662 dissimilis,
388 1633 451 1664 qua
479 1632 615 1663 regnum
646 1623 708 1663 ipsi
737 1622 915 1654 debebatur
935 1623 968 1654 in
991 1622 1147 1664 populum

183 1677 201 1698 a
223 1667 295 1698 Deo
325 1666 462 1698 electum
494 1671 525 1696 et
554 1664 753 1706 adoptatum,
783 1669 820 1696 ut
848 1676 905 1706 pro
934 1666 1040 1706 capite
1063 1665 1148 1706 quod

182 1710 244 1750 ipsi
257 1709 442 1746 debebatur,
467 1719 508 1739 ne
530 1708 703 1739 minimum
726 1708 857 1748 quidem
881 1709 1058 1740 membrum
1078 1718 1148 1740 esse

182 1753 245 1793 ipsi
268 1752 404 1784 licuerit.
434 1751 554 1783 Procul
579 1751 676 1782 dubio
695 1751 816 1782 Davidi
840 1751 1040 1782 satisfactum
1065 1755 1150 1783 esset

184 1796 211 1827 si
233 1795 393 1835 potuisset
415 1804 495 1833 esse,
524 1797 561 1825 ut
583 1794 628 1825 ita
651 1794 764 1832 dicam,
787 1805 871 1825 unus
895 1805 934 1825 ex
959 1794 1077 1834 pedum
1101 1804 1148 1825 ar-

185 1837 291 1869 ticulis
319 1836 589 1878 quemadmodum
613 1837 682 1876 ipse
704 1837 876 1878 profitetur
897 1837 930 1868 in
951 1837 1091 1869 Psalmis
1115 1847 1149 1867 se

185 1880 336 1912 maluisse
368 1879 514 1911 habitare
543 1879 576 1910 in
615 1879 695 1911 atrio
729 1879 842 1910 domus
876 1879 1017 1917 Domini,
1053 1890 1149 1920 quam

184 1923 219 1954 in
241 1922 346 1954 medio
370 1922 622 1961 incredulorum,
647 1928 678 1953 et
702 1922 854 1953 maluisse
876 1922 1048 1954 ianitorem
1068 1932 1148 1960 esse,

186 1965 299 1997 domus
321 1965 396 2006 Dei,
426 1976 496 1996 cum
521 1970 613 1996 coetu
637 1964 781 1996 fidelium
806 1965 1026 2005 coniunctum,
1052 1976 1148 2006 quam

184 2008 220 2039 in
251 2009 374 2049 regiam
397 2008 590 2048 dignitatem
613 2013 763 2039 evectum
787 2018 805 2038 a
828 2008 947 2048 populo
972 2008 1034 2040 Dei
1058 2018 1149 2048 sepa-

186 2051 262 2082 rari.
284 2051 358 2082 Non
382 2051 517 2082 dubium
540 2055 590 2082 est
611 2050 712 2091 igitur
735 2051 814 2090 quin
839 2051 1029 2090 gravissima
1052 2051 1149 2082 fuerit

186 2094 249 2125 ista
267 2094 402 2125 tentatio
425 2097 455 2124 et
478 2103 605 2124 summa
628 2093 789 2134 angustia,
812 2104 879 2124 non
902 2103 994 2133 posse
1017 2095 1052 2125 in
1074 2104 1150 2134 quo—

188 2136 260 2168 dam
273 2136 391 2177 angulo
403 2136 435 2167 in
459 2136 622 2168 montibus
646 2141 677 2167 et
700 2135 861 2176 speluncis
883 2136 1023 2168 Iudaeae
1048 2137 1149 2169 vitam

187 2183 377 2211 sustentare.
408 2180 514 2219 Atque
534 2179 594 2210 hoc
617 2178 802 2219 exemplum
824 2179 933 2220 magni
955 2179 1028 2210 fieri
1050 2190 1069 2210 a
1091 2190 1149 2210 no-

187 2221 237 2253 bis
251 2221 355 2253 debet.
382 2222 502 2262 Ecquis
511 2222 598 2253 enim
608 2221 710 2253 nescit
722 2221 924 2261 experientia
937 2222 1007 2262 ipsa.
1026 2222 1149 2261 doctus,

187 2264 337 2295 homines
359 2265 496 2295 nimium
520 2274 589 2296 esse
612 2264 724 2295 molles
747 2270 779 2295 et
802 2263 954 2295 delicatos
973 2264 1045 2296 Deo
1063 2266 1149 2305 ipsos

187 2307 377 2347 explorante
389 2307 489 2339 variis
508 2306 766 2339 calamitatibus?
790 2306 916 2347 Nempe
934 2307 995 2339 sibi
1014 2308 1150 2348 quisque

188 2350 317 2381 delitias
339 2349 423 2386 facit,
455 2354 486 2380 et
512 2360 546 2381 se
574 2360 674 2390 aequo
700 2349 812 2381 durius
835 2350 970 2381 tractari
994 2352 1150 2391 queritur.

188 2392 304 2433 Itaque
328 2403 364 2423 60
388 2391 576 2433 diligentius
594 2392 731 2424 Davidis
754 2392 941 2432 exemplum
965 2394 1149 2433 expenden-

189 2434 266 2466 dum
303 2441 336 2466 et
371 2445 444 2467 cum
478 2434 628 2467 omnibus
656 2435 696 2466 iis
725 2435 919 2476 quibuscum
946 2435 1061 2468 luctari
1092 2446 1151 2468 nos

190 2478 361 2518 contigerit
405 2477 642 2510 calamitatibus
675 2477 939 2518 comparandum.
995 2479 1079 2510 Nam
1113 2480 1150 2517 si,

191 2520 330 2560 exempli
342 2520 455 2561 gratia,
479 2520 569 2552 Deus
593 2520 688 2552 hodie
711 2531 770 2552 nos
793 2521 934 2552 examini
958 2521 1097 2560 subiicit,
1119 2526 1152 2553 et

189 2563 472 2603 persequutionem
506 2563 648 2603 patimur
677 2568 809 2604 propter
838 2563 998 2605 evangelii
1028 2564 1151 2604 profes-

191 2605 325 2642 sionem,
349 2615 390 2636 an
409 2610 515 2637 tamen
537 2616 573 2637 eo
595 2605 691 2637 modo
715 2616 776 2646 quo
788 2605 896 2637 David
920 2606 1149 2647 exploramur?

189 2657 231 2678 an
261 2647 446 2680 exsulamus
475 2652 628 2689 tanquam
662 2649 701 2680 ab
730 2649 770 2680 iis
796 2649 850 2688 qui
874 2659 991 2680 nomen
1016 2649 1078 2680 Dei
1100 2651 1150 2680 in-

820 207 868 239 IN
889 207 913 239 Ι.
938 207 1026 238 LIB.
1051 208 1248 239 SAMUEL.
1273 210 1366 241 CAP.
1390 210 1536 242 XXVII.

2096 212 2157 242 1318

1200 308 1316 333 vocant
1347 304 1476 335 omnino
1508 304 1632 342 resecti,
1663 304 1707 335 sic
1738 308 1775 334 111
1797 303 1911 335 nullibi
1934 308 2045 344 pateat
2067 304 2158 336 nobis

1199 343 1286 375 locus
1319 346 1378 377 nisi
1409 347 1440 377 in
1473 346 1574 377 m‹·dio
1599 346 1749 384 hostium,
1781 352 1812 377 et
1835 346 1925 377 nulla
1948 346 2010 378 alia
2034 348 2158 379 ratione

1201 387 1298 418 vitam
1330 389 1426 419 tutari
1457 390 1615 429 possimus
1646 400 1740 429 quam
1764 389 1797 419 in
1821 389 1890 429 ipsa
1912 395 2025 428 morte,
2054 400 2158 430 neque

1201 434 1326 460 tantum
1351 431 1388 462 ad
1425 431 1504 462 diem
1531 442 1629 462 unum
1654 439 1709 462 aut
1732 431 1869 462 alterum
1893 431 1949 463 sed
1972 431 2012 463 ad
2036 433 2158 464 multos

1201 473 1324 503 annos?
1349 474 1458 512 Quare
1480 474 1700 513 agnoscendus
1718 473 1780 505 Dei
1804 485 1881 515 erga
1904 485 1963 505 nos
1987 475 2078 506 favor
2100 486 2158 507 no-

1200 521 1299 545 stram
1320 516 1570 547 imbecillitatem
1584 517 1760 554 tolerantis,
1785 522 1817 547 et
1839 517 1941 548 nostri
1964 518 2156 549 miserentis.

1200 557 1268 588 Nae
1305 558 1422 599 ingrati
1458 559 1612 589 fuerimus
1644 560 1704 589 11181
1739 559 1902 598 patienter
1936 567 2158 600 exspectemus

1200 599 1299 631 donee
1330 601 1462 641 ipsemet
1489 602 1573 632 vires
1597 601 1686 632 nobis
1709 602 1748 632 ad
1772 601 1879 633 hostes
1902 607 2028 634 nostros
2051 604 2159 643 profli-

1199 642 1323 682 gandos
1345 643 1535 683 suppeditet.

1286 684 1321 716 Si
1335 686 1407 725 quis
1426 687 1565 726 excipiat
1578 686 1736 717 Davidem
1757 686 1849 717 nobis
1872 686 1968 727 longe
1992 687 2158 720 fortiorem

1199 727 1307 764 fuisse,
1329 728 1494 760 sciendum
1519 734 1565 759 cst
1591 740 1653 759 non
1678 729 1807 759 aliunde
1831 728 1914 760 hanc
1936 729 2157 762 fortitudinem

1200 780 1349 801 manasse
1379 782 1474 810 quam
1507 782 1523 801 a
1547 771 1608 802 fide
1632 781 1693 811 qua
1716 772 1749 802 111
1774 771 1843 802 Ι)60
1867 773 2038 812 acquievit,
2067 774 2160 805 cuius

1200 813 1315 851 spiritu
1350 814 1383 844 in
1416 814 1550 845 summis
1585 814 1832 845 difficultatibus
1866 819 2067 848 sustentatus
2101 821 2158 847 est.

1200 854 1266 886 Nos
1298 856 1402 895 itaque
1427 857 1585 887 Davidem
1614 857 1784 892 imitemur,
1813 864 1844 887 et
1868 864 1994 889 nostrae
2017 868 2160 890 commu-

1201 898 1252 929 nis
1265 898 1448 938 fragilitatis
1461 899 1587 936 conscii,
1611 898 1786 929 remedium
1801 899 1956 931 adversus
1969 911 2039 931 eam
2062 911 2159 941 quae-

1200 950 1319 979 ramus,
1344 941 1513 981 Deumque
1544 951 1710 981 precemur
1738 947 1774 972 ut
1797 952 1856 973 1108
1879 942 2018 975 deiectos
2047 944 2159 984 erigat,

1203 989 1234 1013 et
1276 983 1499 1015 vehementius
1533 984 1668 1024 agitatos
1702 995 1738 1015 ac
1771 984 1958 1016 vacillantes
1992 987 2160 1023 sustineat,

1202 1027 1349 1066 viresque
1387 1027 1522 1058 sufficiat
1559 1037 1636 1066 quas
1674 1027 1778 1067 ipsum
1807 1033 1985 1066 opportuno
2015 1036 2160 1068 tempore

1201 1069 1433 1108 praestiturum
1446 1069 1659 1100 certissimum
1673 1075 1737 1100 est:
1761 1069 1914 1109 quidquid
1932 1070 2016 1101 enim
2036 1071 2159 1103 accidat

1202 1112 1407 1142 verissimum
1439 1118 1487 1143 est
1516 1111 1599 1151 quod
1631 1112 1726 1143 huius
1755 1111 1828 1142 libri
1857 1112 1886 1143 2.
1911 1124 1978 1153 cap.
2009 1112 2158 1152 vidimus,

1201 1153 1307 1185 Deum
1339 1155 1429 1195 prius
1460 1155 1554 1185 morti
1586 1155 1712 1185 tradere
1736 1165 1810 1186 suos
1834 1164 1912 1194 quos
1936 1156 2020 1186 vitae
2045 1156 2158 1188 deinde

1202 1198 1360 1236 restituat,
1392 1204 1423 1227 et
1447 1197 1479 1228 in
1503 1197 1707 1237 sepulchrum
1731 1197 1866 1228 deiicere
1889 1206 2063 1238 antequam
2084 1199 2159 1231 inde

1201 1239 1331 1270 eximat.
1372 1239 1490 1271 Procul
1521 1239 1614 1271 dubio
1638 1239 1791 1280 potuisset
1814 1240 1914 1277 Deus,
1945 1241 1973 1271 si
1997 1241 2160 1280 voluisset,

1202 1282 1364 1313 Davidem
1387 1284 1420 1313 in
1443 1281 1564 1313 Iudaea
1587 1282 1695 1319 tutari,
1719 1287 1751 1313 et
1774 1281 1926 1314 adversus
1949 1283 2059 1315 Saulis
2082 1285 2160 1315 insi-

1201 1324 1269 1356 dias
1293 1330 1411 1366 tegere,
1442 1325 1497 1357 sed
1520 1330 1628 1355 tamen
1652 1325 1744 1356 toties
1767 1325 1860 1356 morti
1889 1332 2034 1365 ereptum
2060 1327 2161 1358 voluit

1201 1367 1332 1399 tandem
1368 1368 1455 1399 omni
1491 1378 1546 1409 spe
1578 1368 1662 1399 vitae
1693 1367 1855 1405 excidere,
1885 1368 1949 1399 nisi
1978 1368 2011 1399 in
2043 1379 2159 1401 manus

1201 1410 1343 1441 hostium
1356 1411 1419 1441 Dei
1442 1421 1509 1442 sese
1533 1411 1711 1442 coniiceret.
1741 1410 1855 1449 Itaque
1867 1410 2028 1442 Davidem
2052 1411 2160 1443 hacte-

1201 1464 1261 1484 nus
1287 1453 1477 1484 miraculose
1502 1452 1671 1484 liberatum
1702 1452 1804 1484 voluit
1833 1453 1867 1483 in
1896 1453 1955 1484 hoc
1985 1453 2156 1486 discrimen

1202 1496 1311 1527 venire
1334 1495 1418 1536 apud
1441 1496 1668 1534 Philisthaeos,
1698 1501 1731 1527 ut
1754 1496 1786 1526 in
1810 1505 1846 1526 eo
1869 1496 1973 1536 magis
1996 1506 2031 1527 ac
2054 1498 2158 1537 magis

1201 1538 1345 1570 divinum
1380 1548 1459 1579 opus
1490 1543 1655 1579 appareret
1684 1544 1714 1569 et
1745 1538 1960 1577 perficeretur.
2013 1539 2065 1569 Ex
2095 1550 2157 1579 quo

1201 1586 1334 1621 apparet
1350 1592 1415 1612 non
1433 1581 1502 1612 sine
1521 1591 1617 1612 causa
1630 1581 1733 1612 Deum
1758 1580 1866 1611 fideles
1889 1591 1962 1612 81108
1983 1581 2022 1612 ad
2046 1582 2158 1613 vivum

1201 1635 1302 1664 nsque
1333 1623 1502 1664 explorare
1533 1623 1791 1664 quandoquidem
1821 1624 1920 1663 ipsius
1943 1624 2046 1663 gratia
2069 1630 2157 1656 tanto

1200 1667 1260 1698 fnit
1289 1667 1455 1705 illustrior,
1485 1672 1604 1706 quanto
1628 1666 1758 1706 gravior
1781 1666 1966 1706 exploratio.
2012 1666 2056 1697 Et
2079 1678 2157 1698 83116

1200 1709 1261 1740 1136
1289 1710 1416 1740 ratione
1438 1708 1556 1740 Davidi
1587 1709 1734 1740 videmus
1764 1719 1827 1739 non
1858 1714 1984 1739 tantum
2015 1709 2156 1741 ablatam

1200 1754 1399 1784 occasionem
1419 1756 1451 1783 et
1473 1756 1699 1792 argumentum
1723 1750 1875 1782 laudandi
1887 1751 2004 1789 Deum,
2027 1758 2058 1783 et
2081 1763 2156 1783 eum

1201 1795 1399 1827 defensorem
1418 1794 1619 1835 agnoscendi,
1643 1794 1693 1826 cui
1716 1794 1770 1824 uni
1796 1794 1893 1824 vitam
1917 1799 2080 1834 acceptam
2104 1795 2156 1826 de-

1200 1838 1304 1875 bebat,
1328 1838 1384 1869 sed
1406 1839 1502 1869 etiam
1526 1837 1628 1877 ipsius
1651 1836 1834 1876 exemplum
1857 1836 1951 1867 hodie
1974 1837 2066 1868 nobis
2087 1847 2158 1868 esse

1200 1881 1268 1912 1060
1291 1880 1463 1919 doctrinae,
1487 1890 1548 1921 qua
1567 1880 1606 1911 ad
1628 1880 1732 1919 ipsum
1755 1878 1946 1909 imitandum
1968 1879 2156 1917 excitemur,

1201 1924 1347 1964 persuasi
1378 1924 1627 1963 quotiescunque
1651 1922 1741 1953 Deus
1771 1920 1917 1952 hostibus
1944 1920 2034 1952 laxat
2057 1922 2155 1953 habe-

1201 1976 1275 2004 nas,
1311 1972 1346 1997 nt
1380 1966 1418 1997 de
1452 1970 1562 1996 nostra
1596 1965 1696 1996 salute
1730 1964 1964 1995 conclamatum
1999 1964 2155 2001 videatur,

1201 2010 1306 2040 Deum
1321 2014 1428 2040 tamen
1447 2008 1565 2039 habere
1585 2008 1696 2038 mortis
1715 2007 1820 2037 exitus
1844 2007 1876 2037 in
1899 2017 1957 2037 sua
1979 2011 2154 2046 potestate:

1201 2063 1236 2083 ac
1249 2051 1383 2092 proinde
1394 2051 1498 2091 ipsum
1512 2051 1611 2081 nostri
1625 2049 1762 2086 tandem,
1787 2048 2056 2088 quemadmodum
2079 2050 2156 2081 olim

1201 2094 1347 2131 Davidis,
1372 2094 1587 2125 miserturum.
1612 2092 1677 2124 Sed
1690 2102 1725 2123 ea
1748 2098 1794 2122 est
1817 2091 1986 2122 hominum
2008 2092 2156 2124 incredu-

1201 2138 1289 2175 litas,
1324 2142 1361 2168 ut
1392 2147 1516 2177 semper
1545 2135 1661 2166 incerti
1684 2135 1838 2165 fluctuent
1862 2138 1893 2164 et
1917 2134 2071 2166 adversus
2094 2134 2156 2165 Dei

1202 2179 1430 2221 promissiones
1442 2179 1637 2211 certissimas
1656 2177 1836 2218 disputent:
1860 2177 1948 2207 iubet
1965 2177 2051 2208 enim
2065 2176 2156 2208 Deus

1202 2233 1259 2254 nos
1272 2233 1398 2254 securos
1411 2233 1488 2259 esse,
1513 2226 1545 2252 et
1564 2221 1602 2252 ab
1626 2221 1693 2260 ipso
1716 2219 1854 2260 pendere
1877 2223 1964 2250 certo
1986 2230 2156 2259 persuasos

1201 2267 1305 2306 ipsum
1325 2276 1383 2305 pro
1406 2264 1508 2296 salute
1532 2271 1642 2294 nostra
1666 2262 1814 2303 vigilare:
1837 2262 1892 2293 sed
1915 2262 2062 2293 homines
2085 2272 2155 2302 per-

1202 2313 1298 2349 petuo
1317 2308 1431 2339 incerti
1455 2310 1623 2348 vagantur,
1648 2310 1679 2335 et
1699 2305 1831 2344 quaevis
1855 2304 1997 2344 pericula
2020 2305 2064 2336 sic
2082 2304 2157 2335 hor-

1201 2355 1282 2389 rent,
1305 2350 1393 2390 quasi
1407 2349 1516 2380 nullus
1530 2358 1667 2388 unquam
1687 2358 1725 2378 ex
1748 2347 1811 2378 illis
1834 2346 1964 2378 futurus
1977 2348 2018 2378 sit
2040 2347 2157 2385 exitus,

1202 2398 1232 2425 et
1256 2394 1302 2424 ita
1324 2398 1437 2432 sponte
1460 2392 1523 2422 Dei
1546 2389 1808 2431 promissionibus
1830 2390 2042 2426 reluctantur,
2065 2389 2157 2429 quasi

1201 2436 1284 2467 ultro
1312 2435 1346 2466 in
1369 2434 1507 2465 nihilum
1531 2434 1616 2473 ipsas
1639 2431 1805 2463 redacturi,
1851 2432 2069 2471 Quamobrem
2093 2442 2157 2472 quo

1202 2478 1303 2509 maior
1326 2483 1373 2509 est
1395 2477 1562 2508 hominum
1586 2475 1801 2512 incredulitas,
1831 2484 1868 2506 60
1891 2474 2076 2515 diligentius
2099 2484 2155 2505 no-

1203 2520 1299 2552 tanda
1329 2519 1475 2560 exempla
1503 2518 1618 2559 quibus
1646 2528 1816 2558 possumus
1846 2517 1984 2548 erudiri:
2013 2516 2156 2557 quando-

1202 2563 1329 2604 quidem
1349 2573 1411 2594 non
1428 2566 1554 2593 tantum
1579 2560 1745 2592 docentem
1758 2560 1873 2597 Deum,
1899 2559 1954 2591 sed
1978 2560 2074 2591 etiam
2098 2569 2156 2591 nos

1203 2606 1241 2637 ad
1255 2605 1351 2637 fidem
1365 2603 1627 2645 promissionibus
1646 2603 1748 2643 ipsius
1767 2601 1982 2633 adhibendam
2002 2602 2158 2642 exemplis

1203 2658 1371 2680 servorum
1407 2657 1537 2679 suorum
1575 2646 1767 2677 excitantem
1798 2645 1955 2676 audimus.
2006 2644 2157 2685 Exempli
