2551 3044
391 234 451 267 531
1172 224 1375 257 HOMILIA
1398 222 1598 256 LXXXIX.
2315 218 2377 251 532

393 329 469 360 dum
489 332 538 358 est
561 331 596 357 01
618 324 728 356 miseri
751 331 783 354 et
807 322 900 363 egeni
925 322 1040 353 fratres
1064 320 1163 351 nostri
1195 320 1227 350 in
1257 319 1360 350 oculis

394 370 513 402 nostris
527 370 610 399 fame
624 376 655 398 et
669 368 723 398 siti
737 372 924 401 enecentur,
945 371 978 395 et
990 374 1071 404 quae
1085 363 1168 394 bona
1181 363 1361 402 accepimus

394 424 412 444 a
437 413 505 443 Deo
529 409 724 451 pauperibus
748 407 965 448 dispensanda
1000 407 1206 442 retineamus,
1237 405 1292 436 sed
1316 405 1361 435 ita

394 454 605 496 possidendas
628 463 704 492 opes
728 461 808 491 quas
822 451 957 490 quisque
978 456 1091 481 nactus
1114 454 1173 485 est,
1194 454 1229 479 ut
1251 458 1361 479 earum

394 498 568 538 participes
598 496 756 526 faciamus
787 504 867 533 quos
899 493 1008 533 gravis
1047 497 1140 532 urget
1178 491 1361 526 necessitas,

393 539 478 580 quod
501 540 636 579 quisque
660 548 718 578 pro
743 536 932 568 facultatum
959 535 1081 566 ratione
1102 535 1205 565 facere
1225 541 1361 564 tenetur.

395 582 555 623 Equidem
586 582 688 612 fateor
719 590 782 610 non
811 589 881 610 esse
914 579 1016 619 legem
1047 577 1186 617 aliquam
1225 575 1363 616 singulis

395 627 543 666 positam,
567 630 603 655 ut
627 624 671 654 ait
695 622 826 653 Paulus.
858 621 941 652 Nam
962 620 1149 651 donatorem
1173 626 1299 659 oportet
1323 629 1363 648 ex
1388 623 1389 653 ζ

395 669 504 699 animo
528 673 559 698 et
582 674 696 707 sponte
710 665 795 700 dare,
819 664 873 695 sed
899 670 1007 694 tamen
1031 663 1092 694 etsi
1105 662 1195 693 nulla
1217 662 1363 702 cogimur
1388 660 1389 667 ¹

396 710 588 743 necessitate
611 709 692 749 legis
716 718 772 748 pro
798 707 920 737 viribus
950 707 1029 738 eniti
1059 705 1204 746 singulos
1236 710 1363 744 oportet

396 754 436 785 ad
460 754 594 784 miseros
618 759 649 782 et
672 760 792 791 egenos
816 750 882 780 suis
906 749 1112 781 facultatibus
1135 747 1361 779 sublevandos.

397 796 615 836 Quamobrem
650 794 677 824 si
708 804 783 833 opes
818 798 848 823 et
884 792 1015 823 divitias
1049 802 1067 822 a
1102 792 1171 822 Deo
1206 790 1362 821 fuerimus

397 838 588 878 consequuti
614 836 730 877 quibus
753 846 848 876 egere
868 835 1031 875 proximos
1055 834 1231 870 videamus,
1256 843 1274 863 a
1294 832 1362 862 Deo

396 893 454 913 nos
478 881 642 921 explorari
665 880 816 917 sciamus,
839 888 875 909 ae
899 877 1033 918 proinde
1051 877 1078 907 si
1101 876 1206 908 officio
1225 874 1361 906 defueri-

397 935 469 956 mus
493 934 550 955 nos
577 933 595 953 a
625 922 696 953 Deo
725 930 877 960 tanquam
909 921 1082 960 sacrilegos
1111 919 1362 950 condemnatum

397 968 446 998 iri.
500 966 627 997 Divites
659 965 758 1005 igitur
787 965 977 994 intueantur
1006 962 1138 994 Nabalis
1169 961 1363 1000 exemplum,

397 1018 428 1040 et
455 1008 533 1049 quid
565 1008 604 1039 ab
633 1008 713 1048 ipsis
748 1007 839 1038 Deus
870 1005 1009 1046 postulet
1041 1006 1175 1036 discant.
1222 1003 1363 1034 Divitiae

396 1063 475 1083 sane
502 1051 632 1082 divinae
657 1050 812 1081 bonitatis
832 1056 864 1079 et
887 1049 1006 1080 favoris
1030 1056 1107 1079 sunt
1138 1046 1365 1081 testimonium,

396 1094 452 1126 sed
477 1094 611 1125 Nabalis
634 1093 768 1124 divitiae
791 1093 824 1123 in
844 1092 945 1131 ipsius
958 1090 1256 1122 condemnationem
1279 1098 1363 1119 com-

397 1143 630 1169 memorantur.
687 1135 810 1167 Contra
851 1145 926 1165 vero
968 1133 1190 1164 Abruhamum
1233 1131 1363 1162 divitem

398 1181 510 1218 fuisse,
534 1190 627 1211 sacra
650 1179 813 1218 scriptura
825 1176 1000 1217 praedicat,
1025 1188 1087 1207 non
1102 1186 1178 1207 sane
1202 1174 1241 1205 ad
1264 1173 1366 1214 ipsius

399 1222 549 1259 dedecus,
591 1221 647 1253 sed
682 1221 790 1261 potius
823 1219 863 1250 ad
894 1230 1053 1251 0001013111
1088 1218 1230 1255 laudem,
1271 1226 1364 1257 quem

401 1266 491 1297 Deus
514 1276 555 1296 ex
578 1271 713 1305 paterna
729 1263 872 1294 bonitate
897 1262 1017 1293 divitiis
1039 1261 1152 1292 multis
1165 1260 1265 1291 auxit.
1300 1257 1365 1290 Sed

401 1309 553 1349 quoniam
585 1307 689 1338 Nabal
720 1306 858 1345 acceptis
889 1315 906 1335 a
938 1304 1007 1335 1)οο
1038 1305 1129 1335 bonis
1159 1304 1278 1334 abusus
1309 1307 1366 1336 est,

401 1351 520 1383 idcirco
543 1350 735 1381 facultatum
757 1349 860 1388 ipsius
873 1348 994 1378 mentio
1013 1348 1058 1384 fit,
1082 1353 1118 1378 ut
1137 1346 1205 1377 eius
1218 1344 1366 1383 exemplo

402 1394 529 1426 discant
551 1393 606 1432 qui
630 1392 751 1422 multas
776 1391 993 1430 possessiones
1026 1390 1157 1428 habent,
1187 1395 1219 1420 et
1248 1387 1367 1418 multos

403 1447 528 1468 annuos
560 1435 681 1466 reditus
712 1434 828 1474 quibus
859 1433 969 1463 multis
1001 1432 1185 1463 benefacere
1220 1435 1365 1471 possunt,

404 1480 431 1511 si
455 1478 556 1515 avari,
580 1484 637 1509 aut
660 1477 766 1517 parci,
790 1482 822 1506 et
845 1476 973 1507 steriles
998 1475 1127 1514 fuerint,
1152 1485 1185 1505 se
1208 1474 1365 1505 bonorum

404 1532 498 1554 usum
523 1521 702 1561 profanare,
730 1528 810 1559 quae
834 1518 982 1549 dominus
1007 1518 1077 1549 usui
1109 1527 1285 1557 pauperum
1316 1515 1368 1546 de-

405 1564 539 1596 dicarat.
584 1563 648 1594 Hic
684 1562 784 1602 igitur
822 1561 943 1593 dictum
982 1561 1162 1592 Salomonis
1197 1559 1368 1599 diligenter

404 1605 641 1639 observandum
680 1604 822 1636 iubentis
860 1604 967 1635 bibere
1011 1614 1126 1643 aquam
1166 1603 1310 1642 singulos
1351 1611 1368 1632 e

404 1651 545 1683 cisterna
567 1658 635 1685 sua,
659 1654 692 1679 et
714 1647 838 1678 fluenta
862 1657 879 1677 e
896 1646 1000 1677 medio
1014 1646 1100 1686 putei
1125 1646 1183 1683 sui,
1206 1651 1238 1676 et
1260 1651 1367 1675 tamen

404 1702 557 1733 spargere
582 1690 688 1721 fontes
711 1701 785 1721 suos
816 1690 909 1721 foras.
955 1689 1038 1720 Nam
1067 1699 1164 1729 quum
1194 1688 1282 1719 iubet
1311 1697 1370 1717 nos

403 1736 513 1767 bibere
536 1744 653 1773 aquam
677 1743 694 1764 e
718 1734 805 1763 fonte
830 1738 939 1763 nostro
963 1732 1107 1772 singulos
1121 1731 1209 1762 docet
1223 1736 1369 1770 oportere

403 1783 575 1811 contentos
604 1776 644 1807 iis
673 1786 743 1806 esse
771 1785 852 1815 quae
882 1786 901 1806 a
931 1775 1072 1806 Domino
1106 1774 1302 1814 accepimus,
1339 1778 1371 1803 et

402 1820 487 1853 nihil
511 1819 653 1859 amplius
665 1824 829 1858 appetere,
851 1824 887 1848 ut
901 1818 1089 1857 plerumque
1112 1817 1216 1847 solent
1238 1815 1370 1847 insatia-

403 1864 486 1896 biles
510 1861 641 1902 quidam
667 1861 813 1901 gurgites
836 1860 892 1900 qui
917 1861 1010 1891 novis
1033 1870 1160 1900 semper
1184 1859 1300 1899 opibus
1323 1859 1372 1888 in-

402 1907 506 1941 hiant,
530 1911 562 1935 et
585 1904 659 1935 licet
683 1903 919 1944 opulentissimi
945 1903 1066 1934 vicinos
1098 1910 1205 1933 tamen
1237 1902 1372 1932 miseros

403 1947 597 1990 depraedari
629 1946 745 1983 solent,
781 1947 882 1977 donec
916 1947 1003 1985 ipsos
1037 1945 1166 1976 tandem
1202 1951 1283 1975 totos
1317 1953 1372 1974 ex-

404 1990 585 2025 hauserint.
626 1990 750 2021 Contra
774 1989 865 2020 docet
885 1988 1038 2019 Salomon
1062 1987 1231 2019 bibendam
1257 1996 1373 2026 aquam

405 2047 422 2068 e
447 2036 545 2070 fonte,
576 2032 646 2063 ideo
670 2032 897 2072 praesentibus
928 2037 1075 2071 oportere
1105 2034 1273 2062 contentos
1306 2038 1374 2060 esso

406 2085 439 2111 et
462 2077 583 2108 divites
607 2085 701 2115 posse
732 2074 859 2114 quidem
886 2075 1025 2114 acceptis
1054 2085 1072 2105 a
1095 2073 1164 2104 Deo
1190 2072 1282 2103 bonis
1311 2071 1375 2101 frui

407 2128 440 2153 et
468 2119 581 2151 eadem
614 2119 698 2149 bona
729 2118 924 2149 conscientia
956 2117 1094 2147 retinere
1131 2127 1167 2147 ac
1206 2114 1376 2155 possidere,

408 2162 503 2196 modo
534 2161 574 2193 ad
608 2161 753 2201 ipsorum
781 2167 925 2191 autorem
947 2166 979 2190 et
1003 2162 1122 2190 fontem
1142 2163 1323 2198 assurgant,
1347 2162 1379 2187 et

409 2205 516 2238 sobrie
537 2203 650 2235 iisdem
676 2210 827 2234 utantur:
852 2203 906 2234 sed
932 2210 1097 2242 praetcrea
1121 2201 1210 2232 iubet
1222 2199 1377 2232 Salomon

408 2250 513 2281 fontes
537 2246 647 2287 spargi
673 2247 768 2282 foras,
792 2251 824 2276 et
849 2246 934 2276 rivos
958 2256 1114 2285 aquarum
1139 2245 1170 2275 in
1195 2243 1310 2284 puteis,
1343 2248 1379 2272 ut

408 2292 520 2323 doceat
544 2289 751 2321 facultatibus
772 2289 911 2319 residuis
930 2287 1131 2319 adiuvandus
1143 2286 1306 2327 proximos
1325 2285 1379 2324 qui

409 2333 603 2367 necessitate
628 2331 736 2371 aliqua
759 2338 962 2370 premuntur.

496 2376 660 2414 Deinceps
692 2384 771 2404 vero
802 2374 940 2404 Davidis
971 2372 1071 2404 verba
1100 2376 1278 2412 sequuntur
1306 2380 1380 2402 suos

409 2419 572 2452 mittentis
600 2417 640 2449 ad
674 2417 840 2451 Nabalem.
873 2423 905 2447 et
935 2417 1050 2456 quibus
1079 2415 1186 2447 verbis
1215 2413 1379 2445 hominem

410 2461 655 2502 compellarent,
681 2460 881 2496 instruentis,
906 2470 988 2498 quae
1012 2459 1110 2490 verba
1133 2457 1278 2498 pluribus
1300 2455 1379 2486 reci-

411 2512 533 2544 tantur,
564 2510 600 2534 ut
637 2503 741 2542 magis
769 2513 806 2533 30
838 2503 940 2542 magis
972 2508 1092 2541 quanta
1123 2500 1218 2532 fuerit
1248 2497 1381 2530 Nabalis

411 2547 601 2587 improbitas
626 2546 748 2576 bestiae
773 2545 880 2584 potius
903 2555 999 2584 quam
1022 2544 1145 2575 homini
1168 2542 1283 2575 similis
1305 2551 1380 2572 con-

412 2590 608 2630 templemur
633 2594 663 2619 et
685 2587 888 2618 erudiamur:
912 2587 1019 2618 David
1043 2587 1129 2617 enim
1151 2586 1282 2618 iuvenes
1303 2594 1381 2624 quos

413 2631 563 2664 mittebat
587 2631 626 2661 ad
652 2631 768 2671 ipsum,
801 2630 890 2661 iubet
920 2629 979 2661 1130
1011 2629 1151 2660 formula
1178 2626 1380 2668 compellare.

415 2674 537 2707 Salutat
574 2676 600 2705 te
650 2683 758 2704 servus
791 2676 863 2703 tuus
902 2683 972 2705 cum
1009 2673 1078 2704 suis
1115 2671 1271 2708 omnibu-3,
1315 2669 1380 2709 tibi,

1409 363 1536 401 precatu
1541 370 1565 390 r.

1412 318 1572 354 familiae,
1609 316 1696 357 yreyi
1731 318 1758 347 et
1788 315 1931 347 omnibus
1961 315 2004 346 iis
2039 324 2116 354 quae
2141 314 2285 354 possides
2311 313 2384 346 bene

1612 359 1756 390 Dubium
1781 369 1846 390 non
1871 364 1920 390 est
1943 359 2019 398 quin
2045 358 2096 388 his
2116 357 2224 388 verbis
2246 364 2381 389 conetur

1414 403 1547 435 Nabalis
1580 401 1837 433 benevolentiam
1870 407 2016 441 captare:
2054 410 2127 431 nam
2165 399 2244 432 haee
2282 401 2380 432 verba

1388 463 1389 469 .
1415 445 1608 486 precationis
1628 444 1799 475 formulam
1820 455 1897 484 prae
1910 454 1943 474 se
1963 444 2079 480 ferunt,
2099 443 2190 482 quasi
2204 443 2381 484 eleemosy-

1389 518 1390 521 ,
1416 500 1490 520 nam
1514 487 1650 528 supplex
1662 494 1796 528 peteret,
1819 497 1923 527 neque
1947 485 2124 517 modestius
2137 492 2242 525 potest
2264 485 2380 525 aliquis

1389 539 1390 564 ἰ
1416 530 1536 570 aliquid
1567 540 1683 570 rogare
1712 530 1787 561 dum
1820 530 1899 561 bene
1938 535 2096 569 precatur.

2143 530 2191 560 Ae
2220 529 2245 559 si
2285 528 2379 566 dicat,

1415 573 1592 606 Benedicat
1616 573 1776 604 Dominus
1807 573 1845 604 iis
1874 571 2022 603 omnibus
2045 582 2127 612 quae
2151 571 2303 611 possides,
2334 571 2381 602 id-

1415 618 1499 648 circo
1523 616 1624 657 igitur
1647 615 1705 647 1100
1728 615 1930 656 exprimitur,
1955 621 1989 645 ut
2012 615 2152 645 sciamus
2175 613 2256 645 1111111
2281 613 2380 646 fuisse

1415 660 1447 690 in
1473 660 1533 690 ista
1556 659 1718 699 legatione
1732 658 1815 698 quod
1831 657 1985 689 Nabalem
1999 657 2151 695 irritaret,
2173 656 2257 698 quod
2271 655 2380 688 David

1416 712 1473 732 nec
1497 702 1592 732 minis
1617 712 1675 733 1100
1706 700 1830 741 probris
1859 710 1937 731 usus
1963 700 2014 736 sit,
2045 707 2077 731 et
2108 700 2182 731 lieet
2210 710 2379 732 servorum

1415 746 1467 785 qui
1492 744 1632 776 Carmeli
1659 744 1800 781 fuerunt,
1831 743 2027 774 mentionem
2061 743 2215 778 iniecerit,
2247 752 2311 774 non
2342 753 2381 774 ea

1416 788 1541 819 ratione
1555 788 1674 819 factum
1700 797 1779 824 esse,
1804 792 1838 817 ut
1861 796 1932 816 eum
1955 786 2172 822 exacerbaret,
2195 784 2250 817 sed
2274 786 2381 826 potius

1415 837 1450 861 ut
1473 830 1570 861 fidem
1591 837 1621 861 et
1633 830 1808 861 amicitiani
1823 839 1913 860 suam
1927 828 2042 859 Nabali
2056 828 2222 868 proderet:
2235 829 2380 860 narratio

1414 873 1493 904 haec
1517 873 1656 913 simplex
1680 880 1739 904 est.
1786 872 1934 902 Primum
1958 878 2065 902 autem
2097 870 2148 901 1110
2172 870 2381 903 observemus

1415 916 1572 947 Nabalem
1597 927 1660 947 non
1680 915 1783 947 solum
1808 914 1927 954 ingrati
1940 914 2039 944 animi
2052 913 2102 945 sui
2116 914 2215 944 vitam
2225 913 2256 956 θ’)
2267 913 2382 945 adver-

1416 970 1470 990 sus
1495 958 1665 994 Davidem,
1689 957 1744 989 sed
1765 957 1861 988 etiam
1881 957 2079 997 impietatem
2099 967 2190 988 suam
2211 956 2381 994 detexisse,

1417 1001 1676 1042 quandoquidem
1717 1001 1759 1032 ita
1797 1001 1984 1040 petitionem
2019 1009 2111 1030 suam
2145 1000 2305 1039 instituit,
2345 1004 2382 1031 ut

1418 1045 1517 1085 ipsius
1549 1043 1681 1075 Domini
1712 1043 1843 1074 nomine
1873 1053 1891 1073 a
1921 1042 2044 1074 Nabale
2074 1042 2290 1082 postulaverit
2326 1043 2382 1074 ali-

1417 1087 1501 1128 quod
1535 1087 1726 1118 subsidium.
1782 1086 1946 1126 Pauperes
1985 1085 2071 1116 enim
2113 1086 2237 1125 quoties
2276 1085 2385 1126 inopia

1418 1137 1632 1171 premuntur,
1669 1139 1728 1160 nec
1762 1129 1881 1160 referre
1915 1128 2054 1169 gratiam
2089 1134 2244 1168 possunt,
2277 1127 2385 1160 Deum

1418 1181 1593 1214 precantur
1616 1179 1652 1203 ut
1676 1182 1772 1212 quam
1796 1172 1856 1212 ipsi
1887 1182 1951 1202 non
1976 1176 2120 1212 possunt,
2153 1171 2241 1202 Deus
2265 1171 2384 1202 referat

1419 1217 1457 1248 iis
1481 1217 1534 1256 qui
1560 1215 1682 1246 miserti
1705 1220 1782 1246 sunt
1800 1214 1954 1254 ipsorum.
1991 1214 2034 1245 Et
2056 1223 2132 1245 sane
2156 1212 2258 1244 divini
2281 1214 2383 1245 nomi-

1420 1259 1470 1290 nis
1494 1258 1756 1289 commemoratio
1781 1257 1866 1296 facit‚
1890 1262 1927 1288 ut
1945 1258 1996 1297 qui
2019 1263 2135 1287 natura
2154 1255 2274 1287 sordidi
2297 1264 2384 1295 sunt,

1420 1307 1452 1333 et
1487 1301 1643 1333 avaritiae
1673 1300 1775 1331 dediti
1806 1300 1912 1340 aliquo
1941 1299 2035 1331 modo
2075 1299 2256 1330 flectantur.
2311 1299 2386 1338 Qua

1420 1343 1724 1376 commemoratione
1747 1353 1847 1383 quum
1872 1342 1976 1374 Nabal
2005 1352 2070 1373 non
2098 1342 2141 1373 sit
2171 1342 2316 1381 affectus,
2344 1353 2386 1374 ex

1421 1399 1457 1419 eo
1480 1393 1614 1427 apparet
1637 1387 1741 1427 ipsum
1766 1396 1829 1416 non
1854 1385 1957 1416 solum
1978 1385 2133 1416 adversus
2152 1384 2312 1416 Davidem
2335 1385 2386 1416 in-

1421 1437 1549 1469 gratum
1579 1435 1611 1461 et
1645 1431 1866 1460 immemorem
1897 1428 2043 1459 beneficii
2076 1426 2116 1458 ab
2148 1427 2219 1467 ipso
2254 1429 2386 1468 accepti,

1420 1473 1475 1505 sed
1498 1479 1562 1503 tam
1586 1472 1732 1512 impium,
1763 1478 1799 1502 ut
1824 1482 1862 1502 ne
1885 1470 2027 1502 scintilla
2049 1470 2177 1510 quidem
2203 1470 2328 1510 pietatis
2351 1471 2385 1502 in

1421 1517 1490 1556 ipso
1513 1515 1687 1546 exstiterit.
1714 1514 1817 1545 Decet
1830 1514 1929 1555 igitur
1943 1523 2002 1544 nos
2015 1518 2180 1553 acceptum
2194 1512 2385 1545 beneficium

1421 1564 1567 1600 tempore
1601 1565 1632 1589 et
1666 1557 1734 1589 loco
1774 1567 1999 1596 compensare,
2041 1562 2136 1596 prout
2175 1555 2263 1587 dabit
2295 1555 2386 1588 Deus

1421 1601 1631 1633 occasionem.
1677 1600 1761 1632 Nam
1785 1599 1812 1631 si
1835 1598 1982 1630 hostibus
2006 1599 2193 1630 benefacere
2221 1597 2384 1637 debemus,

1421 1644 1533 1685 quales
1568 1655 1626 1675 nos
1659 1648 1786 1683 oportet
1821 1653 1891 1674 esse
1927 1652 2005 1683 erga
2039 1652 2108 1679 000,
2149 1641 2204 1681 qui
2239 1647 2386 1673 nostram

1423 1688 1600 1719 amicitiam
1645 1685 1810 1718 beneficiis
1860 1684 1921 1716 sibi
1964 1684 2134 1716 conciliare
2179 1683 2385 1715 studuerint?

1423 1730 1644 1770 Quamobrem
1675 1727 1874 1769 ingratitudo
1905 1734 1970 1758 tam
2006 1726 2232 1758 detestandum
2264 1727 2387 1758 crimen

1423 1781 1481 1811 est,
1506 1780 1541 1804 01
1565 1773 1639 1804 11001
1662 1771 1818 1803 adversus
1842 1770 1922 1802 illud
1946 1770 2028 1801 actio
2052 1780 2114 1801 non
2139 1769 2243 1807 detur,
2277 1774 2385 1801 tamen

1425 1816 1515 1848 nulla
1537 1815 1745 1847 excusat-ione
1768 1824 1801 1845 se
1824 1813 1908 1844 tueri
1931 1812 2055 1853 possint
2077 1813 2130 1853 qui
2142 1812 2248 1843 officio
2266 1811 2388 1844 defece-

1425 1861 1502 1898 rint,
1525 1864 1557 1889 et
1580 1863 1711 1898 accepta
1733 1857 1888 1888 beneficia
1912 1854 2088 1896 rependere
2107 1865 2171 1886 non
2191 1855 2387 1887 studuerint.

1424 1902 1510 1942 Quin
1534 1902 1600 1933 imo
1623 1901 1650 1932 si
1673 1900 1746 1940 quis
1768 1899 1888 1940 ingrati
1911 1898 2013 1929 animi
2036 1904 2212 1936 accusetur,
2235 1903 2388 1938 tanquam

1425 1945 1566 1976 crudelis
1590 1951 1622 1975 et
1645 1943 1845 1974 inhumanus
1868 1941 1908 1973 ab
1931 1940 2082 1972 omnibus
2105 1940 2286 1978 habebitur,
2310 1951 2388 1981 qua-

1426 1995 1558 2029 propter
1591 1997 1629 2018 eo
1666 1986 1855 2026 diligentius
1896 1983 1948 2016 hie
1987 1983 2189 2015 observanda
2227 1983 2390 2015 sententia

1427 2042 1521 2071 quam
1547 2029 1655 2062 David
1679 2029 1836 2059 adversus
1859 2027 2016 2058 Nabalem
2039 2026 2114 2057 tulit
2137 2026 2221 2067 quod
2251 2033 2316 2057 tam
2339 2027 2390 2057 in-

1428 2079 1557 2114 gratum
1581 2084 1614 2104 se
1637 2071 1839 2113 praebuisset
1863 2080 1940 2111 erga
1963 2080 2007 2107 se,
2030 2074 2063 2100 et
2086 2079 2206 2101 vacuos
2229 2079 2304 2101 suos
2323 2079 2390 2100 ser-

1430 2127 1485 2148 vos
1509 2115 1694 2147 dimisisset.
1733 2114 1905 2145 Praeterea
1925 2112 2000 2143 hinc
2022 2111 2210 2143 discendum
2234 2121 2294 2143 11οο
2315 2111 2391 2143 licet

1430 2159 1508 2190 nihil
1534 2159 1707 2190 debeamus
1730 2155 1848 2196 aliquid
1871 2166 1890 2186 a
1913 2154 2004 2186 nobis
2023 2154 2214 2195 petentibus,
2239 2164 2390 2185 reveren·

1431 2202 1474 2233 tia
1509 2207 1617 2232 tamen
1654 2199 1757 2231 divini
1795 2198 1935 2230 nominis
1971 2203 2120 2237 oportere
2157 2196 2277 2236 aliquid
2312 2197 2392 2237 ipsis

1430 2255 1573 2283 erogare,
1605 2250 1636 2275 et
1666 2243 1856 2274 miscrorum
1886 2250 2126 2281 egenorumque
2161 2240 2206 2271 sic
2236 2239 2392 2278 misereri,

1431 2294 1467 2318 ut
1490 2287 1597 2318 Deum
1621 2295 1747 2326 semper
1770 2285 1962 2319 intueamur,
1995 2282 2033 2314 de
2055 2282 2147 2315 cuius
2170 2282 2240 2314 iure
2263 2287 2393 2313 tantum

1433 2330 1614 2360 detrahitur
1644 2332 1799 2369 quantum
1831 2325 2026 2367 pauperibus
2056 2330 2211 2366 negatur⁷
2242 2325 2304 2356 nisi
2333 2334 2393 2365 pro

1433 2372 1623 2403 facultatum
1649 2371 1773 2402 ratione
1796 2369 1899 2410 parati
1923 2369 2025 2400 simus
2048 2368 2159 2409 egenis
2181 2377 2275 2408 opem
2298 2367 2392 2399 ferre.

1518 2414 1680 2454 Deinceps
1712 2423 1788 2445 vero
1818 2418 1999 2452 sequuntur
2023 2411 2156 2442 Nabalis
2186 2410 2248 2441 ista
2279 2409 2393 2442 verba:

1438 2457 1514 2496 Quis
1537 2460 1580 2489 est
1597 2457 1714 2494 David,
1737 2458 1764 2487 et
1786 2455 1858 2496 quis
1879 2457 1923 2485 est
1943 2453 2032 2493 filius
2054 2453 2152 2485 lsai?
2181 2453 2270 2484 hodie
2295 2453 2394 2484 incre-

1432 2503 1539 2530 verunt
1561 2501 1643 2531 servi
1671 2499 1726 2540 qui
1753 2498 1882 2539 fuyiwzt
1909 2497 2051 2528 dominos
2080 2506 2167 2527 suos:
2196 2495 2300 2527 tollam
2322 2504 2394 2536 erqo

1427 2552 1528 2581 panes
1549 2552 1639 2581 meos,
1662 2545 1689 2574 et
1711 2551 1812 2581 aquas
1839 2550 1925 2571 meas
1953 2542 1981 2571 et
2009 2549 2118 2570 carnes
2141 2548 2290 2578 pecorum
2317 2547 2396 2578 quae

1433 2585 1529 2616 occidi
1553 2584 1726 2617 tonsoribus
1747 2584 1832 2622 meis,
1855 2586 1881 2614 et
1902 2581 1980 2614 dabo
2002 2582 2082 2613 m'ris
2103 2591 2178 2621 quos
2194 2581 2294 2613 nescio
2315 2579 2396 2612 mode

1520 2678 1548 2710 ⁸)
1565 2679 1633 2712 que:
1653 2679 1752 2704 vitium.
