2551 3044
180 204 238 236 621

181 298 358 331 adversarii
399 302 429 328 et
470 297 578 328 hostes
617 295 824 327 infensissimi
860 295 988 326 fuerant
1021 294 1140 324 amicos

180 341 286 378 faciat,
316 340 371 380 qui
402 340 496 371 rebus
527 338 670 370 adversis
694 338 848 368 auxilium
874 338 993 368 forant:
1026 336 1141 366 idcirco
1167 352 1168 362 i

181 395 274 424 saepe
311 382 395 423 apud
432 381 604 422 prophetas
634 380 794 411 Dominus
825 379 977 420 populum
1009 379 1140 413 solatur,

182 427 289 459 dicens
330 436 365 456 so
399 425 575 460 facturum,
618 428 651 453 ut
685 423 821 462 gratiam
857 421 1025 453 inveniant
1058 420 1140 460 apud

181 470 290 501 hostes
315 472 347 498 et
380 465 566 506 peregrinas
602 465 756 501 nationes,
793 470 826 495 ut
861 464 981 495 indicet
1012 474 1055 497 sc.
1089 462 1140 493 ubi

181 510 389 551 castigaverit
408 519 492 546 suos,
516 508 542 538 si
566 516 637 537 cum
663 518 738 538 vera
761 507 958 547 poenitentia
982 511 1013 536 ct
1036 506 1141 536 huini-
1167 528 1168 535 1

1167 574 1168 577 ,
1194 548 1326 585 licuerit,
1359 549 1586 588 respondemus
1614 559 1676 578 non
1705 558 1831 578 omnem
1857 546 2149 577 dissimulationem

1166 599 1168 608 ยน
1193 601 1317 630 semper
1344 602 1411 622 csse
1438 591 1581 622 vitiosam
1607 597 1637 621 et
1661 588 1946 620 condemnandam.
1992 588 2150 619 Dissimu-

181 555 270 586 litate
290 553 328 584 ad
348 552 452 591 ipsum
476 550 690 589 confugerint,
715 550 904 588 veniamque
918 548 1076 589 deprecati
1092 558 1140 578 ro-

180 596 337 638 gaverint,
369 598 405 624 ut
437 592 622 624 vulneribus
645 592 812 623 medeatur
834 602 914 632 quae
932 592 1067 632 ipsemet
1092 591 1141 620 in-

180 639 273 674 flixit,
304 648 337 668 se
368 635 559 666 effecturum
583 642 618 665 ut
641 635 853 666 crudelissimi
877 635 985 666 hostes
1005 644 1139 674 quorum

180 680 329 712 dentibus
356 677 487 709 iamiam
513 677 656 708 lani-andi
690 678 884 709 videbantur
914 683 945 708 et
976 676 1140 717 unguibus

180 721 390 762 discerpendi,
414 725 545 759 repente
563 722 696 751 mutatis
714 720 840 758 animis,
864 720 982 751 nostris
1002 729 1138 750 commo-

180 766 229 797 dis
259 764 418 800 studeant,
451 768 482 793 et
510 773 638 794 summa
661 773 719 794 nos
741 763 943 794 humanitate
966 762 1139 801 excipiant.

179 808 353 840 Caeterum
377 816 441 836 non
466 805 597 836 dubium
623 811 670 836 est
694 806 770 846 quin
794 817 891 846 quum
916 805 1015 836 Achis
1039 803 1139 835 Davi-

179 851 252 883 dem
290 848 375 889 apud
411 859 444 879 se
478 848 598 888 recepit
627 848 799 888 diligenter
828 849 860 879 in
891 848 973 879 facta
1004 846 1141 877 Davidis

179 893 365 933 inspexerit,
389 896 419 922 et
432 890 512 921 fidos
526 890 672 922 homines
685 891 832 922 habuerit
856 891 909 930 qui
933 891 1017 922 facta
1041 890 1140 920 dicta-

179 948 240 977 que
262 934 363 975 ipsius
386 933 602 973 explorarent.
648 934 761 973 Neque
787 934 873 964 enim
897 933 957 964 etsi
979 932 1141 964 Davidem

179 986 244 1010 tam
274 976 459 1008 humaniter
489 982 658 1016 exceperat
689 977 816 1007 efficere
845 976 948 1015 potuit
979 975 1055 1015 quin
1080 974 1140 1014 ipsi

178 1018 415 1062 quodammodo
440 1018 607 1057 diffideret,
637 1020 697 1050 etsi
722 1019 865 1059 speravit
888 1028 1037 1050 successu
1060 1022 1141 1048 tem-

177 1064 264 1105 poris
295 1061 456 1093 Davidem
491 1062 525 1091 in
559 1062 696 1101 gratiam
732 1068 911 1101 receptum,
945 1061 1046 1091 fidum
1081 1060 1142 1100 ipsi

177 1116 310 1139 servum
329 1106 484 1135 futurum.
508 1104 559 1134 Ex
581 1114 644 1143 quo
669 1109 802 1144 apparet
825 1104 967 1135 animum
993 1102 1140 1134 consilia-

176 1150 300 1181 riorum
312 1148 413 1187 ipsius
426 1152 520 1186 atque
533 1146 610 1177 adeo
623 1147 719 1178 etiam
734 1147 845 1187 populi
858 1157 876 1177 a
888 1146 959 1177 Deo
972 1147 1141 1177 inflexum.

176 1192 289 1232 Neque
319 1190 404 1221 enim
435 1188 567 1220 dubium
597 1198 645 1220 est
675 1190 752 1229 quin
781 1201 821 1221 ex
843 1190 911 1229 ipsa
934 1189 1026 1230 plebe
1049 1188 1142 1219 multi

176 1234 299 1274 iniquis
328 1232 428 1264 oculis
457 1232 616 1263 Davidem
648 1232 859 1269 intuerentur,
891 1237 923 1263 et
952 1232 1141 1262 memoriam

176 1278 366 1309 refricarent
395 1284 559 1306 caesorum
592 1286 610 1305 a
632 1274 761 1306 Davide
792 1275 842 1306 vel
873 1275 1059 1312 amicorum,
1091 1273 1142 1305 vel

176 1328 396 1360 cognatorum,
431 1317 480 1348 vel
512 1317 674 1348 affinium:
711 1328 746 1349 ac
780 1317 914 1357 proinde
945 1328 1072 1348 sumere
1103 1316 1141 1347 de

176 1364 246 1403 ipso
277 1360 470 1397 vindictam,
509 1366 542 1391 et
571 1360 669 1391 semel
697 1361 803 1400 ipsum
834 1360 947 1392 tollere
977 1364 1140 1400 cuperent.

175 1405 300 1437 Divina
337 1403 438 1443 igitur
466 1403 669 1442 providentia
697 1403 855 1434 Davidem
887 1403 985 1440 texit,
1016 1403 1142 1442 fuitque

176 1448 239 1489 ipsi
273 1446 406 1487 clypeus
438 1446 592 1477 adversus
626 1446 705 1477 istos
739 1446 896 1485 insultus,
930 1451 966 1476 ut
990 1445 1048 1477 sub
1073 1446 1141 1476 eius

177 1491 292 1522 umbra
314 1494 403 1520 tutus
427 1493 519 1519 esset.

262 1532 424 1570 Deinceps
453 1532 599 1571 sequitur
621 1531 782 1563 Davidem
813 1541 943 1572 rogasse
973 1541 1081 1571 regem
1105 1534 1142 1562 ut

177 1574 367 1608 concederet
399 1573 460 1614 ipsi
488 1573 628 1614 aliquam
658 1575 772 1606 urbem
796 1574 829 1605 in
852 1584 916 1614 qua
938 1578 1026 1605 tutus
1050 1573 1141 1604 habi-

178 1617 348 1656 taret,'his
379 1616 501 1648 verbis:
533 1616 570 1648 Si
599 1617 702 1648 inveni
729 1617 864 1658 yratiam
892 1617 927 1648 in
950 1616 1046 1647 oculis
1067 1617 1140 1655 tuis,

177 1662 266 1693 detur
294 1659 373 1691 milei
403 1659 486 1690 locus
514 1660 549 1691 in
578 1670 642 1691 una
671 1660 797 1691 urbium
823 1660 959 1700 reyionis
981 1659 1084 1696 huius,
1108 1662 1140 1690 ut

178 1704 311 1736 habitem
333 1701 387 1733 ibi.
425 1701 490 1733 Cur
513 1703 594 1733 enim
614 1705 715 1734 manet
737 1712 844 1733 servus
867 1705 940 1733 tuus
963 1703 997 1733 in
1020 1702 1140 1733 civitate

177 1747 260 1787 reyis
283 1744 402 1777 tecum?
433 1744 559 1783 Quibus
579 1745 684 1777 verbis
697 1745 802 1777 David
826 1745 996 1785 propositis
1020 1745 1141 1776 incom-

178 1788 281 1820 modis
304 1798 414 1828 regem
428 1787 682 1819 Philistaeorum
704 1789 838 1819 flectens
862 1789 979 1819 nititur
1001 1787 1042 1818 ad
1060 1788 1141 1828 peti-

178 1833 298 1863 tionem
327 1830 391 1870 ipsi
419 1830 545 1862 facilius
568 1831 819 1862 concedendam:
851 1841 943 1871 reges
968 1831 1053 1862 enim
1077 1830 1141 1870 ple-

177 1884 311 1914 rumque
341 1873 408 1903 suis
436 1873 611 1904 commodis
642 1878 674 1904 et
707 1874 807 1913 quieti
841 1873 981 1904 student.
1036 1873 1142 1905 Docet

177 1917 278 1958 igitur
301 1915 409 1946 David
441 1926 501 1946 non
526 1927 595 1947 esse
618 1926 659 1947 ex
682 1917 768 1956 regis
792 1916 931 1947 utilitate
955 1915 983 1947 si
1005 1916 1039 1946 in
1064 1915 1142 1947 urbe

177 1960 267 2000 regia
285 1958 416 1995 habitet,
440 1965 471 1990 et
490 1963 655 1998 praeterea
677 1958 763 1999 quod
775 1959 886 1990 multis
908 1959 1045 1999 stipatus
1059 1965 1142 1990 esset

177 2002 335 2034 militibus
348 2001 418 2032 fieri
432 2012 495 2032 non
520 2012 610 2041 posse
634 2003 711 2041 quin
735 2012 793 2032 rex
816 2002 942 2042 aliquod
966 2003 1140 2032 incommo-

178 2045 256 2076 dum
289 2055 330 2075 ex
365 2054 401 2074 eo
435 2045 626 2084 perciperet.
676 2045 785 2084 Atque
817 2046 978 2084 speciosae
1009 2044 1141 2075 fuerunt

178 2088 258 2119 istae
269 2085 407 2118 Davidis
426 2087 584 2118 rationes:
608 2087 667 2118 etsi
686 2087 818 2118 minime
838 2087 969 2118 dubium
990 2091 1038 2118 est
1063 2087 1140 2127 quin

178 2130 274 2170 longe
286 2129 368 2160 alius
380 2129 478 2160 fuerit
490 2130 592 2169 ipsius
611 2140 725 2170 scopus
748 2129 1018 2169 quemadmodum
1042 2130 1140 2161 etiam

179 2172 275 2204 fidem
303 2172 376 2203 facit
406 2176 550 2203 eventus.
585 2172 779 2204 Dissimulat
800 2173 899 2213 igitur
923 2172 1007 2212 apud
1030 2183 1141 2213 regem

180 2215 279 2247 Achis
314 2214 398 2254 quod
419 2215 506 2245 intus
529 2215 666 2252 fovebat,
701 2222 733 2246 et
767 2220 875 2246 tamen
905 2215 987 2246 nihil
1017 2215 1140 2255 profert

179 2257 264 2298 quod
285 2267 350 2288 non
369 2257 440 2288 veri
459 2258 597 2298 speciem
620 2258 763 2294 haberet,
787 2263 819 2289 et
841 2259 919 2298 quin
941 2258 1034 2289 facile
1058 2264 1142 2290 esset

180 2301 360 2332 discernere
380 2310 421 2330 an
444 2301 637 2331 mentiretur
659 2306 691 2332 et
714 2301 818 2332 sciens
841 2300 982 2340 prudens
1005 2300 1141 2332 falleret.

182 2343 342 2384 Speciosis
354 2343 454 2382 igitur
466 2343 643 2374 rationibus
659 2343 848 2384 petitionem
871 2354 961 2375 suam
985 2343 1139 2375 adornat:

180 2386 235 2418 sed
265 2396 345 2425 quae
377 2393 485 2416 tamen
516 2385 575 2416 fuit
597 2386 699 2426 ipsius
722 2386 835 2417 mens?
860 2397 976 2426 nempe
999 2387 1141 2426 speravit

180 2429 322 2468 primum
345 2438 379 2459 se
402 2428 440 2458 ab
463 2428 637 2459 incredulis
660 2435 845 2469 separatum
869 2429 994 2460 facilius
1017 2430 1141 2460 sincero

180 2470 244 2502 Dei
267 2470 369 2501 cultui
393 2477 592 2509 vacaturum,
616 2471 830 2511 daturumque
852 2482 983 2511 operam
1006 2483 1046 2502 ne
1071 2478 1140 2502 tan-

181 2523 276 2554 quam
306 2513 459 2553 profanus
490 2513 625 2553 audiret,
655 2515 746 2554 quasi
774 2514 934 2554 cognitam
962 2515 997 2545 in
1020 2514 1141 2545 Iudaea

181 2555 369 2595 religionem
381 2560 611 2588 contemneret.
634 2557 761 2588 Deinde
774 2557 834 2588 sibi
855 2557 951 2588 etiam
974 2557 1141 2588 meliorem

182 2598 379 2629 occasionem
391 2598 534 2630 oblatum
553 2599 592 2630 iri
610 2599 757 2631 hostibus
779 2600 889 2639 populi
900 2599 964 2630 Dei
987 2600 1140 2631 damnum

181 2639 349 2677 inferendi,
378 2645 408 2671 et
436 2642 504 2682 regi
528 2642 629 2674 Achis
672 2643 741 2673 sine
764 2642 884 2674 iniuria
905 2649 1014 2673 tamen
1035 2642 1140 2673 Israeโ

1167 299 1169 331 ฮถ
1194 292 1324 324 litarum
1361 293 1570 334 gratificandi.

1167 417 1225 450 liu
1260 422 1440 460 praesentia
1475 421 1592 461 aliquid
1629 420 1856 455 dissimulavit,

802 202 849 233 IN
874 202 899 232 ฮ.
924 201 1012 232 Llss.
1038 200 1234 232 sAMUEL.
1260 200 1354 232 CAl'.
1381 201 1526 232 XXVII.
2087 200 2148 230 ยซ322

1619 293 1788 324 Hactenus
1823 291 1922 331 igitur
1952 290 2058 321 David
2090 290 2149 330 ipsi

1195 336 1340 366 nonnihil
1355 336 1550 367 dissimulat:
1572 342 1676 366 tamen
1698 346 1760 366 non
1781 343 1826 365 cst
1851 333 2013 370 mentitus,
2038 343 2149 373 quem-

1194 377 1361 409 admodum
1394 379 1487 418 paulo
1511 384 1581 418 post
1605 378 1733 408 mentiri
1758 379 1861 416 ipsum
1886 375 2062 412 audiemus,
2094 376 2150 406 scd

1899 427 1930 449 et
1963 418 2046 457 quod
2082 420 2149 449 veri

1194 464 1329 502 speciem
1354 464 1500 502 habebat,
1534 463 1710 503 proposuit,
1746 462 1869 493 etiamsi
1903 461 1988 490 aliud
2020 465 2149 501 pectore

1193 506 1368 536 occultarit.
1416 506 1449 537 si
1479 507 1549 545 quis
1580 506 1679 546 igitur
1709 511 1842 545 quaerat
1873 503 2033 534 Davidine
2064 503 2149 534 istud

1193 633 1258 663 lare
1281 634 1364 663 enim
1389 641 1436 664 est
1460 638 1581 673 partem
1606 633 1731 664 consilii
1755 633 1855 663 nostri
1881 636 1998 671 tegere.
2038 630 2149 671 Neque

1193 676 1276 706 onim
1293 682 1440 706 tenemur
1453 676 1596 706 hostibus
1617 675 1732 706 nostris
1752 675 1859 705 omnia
1883 673 2014 705 consilia
2038 681 2149 705 nostra

1192 719 1379 759 patefacere,
1404 719 1466 749 imo
1491 730 1529 749 nc
1554 719 1705 749 fratribus
1729 718 1855 757 quidem
1881 726 2007 756 semper
2030 716 2148 756 cogita-

1194 761 1296 792 tiones
1315 762 1495 801 patefacere
1516 762 1667 801 cogimur,
1692 762 1745 791 sed
1767 765 1890 790 tantum
1914 769 1987 790 cum
2011 758 2149 790 caudore

1193 810 1223 834 et
1248 804 1433 844 integritate
1456 814 1528 835 cum
1551 803 1705 843 proximis
1724 802 1916 833 conversari.
1953 800 2006 832 Sic
2025 801 2148 832 Paulus

1192 846 1302 877 fideles
1322 846 1519 882 exhortatur,
1544 856 1579 876 ut
1598 856 1669 877 cuni
1693 846 1877 885 integritate
1901 848 1932 874 ct
1955 844 2054 874 animi
2072 853 2147 874 can-

1193 889 1268 920 dore
1292 890 1378 919 inter
1400 888 1545 919 homines
1568 889 1687 919 vivant.
1711 888 1823 928 Itaque
1847 886 2061 917 dissimulatio
2084 896 2148 917 non

1193 942 1319 971 semper
1349 936 1397 962 cst
1428 932 1459 961 in
1485 932 1572 969 vitio,
1603 931 1657 962 sed
1682 941 1778 971 quum
1803 931 1847 960 ita
1870 928 2090 959 dissimulatur
2113 934 2150 959 ut

1193 975 1307 1006 falsum
1334 974 1466 1011 dicatur,
1491 979 1565 1005 tunc
1590 974 1800 1004 dissimulatio
1828 973 1881 1002 illa
1907 971 2021 1002 vitiosa
2045 978 2093 1002 est
2117 976 2150 1001 et

1194 1028 1318 1048 merum
1343 1017 1552 1047 mendacium.
1588 1016 1745 1047 Davidem
1770 1016 1868 1054 igitur
1892 1014 2149 1045 dissimulantem

1194 1059 1279 1101 apud
1317 1070 1425 1099 regem
1457 1059 1555 1089 Achis
1591 1069 1684 1089 suum
1719 1058 1887 1089 consilium
1919 1055 2150 1096 respondemus

1195 1113 1258 1133 non
1288 1113 1444 1142 peccasse,
1476 1113 1533 1133 nec
1556 1101 1725 1132 offendisse
1750 1101 1866 1139 Deum,
1896 1106 2060 1139 praeterea
2081 1099 2149 1129 lau-

1194 1145 1336 1176 dandum
1360 1145 1428 1176 eius
1451 1145 1617 1176 consilium
1641 1143 1791 1174 discimus
1814 1153 1874 1182 quo
1894 1141 2052 1181 praevidit
2070 1141 2148 1172 Phi-

1193 1188 1380 1219 listaeorum
1410 1187 1579 1219 adversum
1611 1198 1643 1218 se
1674 1186 1745 1216 odia
1776 1195 1805 1216 ct
1837 1195 2004 1215 murmura
2026 1184 2051 1214 si
2076 1194 2150 1215 cum

1194 1231 1260 1262 suis
1300 1230 1454 1261 militibus
1497 1235 1526 1261 et
1569 1229 1689 1260 familia
1731 1228 1848 1258 diutius
1882 1228 1915 1257 in
1950 1226 2026 1257 urbe
2062 1227 2150 1266 regia

1193 1274 1374 1310 mansisset,
1405 1280 1437 1304 et
1466 1277 1630 1312 praeterea
1661 1273 1726 1302 fere
1753 1277 1784 1301 ut
1808 1269 1969 1300 Davidem
1995 1269 2032 1299 ad
2057 1279 2150 1299 suam

1194 1316 1382 1356 religionem
1411 1315 1631 1353 sollicitarent,
1662 1323 1691 1344 et
1714 1323 1825 1353 cogere
1845 1312 1963 1343 vellent
1988 1322 2082 1352 aegre
2106 1313 2150 1342 fe-

1194 1365 1300 1390 rentes
1331 1363 1512 1398 separatam
1542 1359 1645 1398 ipsum
1676 1368 1693 1387 a
1723 1367 1779 1386 sua
1810 1355 1997 1395 religionem
2021 1354 2150 1385 habere.

1195 1402 1287 1441 Quae
1317 1401 1425 1432 omnia
1455 1401 1641 1440 providem,
1680 1404 1711 1430 et
1741 1404 1776 1429 ut
1804 1397 1986 1428 libertatem
2018 1396 2150 1427 haberet

1195 1455 1262 1476 sese
1286 1455 1403 1484 purum
1430 1444 1467 1475 ab
1491 1442 1698 1474 idololatricis
1720 1440 2002 1481 superstitionibus
2026 1445 2057 1470 et
2080 1440 2149 1479 pol-

1193 1487 1370 1519 lutionibus
1383 1486 1602 1524 conservandi,
1627 1484 1757 1516 seorsim
1778 1482 1942 1514 habitandi
1964 1481 2149 1513 facultatem

1193 1531 1251 1562 sibi
1283 1529 1412 1561 concedi
1442 1529 1631 1569 postulavit:
1662 1527 1720 1558 etsi
1751 1537 1816 1556 non
1846 1526 1978 1556 dubium
2001 1530 2048 1555 est
2072 1525 2149 1564 quin

1193 1584 1226 1604 se
1250 1573 1360 1604 multis
1383 1572 1531 1612 periculis
1555 1572 1712 1603 obiiceret.
1748 1569 1858 1608 Neque
1882 1567 1967 1598 enim
1992 1572 2057 1597 tam
2080 1573 2149 1598 erat

1193 1616 1319 1648 consilii
1351 1618 1381 1645 ct
1411 1615 1543 1645 rationis
1574 1624 1687 1654 expers
1718 1612 1792 1652 quin
1824 1610 2027 1650 praevideret
2054 1620 2087 1640 se
2114 1610 2149 1640 in

1193 1669 1292 1699 parvo
1321 1657 1436 1698 oppido
1465 1657 1556 1689 facile
1579 1656 1618 1688 ab
1642 1656 1785 1686 hostibus
1808 1653 1955 1692 intercipi
1977 1662 2087 1692 posse:
2117 1658 2150 1683 et

1193 1702 1219 1733 si
1232 1700 1403 1732 Philistaei
1416 1699 1570 1731 adversus
1594 1709 1626 1730 se
1650 1698 1832 1737 conspirent
1856 1697 2000 1736 ipsorum
2022 1695 2149 1726 iniuriis

1193 1745 1373 1784 expositum
1386 1743 1461 1779 fore,
1485 1748 1515 1773 et
1539 1743 1571 1773 in
1595 1742 1673 1773 urbe
1697 1741 1840 1771 clausum
1865 1737 2040 1778 effugiendi
2063 1738 2149 1769 viam

1193 1787 1315 1818 nullam
1337 1786 1538 1817 habiturum:
1562 1795 1597 1816 ac
1616 1783 1748 1825 proinde
1773 1781 1872 1813 vitam
1896 1791 1988 1811 suam
2011 1780 2148 1820 singulis

1193 1830 1364 1861 momentis
1395 1839 1586 1868 magnopere
1616 1825 1800 1867 periclitari.
1846 1823 1969 1853 Verum
1992 1822 2150 1862 quidquid

1193 1872 1315 1904 accidat
1339 1871 1496 1911 superatis
1520 1871 1587 1901 istis
1611 1867 1850 1900 difficultatibus
1874 1866 1999 1896 mavult
2023 1865 2073 1895 his
2096 1876 2150 1905 pe-

1194 1915 1304 1947 riculis
1335 1920 1365 1945 et
1394 1913 1602 1945 incommodis
1634 1911 1749 1943 habere
1773 1910 1953 1940 libertatem
1978 1907 2047 1938 Deo
2071 1918 2150 1948 pure

1194 1965 1223 1990 et
1237 1959 1358 1989 sincere
1378 1955 1549 1996 serviendi,
1573 1960 1603 1986 et
1627 1966 1659 1986 se
1683 1964 1798 1993 purum
1811 1952 1849 1982 ab
1862 1951 2070 1981 idololatricis
2083 1951 2148 1991 pol-

1193 2000 1370 2032 lutionibus
1401 1998 1619 2030 conservandi.
1666 1997 1812 2035 Denique
1842 1994 2019 2034 prudenter
2043 1994 2149 2024 David

1193 2044 1301 2075 odium
1333 2052 1426 2073 omne
1456 2041 1595 2072 hostium
1627 2040 1750 2075 vitavit,
1780 2042 1811 2068 et
1842 2037 2057 2076 suspicionem
2082 2047 2150 2067 am-

1194 2086 1322 2117 bitionis
1358 2085 1448 2125 quasi
1482 2083 1647 2123 dignitatis
1678 2082 1815 2121 aliquem
1845 2079 1980 2119 gradum
2013 2078 2150 2109 ambiret

1193 2134 1362 2161 contentus
1387 2127 1485 2158 vitam
1509 2127 1643 2157 obscuro
1666 2125 1734 2156 loco
1758 2123 1873 2153 ducere
1896 2127 1927 2152 et
1951 2121 2044 2152 tueri.
2075 2121 2148 2152 Rex

1193 2173 1291 2212 igitur
1304 2170 1403 2202 Achis
1416 2169 1502 2200 dedit
1515 2169 1543 2199 ei
1557 2168 1691 2208 Siceleg.
1716 2167 1767 2197 Ex
1791 2176 1853 2205 quo
1876 2171 2007 2204 apparet
2031 2165 2149 2194 iterum

1193 2215 1367 2254 impulsum
1398 2224 1415 2243 a
1438 2212 1508 2242 Deo
1540 2222 1647 2251 regem
1673 2214 1760 2241 motu
1784 2218 1847 2239 non
1871 2206 2048 2238 ordinario:
2073 2217 2149 2237 nam

1193 2262 1315 2289 certum
1345 2260 1391 2286 est
1416 2262 1618 2286 excaecatum
1649 2264 1666 2284 a
1689 2253 1758 2282 Deo
1789 2260 1895 2290 regem
1920 2249 2020 2280 Achis
2049 2259 2148 2289 quum

1192 2299 1278 2331 hosti
1307 2297 1427 2329 Davidi
1464 2297 1634 2327 finitimam
1669 2296 1779 2326 urbem
1810 2292 1946 2323 Iudaeae
1976 2293 2147 2323 concessit:

1193 2353 1268 2373 nam
1298 2342 1325 2372 si
1353 2344 1535 2380 suspectum
1565 2340 1667 2378 ipsum
1699 2337 1849 2372 habebat,
1879 2345 1977 2375 quare
2007 2335 2041 2364 in
2070 2334 2149 2365 urbe

1193 2385 1329 2416 finitima
1352 2382 1489 2414 Iudaeae
1520 2391 1556 2411 ac
1584 2392 1646 2412 non
1678 2381 1781 2420 potius
1812 2379 1842 2408 in
1873 2377 1979 2408 medio
2008 2377 2149 2417 regionis

1193 2438 1265 2458 eum
1297 2425 1479 2462 collocabat,
1511 2431 1545 2455 ut
1575 2423 1677 2454 omnis
1708 2423 1736 2453 ei
1759 2420 1893 2452 nocendi
1918 2424 2060 2460 potestas
2083 2419 2149 2450 adi-

1193 2467 1356 2501 meretur?
1398 2467 1462 2498 Sed
1494 2477 1557 2497 non
1582 2465 1712 2496 dubium
1737 2470 1784 2495 est
1807 2464 1882 2503 quin
1907 2462 2042 2494 avaritia
2066 2463 2150 2503 regis

1193 2511 1293 2543 Achis
1306 2521 1377 2542 eum
1391 2509 1555 2550 impulerit
1567 2513 1598 2539 et
1616 2509 1780 2539 incautum
1800 2506 1968 2545 deceperit,
1992 2510 2028 2535 ut
2046 2505 2150 2536 solent

1193 2556 1295 2595 pisces
1307 2552 1442 2594 praedae
1455 2551 1618 2582 inhiantes
1637 2550 1732 2581 hamo
1758 2549 1869 2589 decipi.
1894 2548 1977 2579 Nam
1989 2547 2149 2579 Davidem

1192 2598 1226 2628 in
1262 2596 1338 2628 urbe
1372 2595 1509 2625 finitima
1543 2593 1715 2631 collocans,
1756 2591 1952 2623 existimavit
1986 2591 2150 2630 perpetuis

1193 2637 1452 2680 praedationibus
1482 2643 1513 2667 et
1542 2636 1777 2667 incursionibus
1800 2634 1960 2665 Davidem
1985 2634 2016 2663 iu
2043 2634 2150 2665 hostes
