2551 3044
401 218 463 249 427

403 319 461 347 tea,
485 319 514 341 et
542 311 719 340 humanum
743 309 935 347 sanguinem
959 307 1117 338 sitientes.
1145 305 1258 345 Neque
1281 304 1369 335 enim
1394 309 1397 346 j

405 362 469 385 tam
490 352 594 383 multa
617 357 743 391 poterat
761 351 828 381 suis
854 349 975 390 largiri,
999 357 1032 381 et
1052 348 1240 381 satellitium
1262 357 1370 378 remu·
1394 355 1397 390 ἢ

404 395 510 428 uerari
530 395 606 435 quin
627 393 782 434 populum
795 392 1076 432 compilationibus
1088 399 1119 422 et
1134 390 1256 431 rapinis
1274 390 1370 421 obru-
1395 401 1397 410 ¹

403 446 487 470 eret:
511 448 610 478 quum
636 443 744 467 tamen
767 436 857 476 regia
877 435 1018 476 dignitas
1037 445 1133 466 suum
1157 434 1275 473 cuique
1297 443 1371 464 con-

403 492 534 513 servare
557 480 681 511 debeat.

490 524 613 554 Verum
638 522 820 563 principum
844 527 876 552 et
898 531 1011 562 regum
1036 526 1237 551 terrenorum
1261 528 1299 548 ea
1321 521 1372 549 est
1396 522 1397 530 ¹

403 567 549 601 caecitas,
579 572 614 596 ut
636 565 695 596 sibi
727 564 821 595 licere
841 564 951 595 omnia
980 563 1194 595 arbitrentur:
1224 567 1256 592 et
1278 570 1372 592 suam
1396 550 1399 587 l

406 609 606 641 voluntatem
630 618 687 648 pro
711 607 782 648 lege
805 606 999 645 habendam,
1028 607 1078 637 cui
1106 615 1219 636 omnes
1241 603 1371 634 subiici·
1397 606 1399 610 ’

405 658 512 688 antur,
535 651 731 682 existiment.
760 649 840 688 Nae,
863 649 891 681 si
914 659 978 680 non
1001 656 1108 680 essent
1131 657 1246 678 sensus
1267 646 1373 677 omnis
1397 653 1399 691 j

405 701 563 736 expertes,
587 704 678 725 suam
701 694 798 724 vitam
822 698 856 723 et
877 698 997 724 statum
1019 693 1181 723 intuentes
1199 689 1297 730 primi
1313 698 1371 720 suo

405 749 439 770 se
462 737 616 777 suffragio
639 736 906 767 condemnarent.
937 735 1020 766 Nam
1043 734 1244 775 privatorum
1268 731 1372 762 homi-

406 791 484 812 num
509 779 685 811 tolerabilis
707 785 757 810 est
780 777 931 817 conditio,
953 778 1007 818 qui
1031 777 1124 808 rebus
1145 776 1212 807 suis
1230 774 1373 806 contenti

405 831 535 855 tenuem
562 822 665 853 vitam
689 821 823 862 degunt.
852 821 898 852 At
920 820 1060 851 divitum
1083 819 1180 859 longe
1202 818 1274 856 alia,
1298 817 1374 848 licet
1399 826 1401 842 ι

406 867 432 898 si
456 870 632 906 quaeratur
657 865 750 902 bona,
774 875 815 895 ne
835 864 1016 895 vicinorum
1041 863 1166 903 possint
1188 860 1373 900 compilare,

405 917 437 941 et
467 919 523 948 pro
556 907 722 939 voluntate
752 906 824 938 aliis
853 906 1056 941 distribuere,
1087 904 1197 936 statim
1227 903 1373 935 omnium

406 951 562 992 suffragio
585 950 851 982 condemnentur.
875 949 1000 980 Verum
1020 954 1127 979 tamen
1151 947 1313 987 principes
1337 956 1374 977 ac

404 1005 496 1035 reges
519 1004 579 1026 sua
607 993 780 1024 autoritate
810 997 842 1024 et
864 992 1021 1033 dignitate
1052 990 1091 1022 ad
1115 989 1274 1021 bonorum
1298 988 1375 1019 alie-

405 1047 521 1069 norum
550 1035 766 1076 direptionem
798 1035 985 1072 abutuntur,
1017 1040 1048 1064 et
1081 1033 1257 1065 discrimen
1280 1031 1374 1071 aequi
1398 1056 1401 1074 ς

405 1080 545 1120 bonique
567 1078 733 1110 sublatum
756 1083 874 1118 putant
895 1088 953 1109 sua
976 1076 1117 1108 libidine.
1142 1076 1179 1107 Si
1202 1085 1296 1115 quem
1318 1075 1375 1114 igi-

407 1130 459 1155 tur
483 1123 690 1154 innocentem
713 1121 943 1162 oppresserint,
973 1120 1094 1151 factum
1118 1119 1247 1150 silentio
1271 1117 1374 1157 premi

406 1166 530 1198 volunt.
574 1164 724 1196 Profecto
746 1165 792 1196 sic
814 1164 920 1196 solent
944 1163 1039 1194 huius
1065 1161 1179 1194 mundi
1203 1161 1374 1201 principes,

407 1208 463 1241 sed
487 1218 540 1239 eos
563 1207 731 1247 oportebat
759 1206 944 1238 meminisse
974 1215 1084 1236 corum
1113 1214 1195 1245 quae
1218 1202 1376 1244 propheta

407 1251 536 1283 Psalmo
567 1250 608 1282 82
639 1250 678 1281 de
704 1250 848 1290 ipsorum
880 1248 1060 1281 conditione
1093 1252 1269 1278 memorat:
1305 1245 1374 1283 Vos,

407 1294 528 1334 inquit:
553 1293 720 1332 Principes
740 1293 925 1329 moriemini,
949 1294 975 1322 et
998 1294 1145 1330 tanquam
1163 1299 1246 1321 unus
1261 1299 1276 1320 e
1288 1288 1377 1328 plebe

409 1338 535 1370 cadetis.
579 1335 647 1368 Sed
676 1340 844 1376 praeterea
873 1334 1029 1374 propheta
1060 1333 1153 1365 docet
1174 1342 1212 1364 eo
1232 1332 1374 1369 Psalmo,

409 1380 517 1412 Deum
548 1379 659 1410 sedere
689 1379 724 1409 in
754 1377 859 1409 medio
890 1377 1081 1417 principum,
1111 1381 1145 1407 et
1172 1376 1259 1406 inter
1289 1375 1377 1414 ipsos

409 1421 607 1464 praesidere:
637 1427 670 1452 et
692 1421 726 1451 in
749 1421 889 1452 rationes
919 1430 994 1451 suas
1018 1419 1128 1451 omnia
1157 1419 1300 1459 ipsorum
1323 1427 1378 1457 op-

408 1465 538 1506 probria
567 1471 599 1496 et
621 1463 834 1495 contumelias
857 1464 889 1494 in
913 1462 1040 1502 plebem
1071 1463 1202 1493 referre.
1246 1460 1314 1492 Sed
1337 1459 1377 1491 de

410 1508 480 1540 istis
511 1508 598 1548 ipsos
628 1516 694 1538 non
725 1507 864 1546 cogitare
897 1506 981 1537 dicit.
1027 1504 1247 1544 Quamobrem
1278 1502 1376 1535 vero?

410 1550 536 1590 Nempe
566 1549 649 1590 quod
680 1555 746 1580 tam
774 1548 954 1589 insignibus
986 1548 1090 1580 titulis
1119 1547 1377 1584 denominentur,

410 1598 447 1625 ut
470 1593 529 1624 filii
543 1593 605 1623 Dei
629 1598 865 1632 nuncupentur,
888 1596 920 1622 et
943 1591 1045 1632 ipsius
1067 1591 1101 1621 in
1125 1591 1195 1622 istis
1217 1589 1313 1621 terris
1332 1589 1378 1620 le-

410 1636 487 1677 gati,
511 1635 646 1675 ideoque
669 1645 703 1666 se
725 1639 891 1666 creaturas
910 1633 1061 1665 mortales
1078 1644 1142 1665 non
1158 1632 1378 1670 recordentur,

410 1684 443 1710 et
465 1689 542 1710 suae
565 1677 750 1718 fragilitatis
769 1677 834 1708 sint
853 1677 1074 1714 immemorcs;
1098 1688 1135 1708 ac
1154 1675 1288 1716 proinde
1305 1674 1378 1706 nul-

411 1721 452 1753 lis
474 1731 508 1753 se
531 1720 658 1761 legibus
681 1719 805 1758 subiici,
828 1730 932 1759 neque
953 1720 1055 1750 teneri
1079 1719 1285 1750 arbitrentur.
1317 1718 1378 1749 At-

411 1764 467 1804 qui
489 1763 646 1803 propheta
669 1763 806 1794 istorum
825 1761 995 1793 hominum
1010 1762 1143 1793 stultam
1159 1761 1379 1802 arrogantiam

411 1806 527 1838 irridet
549 1816 650 1846 quum
673 1806 733 1837 ait:
773 1805 832 1836 Vos
854 1805 1060 1836 nihilominus
1082 1805 1184 1836 instar
1206 1804 1343 1836 alicuius
1365 1813 1381 1834 e

1406 2211 1408 2237 l

1406 2266 1409 2284 l

1407 2313 1409 2337 l

408 1850 498 1890 vulqo
519 1848 706 1886 moriemini,
738 1851 765 1879 et
791 1848 859 1880 licet
881 1848 1043 1887 principes
1064 1850 1164 1879 tamen
1187 1847 1259 1878 olim
1284 1848 1382 1887 facto-

408 1902 482 1924 rum
506 1892 658 1923 rationem
690 1891 876 1930 imperatori
908 1900 1028 1921 swnmo
1063 1891 1186 1922 reddere
1219 1890 1379 1930 cogemini.

411 1934 558 1967 Mundus
578 1934 664 1965 enim
682 1934 745 1965 iste
763 1938 890 1964 tantum
907 1938 955 1965 est
971 1932 1129 1973 quaedam
1154 1933 1379 1973 peregrinatio,

412 1983 446 2009 et
469 1977 551 2009 nihil
575 1977 615 2008 ad
630 1977 730 2008 vitam
751 1976 920 2008 coelestem
934 1976 1097 2008 terrestris
1120 1977 1265 2016 potentia
1277 1976 1379 2007 iuvat.

412 2020 634 2060 Quamobrem
659 2019 714 2060 qui
727 2018 767 2050 ad
781 2019 940 2050 honorum
952 2024 985 2049 et
998 2018 1193 2059 dignitatum
1213 2018 1379 2058 fastigium

411 2063 516 2096 evecti
547 2068 632 2100 sunt,
663 2062 808 2099 cogitent
837 2071 871 2093 se
900 2072 919 2093 a
948 2061 1018 2093 Deo
1050 2067 1178 2093 vocatos
1211 2066 1246 2091 ut
1276 2061 1380 2092 officio

412 2116 471 2139 suo
502 2105 681 2146 fungantur
711 2114 788 2145 erga
819 2104 964 2144 populos,
998 2103 1115 2144 quibus
1145 2114 1163 2134 a
1193 2104 1264 2134 Deo
1289 2114 1380 2143 prac-

413 2149 487 2180 fecti
517 2154 602 2186 sunt,
632 2154 665 2179 et
695 2158 759 2179 non
789 2147 954 2178 ordinatos
982 2157 1001 2178 a
1029 2146 1098 2178 Deo
1126 2146 1327 2186 principatus
1350 2151 1381 2177 ct

415 2191 650 2223 dominationes
675 2197 710 2221 ut
734 2191 853 2230 paucis,
883 2189 939 2222 sed
963 2196 998 2221 ut
1018 2189 1167 2221 omnibus
1184 2189 1381 2226 consulatur,

414 2235 532 2275 populo
557 2234 711 2264 nimirum
725 2244 788 2264 non
812 2233 889 2264 solis
901 2232 1023 2264 aulicis.
1047 2232 1138 2263 Haec
1154 2232 1255 2272 igitur
1267 2242 1381 2271 regum
1406 2256 1408 2258 .

415 2282 447 2309 et
470 2278 653 2319 principum
676 2276 781 2307 studia
806 2281 911 2307 sunto.
936 2276 982 2306 At
997 2275 1024 2306 si
1044 2274 1245 2315 principibus
1261 2281 1292 2304 et
1317 2274 1380 2314 pri-

416 2321 538 2351 mariae
562 2319 730 2359 dignitatis
754 2319 843 2355 viris,
874 2328 1014 2358 quorum
1043 2318 1138 2358 longe
1161 2317 1286 2356 lateque
1311 2327 1382 2356 pro-

417 2363 562 2394 tenditur
586 2362 768 2402 imperium,
782 2361 873 2392 Deus
895 2362 1007 2401 parcit,
1031 2361 1106 2401 quid
1121 2359 1382 2391 minoribusma-

417 2405 607 2446 gistratibus
631 2406 683 2444 qui
707 2409 784 2436 sunt
811 2405 842 2435 in
866 2404 1021 2435 mediocri
1044 2409 1132 2434 statu
1156 2403 1302 2434 futurum
1326 2412 1383 2442 pu-
1408 2410 1410 2431 t

417 2448 546 2479 tamus?
585 2450 635 2478 An
660 2447 788 2487 speciali
820 2447 926 2486 aliquo
955 2457 1032 2486 prae
1056 2446 1188 2486 reliquis
1214 2445 1383 2485 privilegio

417 2491 589 2522 fruentur?
623 2491 708 2521 Sanc
739 2501 819 2530 quos
844 2490 934 2521 Deus
961 2490 993 2520 in
1025 2489 1178 2520 mediocri
1206 2493 1292 2520 statu
1315 2498 1384 2519 esse

417 2534 505 2569 vult,
538 2544 712 2573 agnoscere
747 2532 882 2571 debent,
916 2543 1042 2563 summo
1069 2533 1210 2572 ipsorum
1241 2530 1324 2561 bono
1354 2536 1385 2561 ct
1410 2544 1411 2562 ς

417 2576 585 2607 commodo
610 2576 688 2607 lieri.
713 2575 835 2606 Multos
854 2575 939 2605 enim
955 2575 1086 2606 ambitio
1099 2575 1144 2605 sic
1168 2578 1326 2612 excaecat,
1350 2578 1385 2604 ut
1410 2586 1411 2616 i

418 2630 451 2649 sc
476 2619 642 2659 patiantur
666 2619 771 2658 potius
795 2617 923 2648 tributis
947 2622 979 2648 ct
997 2617 1216 2657 vectigalibus,
1239 2627 1274 2648 ae
1297 2615 1385 2646 omni
1410 2627 1412 2679 ι

419 2661 592 2700 tyrannide
624 2661 745 2701 premi,
784 2661 876 2692 modo
906 2660 1015 2701 magni
1045 2660 1181 2692 alicuius
1211 2659 1298 2700 regis
1328 2663 1385 2690 aut

1206 210 1408 242 HOMILIA
1435 210 1576 242 LXXX.

2327 209 2390 242 428

1422 304 1627 345 imperatoris
1658 304 1780 335 nomini
1817 303 2045 341 subjiciantur,
2080 313 2177 343 quam
2209 304 2243 335 in
2272 304 2391 344 exiguo

1422 346 1530 386 aliquo
1553 347 1586 378 in
1609 347 1750 387 speciem
1773 353 1858 378 statu
1883 346 2005 378 vivere.
2047 344 2121 385 Quo
2145 346 2225 377 vitio
2253 345 2390 378 Iudaeos

1422 390 1455 421 in
1475 390 1582 421 Deum
1604 389 1747 430 graviter
1771 399 1917 429 peccasse
1942 388 2099 426 videmus,
2122 389 2177 429 qui
2200 389 2274 420 licet
2297 399 2316 420 a
2340 399 2390 420 re-

1423 433 1517 472 gibus
1541 432 1643 463 multa
1666 431 1748 463 dura
1770 439 1801 462 et
1821 433 1932 471 gravia
1954 432 2039 472 passi
2056 438 2174 468 essent,
2198 432 2267 472 ipso
2283 437 2392 463 tamen

1423 475 1582 506 Ezechiae
1624 481 1768 514 tempore
1807 475 1983 515 cupiebant
2024 475 2057 505 in
2093 475 2325 514 protectionem
2359 478 2392 505 et

1423 517 1639 549 obedientiam
1663 517 1872 555 Assyriorum
1903 518 2023 555 venire,
2054 516 2139 557 quod
2163 517 2307 557 ipsorum
2330 516 2392 548 im-

1423 561 1551 602 perium
1583 560 1678 600 longe
1708 560 1836 600 lateque
1865 570 2015 601 sparsum
2047 560 2165 591 famam
2190 561 2333 599 ipsorum
2355 559 2392 590 in

1424 604 1618 643 longinquas
1641 602 1789 643 regiones
1810 603 2017 643 propagabat.
2062 602 2129 634 Sed
2151 603 2297 643 graviter
2318 601 2392 634 illos

1425 646 1515 677 Deus
1547 656 1606 686 per
1634 644 1826 685 prophetam
1854 646 2072 685 reprehendit,
2103 656 2202 686 quum
2232 645 2293 676 ait:
2333 644 2394 676 Vos

1425 699 1486 720 non
1503 689 1577 720 estis
1599 688 1729 720 contenti
1752 688 1852 720 rivulo
1874 688 1966 728 Siloe,
1990 688 2053 719 fuit
2071 690 2157 719 enim
2181 689 2244 720 iste
2266 686 2393 719 rivulus

1426 731 1662 771 lerosolymam
1692 731 1934 770 praeterfluens,
1965 734 1992 762 et
2023 731 2153 770 rapidos
2171 731 2287 768 fluvios
2309 732 2394 770 opta-

1425 775 1476 812 tis,
1501 774 1555 805 sed
1585 775 1618 805 in
1647 773 1760 813 quibus
1788 774 1912 805 tandem
1940 774 2138 814 merqemini:
2167 777 2194 805 et
2219 773 2395 814 profundos

1424 817 1563 858 yuryites
1574 817 1788 856 experiemini,
1812 827 1909 856 quum
1920 816 1958 847 ab
1981 817 2062 856 ipsis
2077 816 2258 848 obruemini.
2281 814 2394 854 Quare

1427 860 1592 891 discamus
1625 870 1725 899 quum
1760 869 1819 890 nos
1849 859 1939 890 Deus
1974 870 2038 890 non
2063 859 2135 890 vult
2163 859 2236 890 istis
2266 857 2395 899 magnis

1426 902 1625 934 monarchiis
1654 903 1732 943 regi,
1763 903 1819 933 sed
1848 902 1882 933 in
1906 912 2006 942 parvo
2034 902 2141 942 aliquo
2165 907 2255 933 statu
2274 901 2395 939 vivere,

1427 945 1521 977 uobis
1550 945 1658 985 ipsum
1688 953 1838 985 parcere:
1875 945 1960 985 quod
1991 945 2093 976 nostri
2123 945 2332 982 misereatur,
2363 949 2397 976 et

1426 989 1460 1019 in
1484 998 1568 1028 aqua
1590 988 1711 1019 leniore
1735 992 1889 1028 tanquam
1919 993 2028 1019 mento
2051 987 2202 1020 sublevet
2231 993 2269 1018 ut
2290 991 2397 1018 enate-

1426 1042 1515 1062 mus:
1540 1031 1631 1071 eique
1655 1030 1693 1062 de
1717 1034 1806 1062 tanto
1830 1031 1983 1062 beneficio
2006 1031 2129 1071 gratias
2147 1040 2292 1071 agamus,
2311 1034 2344 1061 et
2358 1034 2395 1061 ut

1426 1073 1508 1105 illud
1531 1078 1710 1114 perpetuet,
1734 1073 1881 1113 precibus
1903 1073 2124 1105 sollicitemus.

1513 1117 1686 1148 Caeterum
1711 1116 1841 1156 longius
1865 1116 1944 1148 haec
1956 1117 2103 1148 doctrina
2121 1122 2171 1147 est
2190 1115 2231 1146 ad
2247 1119 2396 1146 nostrum

1428 1170 1523 1191 usum
1548 1159 1748 1199 proferenda,
1779 1169 1896 1199 nempe
1919 1159 1989 1190 Deo
2019 1169 2078 1190 nos
2109 1159 2148 1190 ad
2172 1157 2300 1198 aliquod
2322 1167 2397 1188 mu-

1428 1212 1490 1233 nus
1514 1207 1660 1240 vocante,
1691 1211 1756 1233 non
1786 1201 2021 1242 respiciendum
2053 1211 2134 1241 quae
2157 1211 2281 1233 merces
2303 1199 2398 1232 nobis

1429 1245 1638 1285 rependenda
1667 1245 1718 1282 sit,
1749 1244 1806 1276 sed
1835 1244 1984 1276 alacriter
2014 1244 2122 1276 Deum
2153 1249 2324 1276 vocantem
2346 1252 2397 1275 se-

1429 1288 1604 1329 quendum.
1628 1288 1712 1319 Nam
1735 1288 1797 1319 etsi
1818 1287 2009 1319 mercenarii
2031 1298 2089 1318 sua
2112 1287 2197 1318 facta
2220 1285 2398 1327 proferent,

1429 1337 1462 1362 et
1485 1342 1526 1362 ex
1549 1331 1615 1363 illis
1638 1331 1777 1372 gloriam
1800 1335 1964 1370 quaerent,
2000 1340 2063 1361 non
2087 1335 2195 1361 tamen
2221 1330 2290 1360 Deo
2313 1327 2399 1370 grati

1430 1379 1463 1405 et
1493 1375 1616 1414 accepti
1647 1378 1752 1405 erunt.
1799 1372 1888 1405 Sane
1915 1373 2090 1404 multorum
2121 1372 2290 1412 diligentia
2321 1375 2399 1403 nota

1430 1421 1488 1455 est,
1519 1422 1553 1448 et
1574 1417 1641 1448 noti
1664 1416 1790 1448 labores
1818 1417 1854 1447 in
1875 1426 1934 1448 suo
1956 1426 2108 1447 munere:
2139 1415 2196 1447 sed
2225 1425 2319 1456 quem
2342 1413 2398 1446 ob-

1431 1469 1520 1491 secro
1543 1458 1691 1491 laborum
1714 1459 1815 1490 finem
1838 1459 1897 1491 sibi
1921 1457 2132 1499 proponunt?
2158 1458 2291 1498 Nempe,
2315 1456 2399 1488 divi·

1431 1503 1552 1534 tiarum
1581 1507 1613 1534 et
1643 1502 1835 1534 facultatum
1858 1512 2021 1533 summam
2043 1501 2287 1532 abundantiam.
2331 1499 2400 1532 Sed

1431 1546 1487 1578 ubi
1509 1545 1653 1584 ambitio,
1681 1545 1736 1577 ubi
1759 1545 1897 1577 avaritia
1919 1554 2035 1585 scopus
2058 1549 2107 1576 est
2138 1543 2303 1575 laboribus
2325 1551 2400 1583 pro-

1431 1589 1566 1630 positus,
1589 1588 1670 1619 nihil
1695 1592 1791 1625 reete,
1815 1587 1897 1619 nihil
1919 1588 2043 1619 sincere
2066 1587 2139 1618 fieri
2161 1590 2277 1627 potest.
2306 1585 2352 1617 Et
2372 1585 2400 1618 si

1431 1642 1513 1672 quae
1535 1637 1612 1663 sunt
1635 1632 1783 1668 virtutes,
1814 1631 1884 1662 istis
1907 1635 2017 1662 tamen
2040 1629 2130 1662 vitiis
2153 1630 2346 1668 obruuntur,
2369 1632 2401 1660 et

1432 1675 1503 1706 Deo
1526 1680 1603 1706 sunt
1626 1673 1868 1705 abominationi.
1893 1672 1981 1712 Quid
2005 1673 2105 1714 igitur
2128 1673 2211 1705 facto
2229 1677 2279 1704 est
2296 1669 2399 1712 opus?

1432 1718 1538 1749 Deum
1561 1723 1730 1749 vocantem
1748 1717 1898 1748 alacriter
1917 1726 2102 1756 sequamur,
2124 1714 2317 1756 fidelemque
2339 1713 2404 1755 ipsi

1431 1771 1562 1801 operam
1586 1764 1796 1800 praestemus,
1822 1769 1897 1790 eum
1921 1763 2076 1799 tanquam
2099 1758 2158 1790 filii
2181 1762 2306 1799 patrem
2327 1757 2403 1788 imi-

1431 1810 1548 1841 tantes,
1572 1802 1831 1843 quandoquidem
1855 1812 1915 1833 nos
1937 1801 1999 1833 sibi
2018 1801 2095 1833 fieri
2113 1801 2185 1833 vult
2207 1799 2401 1838 conformes,

1431 1852 1463 1878 et
1486 1851 1642 1886 tanquam
1666 1846 1767 1886 ipsius
1787 1845 1870 1876 filios
1894 1844 2015 1876 imitari
2037 1844 2121 1876 facta
2143 1844 2256 1884 ipsius.
2280 1843 2402 1883 Quam-

1431 1890 1541 1921 obrem
1566 1899 1624 1921 nos
1647 1889 1687 1919 ad
1711 1888 1814 1928 ipsius
1843 1887 2032 1928 obsequium
2061 1887 2187 1928 placide
2210 1895 2401 1927 componere

1432 1932 1595 1969 debemus,
1617 1938 1650 1963 et
1673 1941 1866 1972 quacunque
1889 1930 2027 1968 duxerit,
2051 1934 2165 1970 sponte
2181 1930 2282 1970 sequi,
2304 1929 2339 1960 in
2351 1939 2402 1961 so-

1432 1975 1497 2006 lam
1520 1975 1622 2015 ipsius
1645 1975 1845 2006 voluntatem
1869 1979 1901 2004 et
1928 1973 2093 2005 decretum
2122 1973 2248 2004 intenti.
2293 1973 2403 2012 Atque

1432 2018 1487 2049 ille
1511 2023 1621 2049 tamen
1645 2021 1774 2049 nostrae
1797 2016 1986 2057 fragilitatis
2009 2026 2142 2055 memor,
2164 2016 2262 2046 etiam
2285 2024 2402 2056 propo-

1433 2061 1496 2092 sita
1518 2060 1667 2092 mercede
1691 2071 1748 2091 nos
1771 2060 1903 2090 invitat:
1935 2064 1968 2090 et
1999 2069 2091 2090 sacra
2113 2059 2275 2098 scriptura
2297 2057 2402 2089 nomi-

1433 2104 1534 2135 natim
1558 2114 1616 2135 nos
1640 2103 1730 2135 docet
1755 2103 1864 2134 Deum
1887 2112 1952 2133 non
1975 2102 2009 2132 in
2032 2111 2154 2133 vanum
2173 2100 2244 2133 coli.
2275 2099 2350 2140 Qua
2367 2100 2402 2131 in

1433 2157 1468 2178 re
1491 2157 1618 2178 summa
1641 2146 1704 2177 Dei
1734 2146 1860 2177 bonitas
1890 2150 2034 2185 apparet,
2067 2148 2210 2175 nostram
2233 2143 2402 2175 infirmita-

1434 2195 1499 2221 tem
1528 2189 1619 2221 nobis
1648 2188 1872 2226 condonantis,
1909 2193 1943 2218 et
1978 2187 2144 2227 proposita
2181 2185 2328 2218 mercede
2361 2185 2403 2217 ad

1433 2243 1528 2264 suum
1549 2232 1673 2264 cultum
1696 2231 1878 2267 invitantis,
1902 2240 1983 2270 quos
2006 2229 2144 2260 nimium
2167 2229 2311 2270 alioquin
2329 2239 2403 2270 seg-

1435 2286 1490 2307 nes
1514 2281 1547 2306 et
1569 2275 1706 2315 ignavos
1729 2275 1794 2305 fore
1818 2284 1881 2304 non
1905 2273 2044 2313 ignorat.
2079 2271 2135 2304 Sic
2157 2272 2258 2312 igitur
2281 2282 2340 2304 nos
2361 2270 2403 2303 ad

1434 2329 1468 2349 se
1492 2317 1582 2349 Deus
1611 2317 1709 2348 etiam
1740 2316 1905 2357 proposita
1936 2315 2083 2346 mercede
2107 2314 2241 2355 pellicit:
2272 2314 2330 2347 sed
2352 2318 2403 2346 ta-

1434 2371 1508 2392 men
1532 2370 1627 2400 quam
1653 2370 1716 2391 non
1736 2359 1807 2391 vult
1830 2369 1899 2390 esse
1917 2369 2049 2398 scopum
2069 2363 2216 2389 nostrum
2238 2363 2271 2389 et
2293 2358 2402 2389 finem.

1435 2404 1518 2434 Nam
1543 2402 1627 2443 quod
1648 2402 1686 2434 ad
1712 2401 1891 2433 mercedem
1915 2401 2005 2432 illam
2029 2402 2154 2440 attinet,
2178 2410 2245 2431 non
2267 2399 2402 2432 debetur

1435 2446 1655 2477 laborantibus
1685 2446 1786 2476 donec
1816 2445 1849 2475 in
1881 2444 1981 2485 ipsius
2004 2444 2092 2475 cultu
2122 2454 2180 2484 per
2203 2443 2294 2474 varia
2317 2443 2402 2483 peri-

1409 2514 1411 2524 ,
1435 2489 1507 2519 cula
1530 2495 1562 2519 ct
1585 2489 1700 2519 mortis
1731 2488 1916 2519 discrimina
1946 2487 2157 2527 perrexerint,
2187 2489 2219 2517 et
2241 2486 2274 2517 in
2296 2485 2402 2517 medio

1437 2538 1666 2571 tempestatum
1693 2532 1791 2562 fluctu
1810 2537 1922 2561 contra
1938 2540 2028 2570 spem
2050 2530 2082 2560 in
2102 2530 2172 2569 ipso
2187 2529 2401 2568 speraverint.

1437 2575 1523 2604 Sanc
1546 2575 1633 2605 Deus
1656 2574 1783 2613 quidem
1808 2573 1840 2604 in
1865 2573 1978 2604 timore
2001 2583 2059 2604 suo
2080 2577 2112 2603 et
2130 2571 2314 2603 obedientia
2334 2581 2403 2603 am-

1437 2616 1623 2648 bulantibus
1646 2617 1876 2657 promissiones
1906 2615 1990 2655 fecit,
2022 2626 2086 2646 non
2121 2621 2248 2645 tantum
2272 2613 2312 2645 de
2334 2614 2402 2645 vita

1437 2663 1568 2690 aeterua
1592 2659 1829 2700 consequenda,
1859 2657 1915 2690 sed
1945 2658 2043 2689 etiam
2072 2658 2111 2689 de
2135 2658 2202 2688 vita
2224 2657 2402 2697 praesenti:
