2551 3044
346 208 408 240 679

344 302 570 342 sequebantur.
594 301 678 341 quod
699 306 785 331 esset
805 300 837 330 in
857 299 963 340 gratia
983 298 1068 339 apud
1082 307 1191 338 regem
1204 297 1314 337 Achis,

345 352 375 377 et
400 345 483 375 fidus
507 344 546 375 ab
570 344 638 383 ipso
661 343 846 374 haberetur.
879 341 966 374 Sane
990 341 1161 372 fallebatur
1183 340 1313 381 quidem

347 387 458 424 Achis,
495 397 569 417 nam
604 386 630 417 si
665 385 825 417 Davidem
860 385 964 425 qualis
997 388 1067 416 erat
1099 384 1315 424 cognovisset,

347 432 441 470 louge
465 429 563 460 alium
585 439 655 460 esse
674 438 770 468 quam
786 428 991 459 existimabat
1007 427 1224 466 comperisset.
1248 426 1312 458 Sed

346 474 436 505 Deus
461 472 519 503 hac
544 481 696 511 tauquam
721 470 835 501 umbra
859 481 990 501 servum
1020 480 1113 501 suum
1138 469 1242 500 voluit
1264 480 1314 501 oc-

346 516 471 548 cultari.
499 515 590 545 Hanc
615 515 715 554 igitur
737 514 776 544 ob
796 524 924 545 causam
940 524 1001 544 non
1023 512 1184 544 immerito
1198 512 1315 543 dicitur

347 559 409 589 Dei
434 557 687 589 miscricordiam
703 567 765 596 qua
790 567 847 587 nos
871 562 994 587 tutatur
1018 555 1130 586 multis
1154 555 1230 586 vitis
1245 565 1314 586 esse

347 602 443 642 longe
466 600 643 631 meliorem.
690 599 838 630 Profecto
864 598 924 630 Dei
956 598 1131 640 singularis
1155 608 1233 638 erga
1255 609 1313 629 nos

348 644 573 675 benevolentia
597 643 792 683 conspicitur
815 642 847 673 in
872 653 908 673 eo
938 643 1020 682 quod
1047 641 1124 672 vitia
1148 646 1259 672 nostra
1281 645 1314 672 et

348 687 553 718 infirmitates
587 693 683 725 tegat.
731 685 796 716 §ed
822 685 874 716 hic
899 684 1036 716 Davidis
1060 684 1198 714 virtutes
1222 684 1314 724 texit,

348 740 430 770 quae
454 741 515 769 quo
547 730 649 769 magis
679 735 772 759 crant
803 728 980 759 laudabiles
1010 733 1040 758 et
1065 727 1170 758 maius
1192 725 1312 758 Davidi

349 773 527 814 periculum
541 771 694 803 creabant
712 777 744 801 ct
757 770 894 802 mortale
906 770 1061 801 adversus
1085 770 1189 809 ipsum
1203 769 1312 800 odium

348 816 546 847 conflabant:
582 814 661 845 adeo
696 820 730 845 ut
762 814 801 844 ab
838 815 914 854 ipsis
945 813 1090 844 hostibus
1121 822 1185 843 non
1219 811 1314 844 modo

350 859 438 889 reiici
458 857 512 889 sed
533 857 629 888 etiam
651 857 792 888 interimi
812 857 960 897 potuerit.
986 856 1076 886 Deus
1095 855 1195 896 igitur
1207 855 1312 895 ipsum

351 901 411 932 hac
435 901 559 931 ratione
589 900 678 935 texit,
711 907 745 930 ut
777 910 850 930 eum
881 903 1100 930 conservaret.
1142 897 1314 930 Discamus

350 944 459 983 itaque
493 943 692 974 saevissimis
730 943 849 973 nostris
883 942 1022 973 inimicis
1055 941 1190 972 insidias
1222 941 1314 972 nobis

350 986 552 1017 struentibus
574 993 604 1016 et
623 985 812 1026 sanguinem
829 990 973 1015 nostrum
988 984 1174 1015 sitientibus
1198 984 1230 1014 in
1246 984 1315 1014 Deo

350 1030 501 1060 fiduciam
525 1029 679 1060 collocare
693 1035 722 1058 ct
748 1029 780 1059 in
805 1029 874 1068 ipso
888 1027 955 1058 solo
968 1027 1203 1066 conquiescere,
1227 1033 1315 1058 certo

349 1073 496 1112 persuasi
525 1082 583 1102 nos
612 1072 712 1111 ipsius
744 1071 857 1102 umbra
889 1076 998 1106 tectos,
1032 1070 1104 1101 licet
1137 1069 1313 1100 multorum

349 1116 393 1146 rei
418 1116 519 1146 simus
543 1122 757 1154 peccatorum,
782 1113 910 1144 tandem
935 1113 974 1144 ab
994 1112 1144 1143 omnibus
1164 1112 1315 1152 periculis

350 1164 495 1198 ereptum
517 1157 565 1188 iri.
590 1157 759 1197 Exemplis
780 1156 922 1187 fidelium
945 1156 1131 1187 confirmari
1146 1165 1204 1186 nos
1216 1156 1314 1186 etiam

350 1206 484 1241 oportet,
519 1201 571 1240 qui
608 1201 641 1230 in
674 1200 822 1240 luporum
858 1198 1006 1230 faucibus
1038 1198 1224 1235 constituti,
1255 1198 1317 1229 etsi

350 1243 449 1275 libere
472 1243 569 1274 fidem
589 1253 680 1273 suam
705 1243 848 1282 profiteri
873 1254 936 1272 non
961 1247 1120 1282 poterant,
1152 1251 1316 1280 nunquam

350 1292 459 1317 tamen
484 1286 647 1326 papisticis
670 1285 746 1316 ullis
762 1284 1046 1325 superstitionibus
1069 1291 1101 1314 et
1124 1283 1318 1314 idolomania

350 1340 419 1360 sese
452 1329 550 1369 pollui
580 1329 822 1359 sustinuerunt:
858 1338 961 1367 neque
992 1327 1199 1358 inimicorum
1235 1326 1318 1357 blas-

352 1371 490 1412 phemiis
520 1377 762 1408 consenserunt,
794 1381 873 1410 quos
904 1376 1013 1401 tamen
1044 1370 1136 1401 Deus
1166 1375 1318 1409 tanquam

351 1426 427 1446 oves
451 1426 489 1446 ex
512 1425 566 1445 ore
590 1414 738 1454 luporum
763 1413 955 1445 mirabiliter
967 1414 1095 1453 eripuit.
1121 1411 1263 1452 Quinam
1286 1411 1318 1442 id

352 1457 452 1488 vero?
488 1456 574 1489 Sane
605 1458 638 1487 in
669 1467 806 1497 magnas
837 1456 1006 1497 angustias
1037 1455 1183 1487 redactos
1207 1455 1317 1491 fateor,

351 1501 405 1531 sed
432 1506 538 1531 tamen
564 1500 614 1530 aio
630 1500 734 1530 Deum
761 1510 934 1539 pravorum
960 1499 1128 1529 hominum
1153 1497 1262 1528 oculos
1285 1502 1318 1528 et

352 1549 492 1574 mentem
519 1543 563 1573 sic
587 1542 740 1578 tenuisse,
772 1548 807 1573 ut
837 1542 1047 1572 toleraverint
1070 1552 1123 1572 eos
1146 1551 1226 1581 quos
1249 1550 1318 1571 mo·

352 1594 460 1617 mento
485 1585 680 1616 videbantur
711 1591 865 1624 tanquam
893 1585 1029 1615 miseras
1054 1594 1131 1615 oves
1155 1583 1316 1614 laniaturi.

351 1629 425 1660 Non
456 1628 618 1659 immerito
648 1627 750 1668 igitur
780 1627 886 1658 David
920 1626 1027 1658 Deum
1063 1627 1254 1667 precabatur
1284 1632 1319 1657 ut-

352 1672 458 1712 ipsum
480 1672 513 1702 in
538 1670 658 1711 angulo
677 1670 878 1701 tabernaculi
898 1671 947 1701 sui
967 1670 1146 1705 collocaret,
1171 1669 1320 1700 alludens

352 1714 391 1745 ad
417 1714 542 1745 visibile
567 1720 599 1744 et
619 1714 784 1744 materiale
804 1713 1025 1744 sanctuarium
1047 1713 1135 1743 illius
1154 1712 1319 1753 temporis,

351 1757 406 1788 sed
438 1757 477 1787 ad
510 1756 571 1787 Dci
603 1755 843 1796 providentiam
875 1755 1076 1796 confugiens,
1107 1760 1141 1786 ut
1171 1766 1208 1786 ea
1233 1761 1321 1785 tutus

351 1810 414 1831 non
441 1800 531 1830 fieret
555 1799 696 1829 hostium
720 1809 852 1830 suorum
875 1799 1003 1839 praeda.
1046 1799 1211 1838 Expertus
1234 1798 1320 1828 enim

351 1849 420 1873 erat
436 1841 540 1873 David
564 1842 623 1872 Dei
648 1852 723 1880 erga
743 1852 816 1872 suos
836 1841 978 1872 favorem
1000 1848 1031 1872 et
1051 1841 1320 1872 benevolentiam.

352 1885 418 1917 Nos
442 1885 542 1925 igitur
565 1884 644 1916 haec
668 1885 701 1915 in
725 1895 818 1915 usum
844 1890 991 1915 nostrum
1015 1888 1255 1921 convertamus,
1285 1893 1321 1914 ac

353 1939 393 1959 ne
417 1928 601 1959 dubitemus
626 1928 703 1967 quin
725 1927 871 1958 hostibus
895 1928 1015 1957 nostris
1039 1927 1102 1957 odii
1127 1936 1241 1958 causas
1265 1925 1320 1956 ad-

353 1981 485 2001 versum
511 1981 567 2001 nos
581 1970 823 2010 quaerentibus,
850 1970 938 2000 Deus
951 1980 1044 2010 opem
1070 1970 1159 2003 ferat,
1184 1974 1215 2000 et
1235 1970 1321 2009 ipsos

356 2014 451 2044 etiam
472 2020 622 2044 excaecet
641 2018 677 2043 ut
697 2023 776 2052 quos
796 2024 875 2044 eane
896 2013 987 2053 peius
1001 2018 1032 2043 et
1045 2022 1151 2052 angue
1173 2012 1320 2046 oderunt,

356 2068 395 2087 ne
418 2057 520 2087 oculis
543 2056 669 2095 quidem
695 2056 900 2095 perspiciant.

440 2099 656 2129 Transeamus
687 2098 726 2128 ad
756 2098 842 2138 regis
869 2098 968 2129 Achis
998 2098 1052 2128 illa
1077 2097 1174 2128 verba
1205 2098 1321 2138 quibus

356 2141 517 2172 Davidem
550 2142 716 2180 alloquens
747 2141 791 2171 ait
818 2151 849 2171 se
876 2142 1028 2180 reperisse
1060 2141 1149 2172 illum
1176 2143 1323 2181 tanquam

358 2185 500 2224 anyvlum
518 2184 586 2214 Dei.
612 2184 661 2214 Ex
682 2183 796 2223 quibus
810 2184 917 2214 verbis
941 2190 1072 2223 apparet
1095 2194 1237 2223 paganos
1251 2183 1322 2214 illos

357 2238 544 2258 communes
569 2227 701 2257 notitias
724 2232 754 2256 et
787 2226 943 2266 principia
968 2226 1124 2266 quaedam
1149 2237 1222 2257 eum
1246 2226 1323 2257 fido-

358 2270 441 2301 libus
466 2270 625 2306 habuisse,
655 2276 684 2300 ct
712 2269 907 2300 Philistaeos
930 2269 1009 2305 illos,
1043 2269 1228 2300 idololatras
1249 2269 1321 2300 licet

358 2319 389 2343 et
420 2313 472 2352 qni
505 2313 629 2343 nullum
662 2323 760 2352 purae
792 2311 957 2343 doctrinae
987 2318 1119 2352 gustum
1152 2311 1321 2348 habebant,

358 2361 388 2386 et
414 2366 518 2395 neque
540 2355 642 2395 legem
667 2366 771 2395 neque
799 2354 975 2395 prophetas
1006 2354 1160 2392 sciebant,
1191 2355 1323 2386 scivisse

361 2404 467 2429 tamen
501 2409 569 2428 csse
601 2408 700 2428 uuum
727 2398 835 2428 Deum
866 2404 894 2428 et
926 2397 1063 2428 cundem
1094 2397 1224 2437 angelos
1248 2407 1323 2429 suos

361 2441 488 2472 habere.
514 2441 606 2479 Quae
631 2441 739 2480 opinio
763 2441 840 2470 satis
853 2440 1033 2471 communis
1047 2440 1129 2479 apud
1155 2440 1228 2471 illos
1253 2440 1323 2479 fuit,

362 2491 395 2514 ut
425 2495 463 2514 ex
496 2483 736 2514 incredulorum
772 2484 900 2514 illorum
936 2482 1025 2513 libris
1059 2490 1208 2523 apparet,
1243 2493 1323 2523 quae

360 2527 503 2566 cognitio
528 2527 599 2557 licet
625 2526 701 2565 ipsis
725 2525 805 2556 nibil
831 2526 868 2556 ad
894 2526 1028 2556 salutem
1054 2526 1185 2565 profuit,
1215 2533 1321 2556 tamen

361 2569 594 2600 inexcusabiles
618 2579 723 2599 coram
749 2568 819 2599 Deo
850 2568 996 2599 reddidit.
1036 2568 1119 2599 Nam
1144 2569 1169 2598 si
1194 2568 1323 2599 divinae

361 2611 443 2642 lucis
474 2612 634 2643 scintillae
664 2622 776 2642 omnes
805 2612 983 2642 exstinctae
1012 2611 1044 2641 in
1074 2611 1151 2651 ipsis
1180 2611 1322 2648 fuissent,

360 2660 393 2685 et
417 2655 539 2686 nullam
563 2660 688 2695 guttam
715 2654 860 2685 veritatis
883 2653 1081 2691 habuissent,
1105 2654 1323 2693 ignorantiam

1186 203 1387 236 HOMILIA
1415 204 1488 237 CII.

2267 203 2330 235 680

1366 309 1456 330 suam
1496 306 1650 338 tanquam
1685 297 1835 338 clypeum
1866 297 1927 328 Dei
1963 296 2092 328 iudiciis
2126 297 2328 336 obiecissent,

1367 351 1468 382 eaque
1497 341 1623 372 ratione
1656 350 1690 372 se
1720 349 1827 371 coram
1858 340 1927 379 ipso
1957 345 2183 371 excusassent:
2217 349 2330 380 quam·

1367 385 1476 415 obrem
1500 383 1641 424 oportuit
1668 382 1741 414 illos
1763 382 1869 414 adhuc
1893 382 2033 422 aliquam
2058 382 2226 422 religionis
2245 383 2331 414 scin-

1367 427 1482 467 tillam,
1514 433 1548 457 ut
1571 425 1807 457 inexcusabiles
1830 426 1904 462 sint,
1928 424 2056 456 habere.
2099 425 2156 456 Sic
2179 425 2239 456 boc
2262 425 2332 457 loco

1367 481 1423 501 rex
1448 470 1557 505 Achis,
1588 469 1647 500 etsi
1671 479 1736 499 non
1760 468 1855 508 plane
1878 467 2043 498 intellexit
2067 467 2173 499 Deum
2198 468 2331 508 angelos

1367 524 1444 544 suos
1469 513 1597 549 habere,
1628 516 1662 542 ut
1692 511 1752 551 ipsi
1784 511 1978 547 ministrent,
2010 516 2042 541 et
2063 510 2217 542 mandata.
2240 521 2331 542 exse-

1367 562 1517 596 quantur,
1542 554 1631 585 novit
1651 560 1759 584 tamen
1779 553 1911 594 angelos
1924 552 1985 584 Dei
2002 563 2080 585 esse.
2104 553 2198 592 Quae
2217 554 2333 585 notitia

1367 609 1493 630 omnem
1519 597 1769 632 excusationem,
1795 602 1830 627 ut
1842 596 1994 636 diximus,
2018 596 2081 627 illis
2100 596 2240 628 sustulit.
2265 596 2332 628 Nos

1367 651 1445 672 vero
1469 641 1643 681 diligenter
1665 649 1842 670 caveamus
1866 650 1905 670 ne
1928 639 2085 671 incertam
2110 645 2142 670 et
2165 639 2331 670 confusam

1367 684 1514 714 notitiam
1546 684 1680 714 istorum
1715 681 1909 719 habeamus,
1944 681 1998 713 sed
2030 681 2092 713 Dei
2123 682 2256 723 angelos
2286 683 2332 714 sic

1366 736 1608 767 cognoscamus,
1638 729 1674 756 ut
1697 732 1804 755 tamen
1836 725 1921 755 intra
1945 725 2078 764 gradum
2103 735 2197 755 suum
2227 735 2332 756 rema·

1367 776 1482 807 neant,
1518 779 1558 800 ne
1593 779 1611 799 a
1645 767 1736 798 nobis
1766 768 1799 798 in
1835 767 1921 798 idola
1955 767 2242 798 transformentur:
2275 767 2333 799 sed

1368 818 1496 844 nostrae
1530 811 1642 843 salutis
1679 811 1846 841 ministros
1884 810 1956 841 illos
1988 820 2058 841 esse
2092 819 2333 851 cognoscamus,

1367 854 1624 895 quandoquidem
1649 853 1777 884 illorum
1799 863 1895 893 opera
1915 852 2006 883 Deus
2025 852 2065 884 ad
2089 852 2168 883 illud
2187 863 2267 893 opus
2286 853 2334 884 uti

1369 898 1450 929 vult.
1474 898 1656 929 Caveamus
1680 907 1721 927 ne
1744 896 1806 927 Dei
1831 897 1961 927 nomine
1984 896 2060 927 solis
2084 896 2192 927 verbis
2215 895 2334 936 glorie-

1368 951 1450 975 mur,
1474 951 1514 971 ne
1538 939 1618 971 nihil
1640 949 1697 970 nos
1716 939 1771 970 illa
1791 939 1946 979 professio
1963 939 2060 969 iuvet.
2083 938 2133 969 Ne
2152 937 2335 970 incredulos

1367 984 1534 1014 imitemur
1554 983 1607 1022 qui
1627 982 1768 1013 tenebris
1787 982 1833 1012 ita
1847 981 1986 1013 demersi
2009 986 2094 1017 sunt,
2119 987 2154 1012 ut
2166 980 2334 1012 mendacio

1368 1033 1399 1058 et
1430 1027 1496 1057 suis
1527 1024 1812 1065 imaginationibus
1836 1024 1897 1055 Dei
1922 1024 2092 1055 veritatem
2123 1033 2334 1063 corrumpere

1368 1071 1528 1100 nitantur:
1555 1078 1613 1099 nos
1631 1067 1812 1098 istiusmodi
1831 1068 2032 1107 corruptelas
2043 1073 2074 1098 et
2087 1067 2334 1107 superstitiones

1369 1112 1444 1143 totis
1459 1111 1580 1142 viribus
1599 1111 1771 1149 fugiamus,
1796 1110 1921 1150 Deique
1940 1111 2158 1151 cognitionem
2178 1115 2334 1150 tanquam

1369 1155 1535 1186 ardentem
1557 1156 1654 1185 facem
1677 1153 1768 1184 nobis
1787 1154 2026 1193 praelucentem
2046 1163 2229 1192 sequamur,
2252 1151 2335 1183 fidu-

1369 1199 1517 1237 ciamque
1549 1203 1692 1227 nostram
1726 1197 1758 1227 in
1796 1197 1866 1236 ipso
1896 1195 1962 1227 solo
1994 1195 2199 1231 collocemus,
2241 1195 2335 1234 eique

1370 1240 1587 1278 subiiciamur,
1611 1245 1642 1270 et
1656 1244 1722 1270 toto
1735 1239 1821 1269 vitae
1845 1238 2003 1269 curriculo
2016 1249 2090 1269 eum
2104 1238 2333 1277 glorificemus.

1457 1282 1645 1323 Sequuntur
1668 1282 1769 1313 Achis
1800 1282 1898 1312 verba
1923 1281 2039 1321 quibus
2069 1292 2088 1312 a
2115 1291 2149 1312 se
2172 1280 2336 1312 Davidem

1371 1326 1502 1362 dimisit,
1533 1335 1630 1365 quum
1663 1325 1722 1356 ait:
1755 1323 1858 1364 δαν-96
1886 1334 1976 1355 mane
2005 1326 2038 1355 tu
2065 1327 2092 1355 et
2113 1324 2195 1355 servi
2217 1322 2337 1354 domini

1371 1370 1427 1407 tui,
1459 1368 1489 1399 id
1521 1373 1569 1399 est
1592 1368 1711 1403 Saulis,
1742 1367 1833 1407 quasi
1863 1367 1967 1398 dicat:
2003 1366 2071 1398 Vos
2093 1367 2171 1398 estis
2194 1366 2279 1397 servi
2303 1370 2337 1397 et

1371 1411 1491 1444 subditi
1506 1411 1630 1443 Saulis:
1656 1421 1696 1441 ne
1719 1411 1821 1451 igitur
1833 1409 1991 1441 adversus
2011 1410 2117 1449 ipsum
2137 1410 2170 1440 in
2190 1418 2336 1449 pugnam

1372 1455 1467 1494 exite,
1492 1454 1546 1485 sed
1571 1453 1672 1493 quieti
1696 1453 1729 1484 in
1755 1453 1822 1484 loco
1846 1463 1864 1484 a
1887 1463 1938 1484 me
1960 1452 2050 1484 vobis
2069 1452 2144 1483 dato
2160 1452 2335 1483 subsistite.

1371 1497 1481 1537 Quum
1506 1496 1593 1527 iubet
1618 1496 1718 1527 Achis
1731 1495 1890 1527 Davidem
1916 1506 2011 1526 mane
2035 1505 2170 1535 surgere
2193 1501 2225 1526 et
2247 1494 2337 1526 abire

1371 1551 1441 1572 cum
1467 1540 1542 1575 suis,
1567 1544 1700 1579 apparet
1729 1544 1856 1569 tantum
1881 1539 1913 1569 in
1937 1538 2052 1569 castris
2075 1538 2143 1569 suis
2156 1538 2337 1569 excitatum

1371 1583 1557 1619 tumultum,
1589 1589 1625 1613 ut
1653 1583 1678 1612 si
1703 1581 1826 1613 diutius
1857 1591 1924 1612 rem
1957 1580 2138 1612 distulisset
2157 1580 2336 1620 periculum

1371 1626 1478 1663 fuerit,
1502 1635 1542 1656 ne
1567 1636 1627 1656 non
1653 1630 1761 1665 posset
1779 1624 1917 1663 amplius
1937 1623 2045 1655 David
2068 1624 2198 1654 illorum
2221 1632 2338 1655 manus

1371 1668 1517 1700 evadere.
1542 1667 1653 1708 Neque
1677 1668 1761 1698 enim
1781 1667 1941 1698 Davidem
1962 1666 2154 1697 dimissurus
2167 1665 2338 1697 videbatur

1371 1711 1432 1742 nisi
1455 1716 1594 1742 coactus.
1636 1711 1733 1742 Mane
1756 1710 1858 1751 igitur
1881 1709 2039 1740 Davidem
2063 1709 2154 1740 iubet
2175 1708 2273 1745 abire,
2297 1717 2338 1739 ne

1372 1753 1447 1794 quid
1471 1753 1626 1784 adversus
1657 1754 1760 1793 ipsum
1790 1763 1848 1793 per
1870 1752 2063 1783 seditionem
2087 1753 2154 1783 fiat.
2200 1751 2251 1782 Ex
2275 1760 2338 1790 quo

1373 1802 1505 1838 apparet
1526 1796 1684 1827 Davidem
1709 1795 1851 1837 gladium
1878 1795 2030 1826 habuisse
2053 1800 2207 1834 tanquam
2225 1793 2264 1825 ad
2287 1794 2339 1824 iu-

1373 1841 1495 1881 gulum,
1520 1846 1549 1869 et
1573 1839 1655 1879 quod
1680 1839 1782 1870 evasit
1806 1837 1988 1879 periculum
2014 1837 2122 1869 deberi
2147 1837 2210 1867 Dei
2233 1837 2340 1877 provi-

1374 1883 1509 1920 dentiae,
1533 1892 1551 1911 a
1570 1892 1632 1921 quo
1651 1882 1802 1913 defensus
1821 1881 1873 1920 sit,
1897 1887 1927 1911 et
1949 1891 2046 1911 manu
2060 1880 2172 1911 divina
2184 1885 2339 1919 tanquam

1373 1926 1495 1956 obiecto
1519 1925 1631 1965 clypeo
1655 1930 1770 1961 tectus,
1794 1933 1858 1954 non
1879 1929 1986 1954 autem
2012 1923 2155 1954 hostium
2176 1922 2338 1953 voluntati

1373 1978 1452 2008 quos
1483 1974 1605 1998 certum
1638 1973 1686 1998 est
1716 1968 1860 1998 animum
1892 1967 1997 2006 ipsum
2029 1964 2230 2005 discerpendi
2263 1971 2295 1995 et
2321 1974 2339 1996 e

1375 2011 1456 2042 vivis
1481 2010 1612 2040 tollendi
1638 2010 1796 2041 habuisse.
1818 2009 1904 2040 Hinc
1923 2009 2132 2040 observemus
2149 2008 2255 2039 Deum
2278 2017 2338 2039 nos

1373 2054 1497 2093 eripere
1521 2053 1708 2092 saepissime
1731 2063 1770 2083 ex
1796 2051 1945 2092 periculis
1971 2061 2054 2091 quae
2082 2051 2144 2091 ipsi
2168 2060 2232 2081 uon
2263 2060 2337 2081 sen-

1374 2106 1528 2129 seramus.
1553 2102 1583 2125 et
1607 2106 1646 2126 ex
1671 2096 1748 2135 ipsis
1767 2095 1880 2125 mortis
1900 2095 2044 2125 faucibus
2064 2094 2096 2124 in
2116 2103 2196 2132 quas
2215 2093 2339 2124 incauti

1374 2139 1599 2170 incideramus.
1630 2138 1764 2178 ideoque
1788 2138 1891 2177 magis
1914 2147 1950 2167 ac
1973 2137 2077 2176 magis
2102 2147 2159 2166 nos
2182 2136 2222 2166 ad
2245 2135 2338 2166 illum

1374 2181 1590 2213 invocandum
1615 2181 1748 2212 excitari
1773 2180 1889 2211 debere
1908 2184 1943 2210 ut
1962 2190 2002 2209 cx
2022 2179 2173 2219 periculis
2197 2179 2231 2209 in
2255 2188 2338 2218 quae

1374 2235 1469 2264 saepe
1498 2224 1618 2254 incauti
1651 2224 1822 2254 incidimus
1853 2232 1909 2262 pro
1939 2232 1998 2252 sua
2029 2220 2250 2252 misericordia,
2280 2231 2338 2253 nos

1374 2268 1500 2307 eripiat,
1520 2272 1551 2296 et
1565 2267 1656 2297 nobis
1679 2265 1914 2296 dormientibus
1934 2275 1990 2305 pro
2004 2264 2095 2295 nobis
2110 2264 2232 2304 vigilet.
2256 2263 2338 2295 Cae·

1375 2316 1477 2341 terum
1512 2309 1563 2340 hic
1593 2311 1689 2339 etiam
1721 2307 1921 2340 observanda
1960 2306 2135 2347 singularis
2166 2306 2230 2338 Dei
2259 2316 2338 2348 erga

1375 2351 1536 2384 Davidem
1560 2351 1695 2389 bonitas,
1719 2361 1800 2391 quae
1820 2351 1927 2391 ipsum
1952 2350 2011 2381 hac
2030 2350 2153 2381 ratione
2177 2359 2240 2380 non
2263 2355 2336 2380 tan-

1375 2401 1443 2426 tum
1463 2405 1502 2425 ex
1516 2395 1678 2435 praesenti
1701 2393 1852 2434 periculo,
1872 2403 1912 2423 ex
1931 2394 2065 2424 summis
2088 2393 2121 2423 in
2134 2392 2251 2432 quibus
2269 2402 2340 2423 ver-

1376 2438 1507 2470 sabatur
1537 2438 1694 2477 angustiis
1724 2436 1854 2476 eripuit,
1884 2435 1940 2467 sed
1971 2436 2068 2466 etiam
2097 2436 2131 2466 in
2162 2434 2267 2466 locum
2297 2445 2339 2466 ex

1375 2491 1437 2522 quo
1461 2479 1651 2510 discesserat
1675 2480 1794 2510 reverti
1819 2479 1904 2517 fecit,
1927 2482 1964 2509 ut
1983 2488 2100 2509 uxores
2119 2482 2151 2509 et
2169 2477 2340 2509 facultates

1375 2533 1457 2564 quae
1482 2522 1515 2552 in
1541 2522 1683 2553 hostium
1712 2526 1903 2561 potestatem
1934 2526 2093 2552 venerant
2121 2524 2337 2560 recuperaret.

1377 2565 1551 2606 §iugulare
1575 2575 1676 2605 paene
1700 2564 1759 2595 fuit
1788 2564 1874 2595 istud
1897 2564 1958 2595 Dei
1981 2563 2224 2595 benevolentiae
2246 2562 2339 2594 testi-

1376 2609 1521 2641 monium
1545 2618 1622 2648 erga
1642 2606 1813 2644 Davidem,
1838 2617 1911 2638 cum
1935 2611 1982 2637 tot
2007 2605 2339 2638 difficultatibus‘col-

1375 2653 1562 2687 luctantem,
1586 2655 1622 2681 ut
1643 2650 1769 2690 inopem
1793 2650 1887 2681 illum
1908 2650 2042 2688 consilii,
2066 2649 2208 2689 undique
2230 2648 2339 2679 insur-
