2551 3044
361 197 422 228 175

368 292 406 321 iis
429 302 508 330 quos
540 290 578 321 :td
609 291 687 321 haee
720 289 857 320 vocavit.
903 289 990 330 Ergo
1015 288 1132 325 David,
1162 288 1233 319 licet
1265 289 1329 319 iam

366 341 439 364 aute
465 334 573 364 multis
590 333 646 363 Dei
672 332 764 363 donis
789 332 925 373 insignis
949 333 1071 366 fuisset,
1097 338 1201 362 tamen
1229 331 1328 361 veluti

367 384 540 406 renovatus
571 377 638 409 fuit,
669 383 698 405 et
731 386 848 406 novum
878 376 1012 415 spiritns
1043 375 1161 404 donum
1197 374 1328 413 accepit„

370 430 431 458 quo
467 419 586 458 regiam
625 418 814 458 dignitatem
844 427 946 457 posset
983 419 1151 448 sustinere.
1205 416 1328 447 Idcirco

367 462 490 493 Paulus
503 461 711 492 Timotheum
735 460 937 497 admonebat,
963 462 1066 500 ipsum
1091 459 1250 499 accepisse
1267 457 1329 489 Dei

366 506 515 545 spiritum
540 515 596 543 per
620 514 772 534 mannum
795 513 927 534 suarum
949 503 1195 543 impositionem,
1216 508 1247 531 et
1266 501 1328 531 alio

368 549 443 581 loco.
462 558 524 587 „per
548 546 782 586 impositionem
802 556 958 577 mannum
978 545 1180 585 presbyterii.
1229 544 1326 583 Atqui

366 599 487 622 certum
517 599 565 620 est
586 589 794 620 Timotheum
824 599 921 628 quum
950 589 989 619 ad
1020 586 1178 627 evangelii
1204 587 1329 626 praedi·
1354 591 1355 596 ¹

367 634 527 664 catiouem
555 639 732 666 vocaretur,
756 642 820 662 non
845 632 942 662 fuisse
963 641 1083 662 novum
1110 631 1270 660 hominem
1296 637 1328 659 et

368 677 527 717 ignarum,
563 675 618 705 sed
650 674 779 705 eximiis
807 673 898 705 donis
933 675 1105 714 insignem,
1140 684 1178 703 ex
1213 671 1328 712 quibus

367 726 537 759 appareret
562 717 739 748 Dominum
774 717 858 748 velle
891 717 991 756 ipsius
1023 716 1198 747 ministerio
1232 725 1325 746 suum

369 772 447 801 opus
472 771 674 801 promovere:
705 770 742 791 ac
770 759 904 800 proinde
929 769 1083 790 manuum
1109 757 1201 789 Pauli
1226 758 1325 797 impo-

367 805 482 835 sitione
518 803 614 834 suisse
648 804 884 841 confirmatum,
918 809 951 833 et
984 801 1021 832 ad
1054 808 1327 835 tantum„munus

367 846 524 881 evangelii
557 845 762 886 praedicandi
793 856 810 876 a
840 851 950 876 sancto
981 845 1093 884 spiritu
1125 843 1326 883 dispositum.

367 890 573 929 Quapropter
598 899 636 919 ne
660 888 842 919 dubitemus
866 889 941 928 quin
964 888 1051 918 Deus
1074 894 1264 926 operaturus
1287 886 1329 916 sit-

370 933 402 963 in
435 932 526 963 nobis
556 931 638 971 quod
671 930 749 962 utile
779 941 848 962 esse
875 931 1069 971 cognoverit,
1100 939 1196 968 quum
1230 938 1329 959 vacua

370 985 447 1006 vasa
471 975 637 1011 fuerimus,
671 981 703 1004 et
727 974 802 1014 quiu
828 974 915 1004 omni
942 973 1060 1003 virtute
1084 980 1116 1002 ct
1139 971 1329 1002 necessariis

368 1018 460 1049 donis
489 1018 531 1048 sit
561 1024 745 1054 ornaturus,
776 1027 874 1056 quum
906 1015 1015 1046 eadem
1047 1016 1084 1045 ab
1109 1015 1176 1054 ipso
1200 1014 1327 1054 petieri-

369 1071 450 1092 mus.
496 1059 582 1099 Quid
613 1060 698 1091 enim
730 1059 818 1090 aliud
850 1057 1025 1099 praecludit
1054 1057 1175 1087 aditum
1207 1057 1327 1093 gratiae

368 1103 511 1140 Domini,
535 1113 630 1142 quam
655 1102 820 1133 hominum
845 1101 1037 1141 arrogantia,
1069 1111 1131 1140 qua
1162 1099 1220 1130 sibi
1243 1098 1326 1138 quod

368 1157 432 1177 non
456 1146 575 1177 habent
598 1145 717 1176 audent
738 1143 903 1176 tribuere?
951 1144 1048 1183 Atqui
1077 1153 1133 1173 nos
1163 1142 1326 1172 mendicos

365 1200 435 1220 esse
469 1194 609 1229 oportet,
645 1188 671 1219 si
708 1188 812 1219 Deum
847 1187 992 1226 cupimus
1027 1186 1160 1226 egestati
1196 1193 1326 1215 nostrae

364 1242 562 1263 succurrere.
607 1231 718 1270 Quare
749 1230 775 1261 si
806 1240 882 1261 vera
912 1229 972 1260 fide
1004 1229 1108 1268 ipsum
1132 1228 1326 1264 invocemus,

365 1282 398 1306 et
421 1282 455 1305 ut
479 1274 579 1305 nostri
603 1274 803 1309 misereatur,
827 1279 858 1304 et
881 1272 914 1303 in
938 1271 1038 1311 ipsius
1058 1271 1180 1302 cultum
1201 1271 1325 1310 dirigat,

366 1328 553 1359 precemur,
587 1326 751 1356 uunquam
787 1315 972 1346 defuturum
1008 1315 1110 1353 ipsum
1146 1313 1239 1344 nobis
1280 1319 1327 1343 est

367 1360 593 1392 certissimum.
640 1359 741 1390 Porro
772 1358 899 1389 divinae
931 1356 1162 1388 maledictionis
1196 1356 1327 1396 signum

369 1402 530 1443 quoddam
563 1408 621 1441 est,
656 1412 754 1441 quum
785 1400 824 1431 ad
855 1399 980 1440 aliquod
1005 1410 1122 1430 munus
1146 1399 1246 1430 vocati
1272 1399 1328 1429 ho-

368 1446 479 1482 miues,
504 1455 567 1476 non
592 1443 788 1484 respondent
818 1443 992 1474 vocationi:
1027 1442 1081 1473 sed
1113 1447 1167 1472 aut
1198 1442 1327 1472 attoniti

371 1495 448 1519 sunt
471 1494 503 1518 et
533 1487 662 1527 stupidi,
694 1494 748 1517 aut
779 1485 889 1517 molles
913 1493 943 1516 et
966 1486 1151 1522 effeminati,
1180 1490 1234 1515 aut
1266 1494 1328 1515 non

370 1542 407 1562 ea
430 1537 506 1562 sunt>
529 1530 715 1570 integritate
738 1540 800 1569 qua
823 1539 881 1568 par
904 1533 965 1559 est:
991 1527 1046 1559 sed
1065 1527 1219 1558 adversus
1243 1527 1328 1558 ordi-

370 1584 444 1605 nem
476 1584 604 1603 omnem
636 1572 837 1611 conspirasse
873 1570 1032 1602 videntur.
1078 1570 1166 1601 Sanc
1196 1571 1228 1600 in
1259 1569 1330 1601 istis

370 1616 498 1647 divinae
530 1615 690 1646 vindictae
719 1615 849 1655 signum
883 1618 1028 1653 apparet:
1059 1612 1140 1653 quod
1175 1613 1229 1643 alii
1263 1612 1331 1644 sola

370 1659 544 1690 ambitione
567 1657 660 1689 malis
683 1657 806 1688 artibus
836 1657 975 1688 honores
1005 1662 1038 1687 et
1068 1656 1241 1695 dignitates
1264 1666 1330 1685 am-

371 1702 473 1739 biant,
504 1701 558 1731 alii
590 1701 621 1731 vi
652 1699 822 1736 invadant,
857 1698 912 1730 alii
946 1709 1022 1729 vero
1057 1699 1152 1729 etiam
1188 1698 1331 1738 pecuniis

370 1744 540 1775 redimant.
586 1742 677 1782 Quae
701 1750 750 1774 est
772 1743 871 1783 igitur
894 1747 964 1772 tum
988 1741 1053 1772 illic
1076 1741 1176 1772 sancti
1200 1741 1333 1781 spiritus

372 1787 420 1818 vis
443 1794 475 1818 et
498 1785 663 1818 efficacia?
691 1785 760 1817 Nae
783 1783 963 1816 horrendas
987 1783 1105 1814 ibidem
1129 1783 1333 1815 confusiones

370 1830 449 1861 oriri
472 1839 602 1860 necesse
625 1835 688 1860 est:
712 1839 749 1860 ac
771 1827 906 1868 proinde
930 1827 1046 1858 iustam
1073 1827 1132 1857 Dei
1157 1826 1333 1857 vindictam

373 1873 505 1914 agnosci
528 1878 662 1912 oportet,
693 1870 777 1911 quod
805 1871 956 1909 ignorent
979 1869 1026 1900 illi
1048 1869 1180 1909 quaevis
1204 1869 1333 1908 publica

372 1925 509 1947 munera
532 1915 565 1945 in
588 1914 647 1945 Dei
671 1913 792 1945 eultutn
817 1913 893 1944 ferri
916 1921 1072 1952 oportere,
1096 1919 1128 1942 et
1152 1922 1213 1942 non
1237 1911 1333 1943 licere

373 1959 429 1989 ulli
461 1968 529 1989 sese
561 1958 592 1987 in
625 1956 751 1997 publica
782 1965 915 1986 munera
949 1954 1068 1986 inferre
1099 1959 1130 1984 et
1160 1954 1332 1985 intrudere.

373 2001 456 2032 Nam
487 2006 612 2040 oportet
641 2011 695 2031 eos
726 1999 780 2039 qui
816 1997 856 2029 ad
886 2008 992 2029 rerum
1028 1996 1247 2038 gubernacula
1278 2008 1332 2027 vo-

371 2051 497 2079 cantur,
529 2052 701 2083 agnoscere
724 2052 758 2073 se
781 2052 800 2072 a
823 2040 893 2072 Deo
916 2039 1109 2072 constitutos
1138 2050 1207 2070 esse
1233 2040 1333 2070 veluti

373 2098 448 2118 suos
471 2086 633 2116 ministros
657 2092 687 2116 et
712 2085 843 2125 legatos,
866 2084 916 2115 eni
940 2093 1017 2114 suae
1044 2082 1333 2113 administrationis

374 2130 454 2160 ratio
485 2129 525 2159 sit
555 2129 630 2159 olim
662 2126 832 2158 reddenda.
883 2125 1010 2157 Deinde
1043 2125 1231 2165 plerumque
1266 2125 1334 2155 fieri

375 2171 524 2203 videmus
548 2179 583 2201 ut
607 2170 714 2210 populi
740 2169 889 2211 indignos
907 2179 941 2200 se
956 2168 1015 2199 Dei
1035 2168 1139 2209 gratia
1163 2167 1335 2207 praebeant

375 2222 407 2246 et
430 2215 520 2245 bonis
543 2213 821 2254 gubernatoribus,
851 2223 870 2243 a
893 2211 1008 2252 quibus
1031 2218 1183 2250 tanquam
1208 2210 1267 2240 Dei
1292 2210 1334 2240 le-

375 2258 459 2298 gatis
489 2265 522 2287 et
551 2256 809 2296 procuratoribus
841 2259 1013 2295 regantur:
1042 2259 1072 2284 ct
1103 2263 1201 2293 quum
1233 2253 1336 2292 potius

377 2300 500 2331 diabolo
524 2299 697 2339 mancipati
720 2298 794 2334 sint,
819 2298 915 2328 etiam
940 2296 1048 2327 Deum
1071 2295 1256 2336 permittere
1280 2295 1336 2325 im-

377 2343 484 2382 probis
515 2342 695 2381 imperium.
742 2341 784 2371 Et
811 2340 942 2380 quidem
973 2349 1067 2378 saepe
1096 2338 1180 2369 iusto
1205 2336 1266 2367 Dei
1290 2339 1337 2368 iu-

377 2385 458 2416 dicio
489 2385 557 2416 fieri
588 2384 732 2415 videmus
765 2391 799 2413 ut
830 2382 967 2422 improbi
1000 2381 1147 2412 homines
1176 2380 1209 2411 in
1239 2379 1337 2411 bonos

377 2427 574 2459 dominatum
599 2427 774 2461 obtineant,
806 2432 837 2455 et
868 2429 1000 2465 propter
1023 2424 1193 2464 impiorum
1221 2423 1336 2462 iniqui-

379 2477 478 2501 tatem
503 2470 577 2501 boni
600 2470 638 2501 ab
663 2470 739 2509 ipsis
761 2469 956 2509 affligantur.
1002 2466 1103 2498 Cuius
1134 2466 1177 2496 rei
1207 2476 1337 2505 exemp-

379 2514 447 2544 lum
470 2514 502 2543 in
528 2513 604 2543 Iobo
629 2520 677 2543 est
705 2511 923 2551 conspicuum,
952 2516 983 2541 et
1008 2516 1083 2540 nota
1106 2508 1243 2539 Davidis
1267 2519 1338 2548 pro-

380 2557 494 2595 phetae
514 2555 642 2595 querela
655 2554 739 2585 Psal.
755 2554 803 2592 12,
823 2553 877 2585 ubi
900 2552 1095 2584 horrendam
1117 2550 1338 2583 confusionem

380 2599 412 2628 iu
436 2598 600 2630 ecelesiam
626 2598 785 2628 invectam
808 2596 1028 2635 conqueritur,
1057 2601 1088 2625 et
1115 2594 1210 2634 plena
1232 2593 1339 2624 omnia

1202 193 1404 226 HOMILIA
1426 193 1519 226 LIX.

2294 195 2354 227 176

1384 289 1454 327 pios
1478 287 1678 325 desaeviunt,
1703 294 1737 318 ut
1762 288 1812 319 ius
1835 296 1865 318 et
1890 297 2026 326 aequum
2051 297 2148 318 omne
2167 288 2354 321 subvertere

1384 330 1563 361 videantur.
1601 330 1688 371 Ergo
1708 331 1836 361 divinae
1857 330 2091 361 benedictionis
2111 331 2352 364 evidentissima

1383 373 1468 403 inter
1492 372 1640 403 homines
1662 373 1754 413 signa
1779 374 1897 411 lucent,
1922 382 2020 412 quum
2045 373 2066 403 ii
2091 373 2144 412 qui
2164 373 2203 403 ad
2224 373 2350 412 publica

1382 426 1517 446 munera
1541 422 1708 452 vocantur,
1732 423 1809 447 sunt
1830 416 1933 446 idonei
1954 421 1984 445 et
2004 424 2097 454 pares
2117 415 2181 446 illis
2199 415 2348 454 serendis,

1386 464 1417 488 ct
1449 457 1673 498 intelligentia,
1701 459 1843 495 consilio.
1876 458 1999 488 viribus
2028 464 2061 488 et
2085 458 2252 489 voluntate
2275 469 2348 499 per-

1383 502 1566 537 severandi,
1597 508 1627 530 et
1658 500 1762 532 cordis
1792 501 1977 532 sinceritate
2007 507 2037 530 et
2071 501 2257 541 integritate
2292 501 2347 533 do-

1385 551 1513 574 nantur.
1559 542 1683 574 Contra
1714 554 1789 574 vero
1825 544 1953 574 divinae
1986 542 2126 578 ultionis,
2161 554 2258 583 quum
2291 545 2345 585 qui

1385 586 1447 616 iuri
1483 585 1621 616 dicundo
1657 587 1896 625 praeficiuntur,
1932 585 2156 625 magistratus,
2192 597 2283 625 reges
2313 592 2346 618 et

1354 666 1355 670 Ἰ
1381 629 1543 668 principes
1558 629 1732 660 virtutibus
1745 629 1933 660 necessariis
1953 628 2182 666 destituuntur,
2201 636 2232 660 et
2245 630 2346 661 instar

1385 672 1554 715 brutorum
1579 681 1636 710 pro
1660 671 1790 702 libidine
1810 672 1968 703 feruntur.

1467 714 1631 754 Sequitur,
1653 714 1786 753 spiritus
1804 717 1905 745 autem
1918 714 2048 746 Domini
2066 715 2187 745 recessit
2205 725 2225 745 a
2238 713 2343 754 Saule,

1354 771 1355 802 j
1381 759 1406 787 et
1439 755 1612 796 esayitabat
1646 767 1715 787 eum
1743 757 1874 797 spiritus
1907 766 2037 796 nequam
2064 767 2083 787 a
2105 755 2249 789 Domino.
2302 757 2340 789 In

1381 799 1497 839 quibus
1521 799 1628 830 verbis
1651 798 1886 831 observandum
1907 799 1990 839 quod
2011 806 2084 829 aute
2104 799 2207 839 attigi,
2226 810 2342 840 nempe

1380 841 1651 881 quemadmodum
1675 841 1764 873 Deus
1795 842 1877 873 dona
1906 853 1964 873 sua
1994 842 2137 873 cumulat
2168 843 2198 872 in
2223 843 2260 873 iis
2285 843 2341 883 qui

1382 884 1519 915 fideliter
1542 884 1602 924 ipsi
1627 885 1818 922 inserviunt,
1852 887 1895 916 ita
1925 885 2063 916 vicissim
2088 884 2198 915 eadem
2222 885 2261 916 iis
2285 896 2341 916 au·

1382 927 1467 958 ferre
1489 928 1542 967 qui
1567 927 1600 958 in
1626 927 1731 958 officio
1755 936 1964 968 scgnescunt:
1990 938 2029 958 ne
2048 927 2140 958 nobis
2155 927 2258 958 Deum
2271 938 2340 960 esse

1381 970 1565 1002 devinctum
1590 969 1792 1001 arbitremur.
1827 970 1916 1001 Deus
1939 969 2067 1010 quidem
2091 979 2167 1001 sane
2190 970 2340 1002 munifice

1380 1020 1412 1043 et
1441 1013 1530 1053 large
1561 1022 1618 1043 sua
1647 1012 1731 1043 dona
1761 1013 1911 1053 largitur:
1941 1013 1996 1044 sed
2028 1012 2167 1043 vicissim
2199 1023 2218 1044 a
2248 1013 2339 1045 nobie

1380 1062 1503 1086 rectum
1528 1055 1655 1086 illorum
1680 1065 1775 1086 usum
1806 1055 1953 1096 postulat,
1982 1063 2018 1086 ut
2047 1054 2085 1085 ad
2117 1065 2210 1086 suum
2241 1056 2338 1087 finem

1380 1099 1574 1129 referantur.
1620 1097 1732 1138 Neque
1766 1099 1849 1129 enim
1879 1099 1983 1130 sancti
2014 1098 2062 1129 sui
2093 1098 2226 1138 spiritus
2249 1099 2340 1130 donis

1381 1151 1438 1172 nos
1458 1141 1599 1178 instruit,
1624 1146 1661 1171 ut
1683 1152 1723 1171 ex
1745 1140 1785 1172 iis
1808 1143 1944 1182 gratiam
1967 1147 2000 1172 et
2023 1141 2228 1172 autoritatem
2251 1140 2336 1181 apud

1380 1184 1526 1214 homines
1549 1193 1750 1224 quaeramus,
1778 1190 1833 1214 aut
1859 1184 1991 1224 privatis
2013 1183 2188 1215 commodis
2210 1184 2336 1215 studea-

1380 1237 1462 1264 mus,
1487 1226 1536 1257 vel
1561 1226 1730 1257 affectibus
1753 1226 1861 1266 pravis
1882 1225 2124 1267 indulgeamus:
2148 1225 2203 1258 sed
2226 1234 2339 1258 contra

1381 1270 1486 1309 potius
1508 1274 1543 1300 ut
1565 1280 1604 1300 ex
1623 1269 1664 1299 iis
1677 1268 1738 1300 Dei
1759 1279 1875 1300 nomen
1899 1269 2104 1310 glorificetur.
2128 1277 2160 1300 et
2183 1271 2214 1300 in
2239 1269 2340 1301 totius

1381 1312 1489 1352 populi
1530 1311 1731 1342 commodum
1775 1319 1806 1342 et
1840 1311 2010 1343 utilitatem
2047 1311 2170 1344 cedant.
2226 1311 2340 1352 Neque

1381 1356 1466 1385 enim
1489 1355 1578 1386 nobis
1598 1356 1664 1385 nati
1684 1365 1795 1385 sumus
1813 1354 1868 1385 sed
1888 1354 2042 1395 proximis
2065 1355 2096 1385 in
2116 1365 2153 1386 ea
2173 1356 2339 1386 vocatione

1381 1397 1421 1428 ad
1453 1408 1548 1437 quam
1579 1396 1650 1428 Deo
1684 1407 1743 1428 nos
1779 1408 1890 1429 vocare
1919 1397 2083 1437 placuerit.
2136 1397 2340 1438 Quapropter

1382 1440 1521 1472 fideliter
1543 1440 1684 1471 officium
1714 1440 1873 1476 facientes,
1909 1440 2031 1480 Deique
2061 1440 2145 1471 dona
2175 1439 2214 1471 ad
2239 1440 2340 1481 legiti-

1382 1493 1471 1514 mum
1500 1483 1599 1514 finem
1630 1482 1815 1519 referentes,
1851 1482 1914 1514 Dei
1945 1483 2097 1513 nimirum
2133 1482 2268 1523 gloriam
2308 1490 2341 1514 et

1382 1526 1603 1565 proximorum
1635 1525 1817 1562 utilitatem,
1851 1531 1975 1557 certum
2006 1532 2053 1557 est
2082 1526 2115 1556 in
2139 1536 2173 1556 se
2196 1524 2279 1566 quod
2302 1524 2341 1556 de

1383 1568 1509 1600 Davide
1540 1568 1689 1605 diximus,
1724 1568 1880 1599 donorum
1912 1568 1973 1599 Dei
2003 1568 2278 1600 continuat-ionem
2308 1572 2342 1599 et

1383 1611 1678 1651 amplificationem,
1706 1621 1771 1642 non
1802 1610 1841 1641 ad
1871 1611 1954 1642 diem
1987 1622 2086 1642 unum
2115 1616 2171 1641 aut
2193 1611 2340 1650 alterum,

1383 1654 1438 1685 sed
1463 1654 1574 1695 longos
1597 1664 1698 1685 annos
1719 1659 1750 1684 et
1769 1654 1807 1684 ad
1827 1654 1978 1684 ultimum
1997 1664 2096 1694 usque
2115 1653 2200 1684 vitae
2212 1659 2341 1685 nostrae

1384 1698 1535 1737 spiritum
1558 1702 1758 1737 experturos.
1793 1696 1914 1728 Contra.
1936 1707 2013 1727 vero
2036 1697 2089 1736 qui
2114 1695 2247 1728 Saulem
2270 1696 2341 1727 imi-

1385 1745 1507 1779 tantur,
1530 1745 1563 1770 et
1585 1750 1683 1779 quum
1706 1739 1797 1770 initio
1822 1749 1974 1780 maguum
1998 1738 2075 1779 quid
2099 1738 2137 1770 de
2160 1749 2194 1770 se
2213 1738 2340 1779 pollice-

1385 1788 1508 1823 rentur,
1539 1789 1570 1813 et
1598 1782 1727 1813 virtutis
1756 1782 1912 1822 quaedam
1943 1782 2035 1821 signa
2062 1781 2203 1818 ederent,
2227 1779 2342 1813 deinde

1385 1825 1549 1862 deficiunt,
1573 1831 1604 1856 et
1627 1825 1758 1865 segnius
1779 1825 1920 1856 officium
1944 1825 2072 1860 faciunt,
2095 1831 2127 1855 et
2146 1824 2342 1865 pedetentim

1385 1879 1404 1899 a
1427 1874 1514 1900 recto
1545 1867 1743 1909 degenerant
1771 1873 1803 1899 et
1832 1867 2015 1906 deflectunt,
2046 1867 2108 1898 illis
2131 1867 2226 1898 etiam
2250 1866 2343 1898 donis

1385 1921 1466 1951 quae
1497 1911 1585 1950 prius
1616 1916 1805 1950 acceperant
1828 1920 1847 1940 a
1869 1910 1940 1941 Deo
1969 1910 2152 1950 spoliandos
2185 1920 2255 1941 esse
2276 1920 2342 1941 non

1386 1960 1435 1984 est
1465 1954 1608 1984 dubium.
1653 1953 1764 1993 Neque
1794 1953 1880 1984 enim
1910 1963 1992 1992 quae
2023 1963 2040 1983 a
2065 1953 2134 1984 Deo
2164 1952 2343 1992 accepimus

1386 1996 1469 2027 dona
1499 2002 1654 2036 perpetua
1685 2001 1759 2027 sunt
1793 1995 1916 2033 futura,
1951 1995 2012 2026 nisi
2041 2000 2170 2036 accepta
2191 1995 2238 2026 illi
2261 1994 2343 2026 fera-

1387 2050 1466 2077 mus,
1489 2045 1522 2069 et
1544 2045 1609 2069 tam
1633 2037 1727 2071 corde
1749 2048 1845 2079 quam
1868 2049 1922 2069 ore
1945 2038 2178 2077 praedicemus:
2203 2048 2256 2068 ore
2275 2037 2344 2077 qui-

1388 2082 1460 2112 dem
1487 2083 1677 2113 confitentes
1701 2091 1758 2112 nos
1780 2079 1934 2121 quidquid
1964 2080 2122 2111 habemus
2144 2080 2183 2111 ab
2205 2080 2272 2120 ipse
2292 2090 2344 2111 ac-

1386 2125 1523 2165 cepisse:
1558 2123 1653 2156 corde
1686 2135 1760 2155 vero
1792 2133 1907 2154 nomen
1938 2123 2039 2163 ipsius
2063 2123 2288 2163 glorificantes,
2312 2128 2345 2153 et

1387 2178 1423 2198 ea
1463 2168 1494 2197 in
1536 2168 1756 2207 proximorum
1795 2176 1885 2197 usum
1919 2165 2003 2206 quod
2034 2165 2135 2196 nostri
2165 2172 2214 2196 est
2249 2165 2345 2196 officii

1387 2215 1618 2241 convertentes.
1653 2209 1762 2249 Quare
1785 2209 1846 2240 nisi
1870 2218 2078 2249 quaecunque
2102 2207 2256 2239 habemus
2274 2207 2345 2239 Deo

1388 2261 1517 2292 accepta
1540 2252 1623 2283 dona
1647 2252 1787 2283 feramus
1816 2257 1851 2282 ut
1873 2261 1930 2291 par
1959 2257 2017 2287 est,
2048 2256 2170 2282 certum
2202 2256 2250 2282 est
2280 2250 2345 2282 illis

1389 2306 1446 2326 uos
1483 2295 1530 2326 vel
1566 2301 1728 2326 momento
1762 2293 1945 2335 privandos.
1998 2293 2118 2332 Ecquis
2152 2293 2250 2333 igitur
2279 2303 2344 2325 non

1390 2339 1503 2369 metuit
1526 2337 1595 2375 sibi,
1626 2338 1698 2378 quis
1722 2348 1785 2368 non
1810 2336 1950 2368 horrebit
1971 2336 2180 2367 considerans
2201 2347 2284 2376 quae
2306 2335 2345 2367 de

1390 2381 1488 2411 Saule
1512 2380 1674 2416 dicuntur,
1699 2391 1823 2422 nempe,
1855 2379 2023 2410 recessisse
2046 2379 2085 2409 ab
2109 2379 2177 2419 ipso
2200 2378 2261 2410 Dei
2284 2378 2345 2419 spi-

1390 2423 1497 2454 ritum.
1548 2423 1672 2454 Verum
1707 2422 1837 2463 quidem
1871 2421 1955 2453 istud
1990 2426 2055 2458 est,
2090 2421 2153 2452 Dei
2187 2422 2346 2461 spiritum,

1389 2473 1547 2504 quatenus
1570 2471 1618 2497 est
1642 2465 1734 2496 uobis
1757 2464 1895 2496 arrhabo
1918 2464 2004 2495 vitae
2027 2464 2174 2495 eoelestis
2193 2463 2345 2504 quamdiu

1392 2508 1473 2539 hauc
1497 2509 1597 2539 vitam
1621 2508 1774 2540 caducam
1799 2508 1948 2544 vivimus,
1978 2506 2073 2538 modo
2104 2517 2180 2538 vere
2209 2507 2248 2538 ab
2278 2507 2347 2547 ipso

1391 2551 1526 2589 regeniti
1545 2551 1654 2588 simus,
1675 2560 1839 2590 nunquam
1859 2549 1949 2581 nobis
1970 2549 2196 2580 auferendum:
2222 2559 2348 2580 verum-

1392 2598 1498 2623 tamen
1523 2593 1555 2624 in
1578 2593 1794 2625 sollicitudine
1817 2599 1848 2624 et
1871 2592 1983 2623 timore
2001 2591 2166 2623 ambulare
2185 2602 2243 2623 nos
2261 2591 2349 2623 iubet.

380 2651 448 2671 esse
473 2641 626 2681 improbis
656 2640 708 2680 qui
733 2639 952 2674 dominantur,
983 2645 1015 2669 et
1045 2637 1127 2668 laxis
1150 2635 1282 2667 habenis
1307 2636 1338 2666 in
1362 2635 1365 2663 l
1391 2636 1563 2674 apostolus,
1593 2647 1633 2668 ne
1657 2646 1881 2677 segnescamus
1905 2634 2072 2674 Deumque
2096 2641 2348 2672 contemnamus,
