<?xml version="1.0" encoding="UTF-8"?>
<!DOCTYPE html PUBLIC "-//W3C//DTD XHTML 1.0 Transitional//EN"
    "http://www.w3.org/TR/xhtml1/DTD/xhtml1-transitional.dtd">
<html xmlns="http://www.w3.org/1999/xhtml" xml:lang="en" lang="en">
 <head>
  <title>
</title>
<meta http-equiv="Content-Type" content="text/html;charset=utf-8" />
  <meta name='ocr-system' content='tesseract 3.04.00' />
  <meta name='ocr-capabilities' content='ocr_page ocr_carea ocr_par ocr_line ocrx_word'/>
</head>
<body>
  <div class='ocr_page' id='page_1' title='image "./ioanniscalviniop30calv_0308.png"; bbox 0 0 2551 3044; ppageno 0'>
   <div class='ocr_carea' id='block_1_1' title="bbox 404 235 2391 271">
    <p class='ocr_par' dir='ltr' id='par_1_1' title="bbox 404 235 2391 271">
     <span class='ocr_line' id='line_1_1' title="bbox 404 235 2391 271; baseline -0.001 -1"><span class='ocrx_word' id='word_1_1' title='bbox 404 238 466 271; x_wconf 85' lang='lat'><strong>595</strong></span> <span class='ocrx_word' id='word_1_2' title='bbox 1235 235 1439 268; x_wconf 82' lang='lat' dir='ltr'><strong>HOMILIA</strong></span> <span class='ocrx_word' id='word_1_3' title='bbox 1462 235 1566 267; x_wconf 83' lang='lat' dir='ltr'>XCV.</span> <span class='ocrx_word' id='word_1_4' title='bbox 2327 236 2391 268; x_wconf 85' lang='lat'><strong>596</strong></span> 
     </span>
    </p>
   </div>
   <div class='ocr_carea' id='block_1_2' title="bbox 403 331 1374 1616">
    <p class='ocr_par' dir='ltr' id='par_1_2' title="bbox 403 331 1374 1616">
     <span class='ocr_line' id='line_1_2' title="bbox 403 331 1374 373; baseline -0.001 -9"><span class='ocrx_word' id='word_1_5' title='bbox 403 340 435 365; x_wconf 83' lang='lat' dir='ltr'><strong>ct</strong></span> <span class='ocrx_word' id='word_1_6' title='bbox 459 334 606 364; x_wconf 81' lang='lat' dir='ltr'><strong>ferociter</strong></span> <span class='ocrx_word' id='word_1_7' title='bbox 630 338 740 373; x_wconf 74' lang='lat' dir='ltr'><strong>agunt.</strong></span> <span class='ocrx_word' id='word_1_8' title='bbox 779 333 886 372; x_wconf 82' lang='lat' dir='ltr'>Atque</span> <span class='ocrx_word' id='word_1_9' title='bbox 904 331 963 362; x_wconf 87' lang='lat' dir='ltr'><strong>sub</strong></span> <span class='ocrx_word' id='word_1_10' title='bbox 988 332 1117 362; x_wconf 89' lang='lat' dir='ltr'><strong>nomine</strong></span> <span class='ocrx_word' id='word_1_11' title='bbox 1140 331 1288 363; x_wconf 86' lang='lat' dir='ltr'><strong>sacrificii</strong></span> <span class='ocrx_word' id='word_1_12' title='bbox 1311 332 1374 364; x_wconf 83' lang='lat' dir='ltr'><strong>ista</strong></span> 
     </span>
     <span class='ocr_line' id='line_1_3' title="bbox 404 374 1374 414; baseline -0.001 -7"><span class='ocrx_word' id='word_1_13' title='bbox 404 377 467 407; x_wconf 91' lang='lat' dir='ltr'><strong>duo</strong></span> <span class='ocrx_word' id='word_1_14' title='bbox 491 376 710 413; x_wconf 72' lang='lat' dir='ltr'><strong>continentur,</strong></span> <span class='ocrx_word' id='word_1_15' title='bbox 735 382 938 414; x_wconf 72' lang='lat' dir='ltr'><strong>peccatorum</strong></span> <span class='ocrx_word' id='word_1_16' title='bbox 963 374 1118 405; x_wconf 87' lang='lat' dir='ltr'><strong>nimirum</strong></span> <span class='ocrx_word' id='word_1_17' title='bbox 1142 374 1310 412; x_wconf 81' lang='lat' dir='ltr'><strong>confessio,</strong></span> <span class='ocrx_word' id='word_1_18' title='bbox 1342 379 1374 406; x_wconf 87' lang='lat' dir='ltr'><strong>et</strong></span> 
     </span>
     <span class='ocr_line' id='line_1_4' title="bbox 404 416 1373 458; baseline -0.001 -9"><span class='ocrx_word' id='word_1_19' title='bbox 404 419 534 450; x_wconf 79' lang='lat' dir='ltr'><strong>divinae</strong></span> <span class='ocrx_word' id='word_1_20' title='bbox 559 418 800 448; x_wconf 62' lang='lat' dir='ltr'>misericordiae</span> <span class='ocrx_word' id='word_1_21' title='bbox 825 417 1017 457; x_wconf 78' lang='lat' dir='ltr'><strong>deprecatio,</strong></span> <span class='ocrx_word' id='word_1_22' title='bbox 1049 423 1083 448; x_wconf 92' lang='lat' dir='ltr'><strong>ut</strong></span> <span class='ocrx_word' id='word_1_23' title='bbox 1116 417 1252 458; x_wconf 82' lang='lat' dir='ltr'><strong>ipsemet</strong></span> <span class='ocrx_word' id='word_1_24' title='bbox 1282 416 1373 449; x_wconf 91' lang='lat' dir='ltr'><strong>nobis</strong></span> 
     </span>
     <span class='ocr_line' id='line_1_5' title="bbox 403 460 1373 501; baseline -0.003 -8"><span class='ocrx_word' id='word_1_25' title='bbox 403 461 443 494; x_wconf 79' lang='lat' dir='ltr'><strong>ad</strong></span> <span class='ocrx_word' id='word_1_26' title='bbox 467 472 500 492; x_wconf 80' lang='lat' dir='ltr'><strong>se</strong></span> <span class='ocrx_word' id='word_1_27' title='bbox 524 461 764 501; x_wconf 77' lang='lat' dir='ltr'><strong>deprecandum</strong></span> <span class='ocrx_word' id='word_1_28' title='bbox 790 467 821 491; x_wconf 91' lang='lat' dir='ltr'><strong>et</strong></span> <span class='ocrx_word' id='word_1_29' title='bbox 847 460 976 491; x_wconf 82' lang='lat' dir='ltr'><strong>veniam</strong></span> <span class='ocrx_word' id='word_1_30' title='bbox 1000 460 1257 499; x_wconf 82' lang='lat' dir='ltr'><strong>consequendam</strong></span> <span class='ocrx_word' id='word_1_31' title='bbox 1288 460 1373 491; x_wconf 87' lang='lat' dir='ltr'><strong>viam</strong></span> 
     </span>
     <span class='ocr_line' id='line_1_6' title="bbox 403 502 1372 544; baseline -0.001 -9"><span class='ocrx_word' id='word_1_32' title='bbox 403 505 536 544; x_wconf 81' lang='lat' dir='ltr'><strong>aperiat.</strong></span> <span class='ocrx_word' id='word_1_33' title='bbox 603 504 704 534; x_wconf 84' lang='lat' dir='ltr'><strong>Porro</strong></span> <span class='ocrx_word' id='word_1_34' title='bbox 747 502 830 543; x_wconf 84' lang='lat' dir='ltr'><strong>quod</strong></span> <span class='ocrx_word' id='word_1_35' title='bbox 881 502 920 533; x_wconf 87' lang='lat' dir='ltr'><strong>ad</strong></span> <span class='ocrx_word' id='word_1_36' title='bbox 953 504 1089 534; x_wconf 82' lang='lat' dir='ltr'><strong>alteram</strong></span> <span class='ocrx_word' id='word_1_37' title='bbox 1129 503 1218 534; x_wconf 90' lang='lat' dir='ltr'><strong>illam</strong></span> <span class='ocrx_word' id='word_1_38' title='bbox 1249 509 1372 543; x_wconf 82' lang='lat' dir='ltr'><strong>partem</strong></span> 
     </span>
     <span class='ocr_line' id='line_1_7' title="bbox 403 545 1372 586; baseline -0.001 -8"><span class='ocrx_word' id='word_1_39' title='bbox 403 549 536 583; x_wconf 69' lang='lat' dir='ltr'><strong>attinet,</strong></span> <span class='ocrx_word' id='word_1_40' title='bbox 583 547 621 578; x_wconf 86' lang='lat' dir='ltr'><strong>de</strong></span> <span class='ocrx_word' id='word_1_41' title='bbox 660 547 844 577; x_wconf 81' lang='lat' dir='ltr'><strong>hominibus</strong></span> <span class='ocrx_word' id='word_1_42' title='bbox 885 556 1021 586; x_wconf 87' lang='lat' dir='ltr'><strong>quorum</strong></span> <span class='ocrx_word' id='word_1_43' title='bbox 1064 556 1161 577; x_wconf 90' lang='lat' dir='ltr'><strong>manu</strong></span> <span class='ocrx_word' id='word_1_44' title='bbox 1202 545 1291 578; x_wconf 88' lang='lat' dir='ltr'><strong>Deus</strong></span> <span class='ocrx_word' id='word_1_45' title='bbox 1333 545 1372 577; x_wconf 89' lang='lat' dir='ltr'><strong>ad</strong></span> 
     </span>
     <span class='ocr_line' id='line_1_8' title="bbox 404 589 1373 630; baseline -0.002 -8"><span class='ocrx_word' id='word_1_46' title='bbox 404 602 462 622; x_wconf 89' lang='lat' dir='ltr'><strong>nos</strong></span> <span class='ocrx_word' id='word_1_47' title='bbox 486 590 678 630; x_wconf 71' lang='lat' dir='ltr'><strong>affligendos</strong></span> <span class='ocrx_word' id='word_1_48' title='bbox 711 591 824 626; x_wconf 83' lang='lat' dir='ltr'><strong>utitur,</strong></span> <span class='ocrx_word' id='word_1_49' title='bbox 859 589 956 619; x_wconf 79' lang='lat' dir='ltr'><strong>ultius</strong></span> <span class='ocrx_word' id='word_1_50' title='bbox 986 589 1084 619; x_wconf 82' lang='lat' dir='ltr'><strong>etiam</strong></span> <span class='ocrx_word' id='word_1_51' title='bbox 1113 599 1284 630; x_wconf 76' lang='lat' dir='ltr'>assurgere</span> <span class='ocrx_word' id='word_1_52' title='bbox 1314 600 1373 620; x_wconf 89' lang='lat' dir='ltr'><strong>nos</strong></span> 
     </span>
     <span class='ocr_line' id='line_1_9' title="bbox 404 631 1372 674; baseline -0.001 -11"><span class='ocrx_word' id='word_1_53' title='bbox 404 639 540 674; x_wconf 79' lang='lat' dir='ltr'><strong>oportet,</strong></span> <span class='ocrx_word' id='word_1_54' title='bbox 565 641 597 664; x_wconf 90' lang='lat' dir='ltr'><strong>et</strong></span> <span class='ocrx_word' id='word_1_55' title='bbox 621 643 720 673; x_wconf 61' lang='lat' dir='ltr'><strong>supra</strong></span> <span class='ocrx_word' id='word_1_56' title='bbox 745 632 902 662; x_wconf 87' lang='lat' dir='ltr'><strong>mundum</strong></span> <span class='ocrx_word' id='word_1_57' title='bbox 928 632 1047 670; x_wconf 85' lang='lat' dir='ltr'><strong>efferri,</strong></span> <span class='ocrx_word' id='word_1_58' title='bbox 1077 638 1108 662; x_wconf 89' lang='lat' dir='ltr'><strong>et</strong></span> <span class='ocrx_word' id='word_1_59' title='bbox 1139 632 1222 664; x_wconf 83' lang='lat' dir='ltr'><strong>hanc</strong></span> <span class='ocrx_word' id='word_1_60' title='bbox 1253 631 1372 664; x_wconf 89' lang='lat' dir='ltr'><strong>doctri-</strong></span> 
     </span>
     <span class='ocr_line' id='line_1_10' title="bbox 403 674 1373 716; baseline -0.003 -8"><span class='ocrx_word' id='word_1_61' title='bbox 403 688 479 708; x_wconf 90' lang='lat' dir='ltr'><strong>nam</strong></span> <span class='ocrx_word' id='word_1_62' title='bbox 504 686 670 716; x_wconf 84' lang='lat' dir='ltr'><strong>usurpare,</strong></span> <span class='ocrx_word' id='word_1_63' title='bbox 696 681 825 715; x_wconf 78' lang='lat' dir='ltr'><strong>peccata</strong></span> <span class='ocrx_word' id='word_1_64' title='bbox 851 679 962 706; x_wconf 85' lang='lat' dir='ltr'><strong>nostra</strong></span> <span class='ocrx_word' id='word_1_65' title='bbox 985 675 1176 706; x_wconf 84' lang='lat' dir='ltr'><strong>confitentes</strong></span> <span class='ocrx_word' id='word_1_66' title='bbox 1199 674 1373 714; x_wconf 81' lang='lat' dir='ltr'><strong>Deumque</strong></span> 
     </span>
     <span class='ocr_line' id='line_1_11' title="bbox 403 717 1372 756; baseline -0.003 -5"><span class='ocrx_word' id='word_1_67' title='bbox 403 720 582 756; x_wconf 74' lang='lat' dir='ltr'>laudantes,</span> <span class='ocrx_word' id='word_1_68' title='bbox 615 726 647 749; x_wconf 90' lang='lat' dir='ltr'><strong>ut</strong></span> <span class='ocrx_word' id='word_1_69' title='bbox 679 718 755 750; x_wconf 84' lang='lat' dir='ltr'><strong>lieet</strong></span> <span class='ocrx_word' id='word_1_70' title='bbox 779 728 853 748; x_wconf 77' lang='lat' dir='ltr'><strong>vere</strong></span> <span class='ocrx_word' id='word_1_71' title='bbox 883 728 991 749; x_wconf 87' lang='lat' dir='ltr'><strong>coram</strong></span> <span class='ocrx_word' id='word_1_72' title='bbox 1015 717 1085 749; x_wconf 87' lang='lat' dir='ltr'><strong>Deo</strong></span> <span class='ocrx_word' id='word_1_73' title='bbox 1116 723 1148 749; x_wconf 87' lang='lat' dir='ltr'><strong>et</strong></span> <span class='ocrx_word' id='word_1_74' title='bbox 1178 717 1372 755; x_wconf 86' lang='lat' dir='ltr'><strong>hominibus,</strong></span> 
     </span>
     <span class='ocr_line' id='line_1_12' title="bbox 404 761 1373 801; baseline -0.004 -7"><span class='ocrx_word' id='word_1_75' title='bbox 404 763 516 794; x_wconf 85' lang='lat' dir='ltr'><strong>testari</strong></span> <span class='ocrx_word' id='word_1_76' title='bbox 552 762 711 801; x_wconf 68' lang='lat' dir='ltr'><strong>possimus</strong></span> <span class='ocrx_word' id='word_1_77' title='bbox 747 761 895 792; x_wconf 83' lang='lat' dir='ltr'><strong>inimicos</strong></span> <span class='ocrx_word' id='word_1_78' title='bbox 935 767 1063 792; x_wconf 84' lang='lat' dir='ltr'><strong>nostros</strong></span> <span class='ocrx_word' id='word_1_79' title='bbox 1103 761 1190 792; x_wconf 90' lang='lat' dir='ltr'><strong>nulla</strong></span> <span class='ocrx_word' id='word_1_80' title='bbox 1231 762 1321 801; x_wconf 86' lang='lat' dir='ltr'><strong>prius</strong></span> <span class='ocrx_word' id='word_1_81' title='bbox 1355 770 1373 790; x_wconf 88' lang='lat' dir='ltr'><strong>a</strong></span> 
     </span>
     <span class='ocr_line' id='line_1_13' title="bbox 404 803 1371 844; baseline -0.002 -8"><span class='ocrx_word' id='word_1_82' title='bbox 404 806 497 837; x_wconf 88' lang='lat' dir='ltr'><strong>nobis</strong></span> <span class='ocrx_word' id='word_1_83' title='bbox 529 816 631 843; x_wconf 82' lang='lat' dir='ltr'><strong>ucquc</strong></span> <span class='ocrx_word' id='word_1_84' title='bbox 663 803 861 834; x_wconf 71' lang='lat' dir='ltr'><strong>contumelia</strong></span> <span class='ocrx_word' id='word_1_85' title='bbox 892 814 994 844; x_wconf 86' lang='lat' dir='ltr'><strong>neque</strong></span> <span class='ocrx_word' id='word_1_86' title='bbox 1024 804 1143 834; x_wconf 86' lang='lat' dir='ltr'><strong>iniuria</strong></span> <span class='ocrx_word' id='word_1_87' title='bbox 1172 811 1371 844; x_wconf 77' lang='lat' dir='ltr'><strong>provocatos,</strong></span> 
     </span>
     <span class='ocr_line' id='line_1_14' title="bbox 404 846 1372 887; baseline -0.002 -8"><span class='ocrx_word' id='word_1_88' title='bbox 404 854 511 879; x_wconf 84' lang='lat' dir='ltr'><strong>tamen</strong></span> <span class='ocrx_word' id='word_1_89' title='bbox 542 848 566 877; x_wconf 69' lang='lat' dir='ltr'><strong>si</strong></span> <span class='ocrx_word' id='word_1_90' title='bbox 593 848 662 878; x_wconf 81' lang='lat' dir='ltr'><strong>Deo</strong></span> <span class='ocrx_word' id='word_1_91' title='bbox 685 846 839 886; x_wconf 73' lang='lat' dir='ltr'>placuerit</span> <span class='ocrx_word' id='word_1_92' title='bbox 873 857 931 878; x_wconf 83' lang='lat' dir='ltr'><strong>nos</strong></span> <span class='ocrx_word' id='word_1_93' title='bbox 959 847 1128 887; x_wconf 83' lang='lat' dir='ltr'><strong>castigare,</strong></span> <span class='ocrx_word' id='word_1_94' title='bbox 1159 846 1281 886; x_wconf 85' lang='lat' dir='ltr'><strong>placido</strong></span> <span class='ocrx_word' id='word_1_95' title='bbox 1313 857 1372 877; x_wconf 89' lang='lat' dir='ltr'><strong>nos</strong></span> 
     </span>
     <span class='ocr_line' id='line_1_15' title="bbox 404 889 1370 931; baseline -0.002 -9"><span class='ocrx_word' id='word_1_96' title='bbox 404 891 502 931; x_wconf 72' lang='lat' dir='ltr'><strong>ipsius</strong></span> <span class='ocrx_word' id='word_1_97' title='bbox 527 890 654 921; x_wconf 89' lang='lat' dir='ltr'><strong>iudiciis</strong></span> <span class='ocrx_word' id='word_1_98' title='bbox 678 890 909 920; x_wconf 72' lang='lat' dir='ltr'><strong>submittamus</strong></span> <span class='ocrx_word' id='word_1_99' title='bbox 929 889 989 921; x_wconf 91' lang='lat' dir='ltr'><strong>hoc</strong></span> <span class='ocrx_word' id='word_1_100' title='bbox 1014 900 1078 920; x_wconf 91' lang='lat' dir='ltr'><strong>uno</strong></span> <span class='ocrx_word' id='word_1_101' title='bbox 1101 889 1243 920; x_wconf 87' lang='lat' dir='ltr'><strong>contenti</strong></span> <span class='ocrx_word' id='word_1_102' title='bbox 1262 889 1370 920; x_wconf 77' lang='lat' dir='ltr'><strong>Deum</strong></span> 
     </span>
     <span class='ocr_line' id='line_1_16' title="bbox 405 932 1371 973; baseline -0.003 -8"><span class='ocrx_word' id='word_1_103' title='bbox 405 934 487 965; x_wconf 82' lang='lat' dir='ltr'><strong>velle</strong></span> <span class='ocrx_word' id='word_1_104' title='bbox 511 944 528 964; x_wconf 82' lang='lat' dir='ltr'><strong>a</strong></span> <span class='ocrx_word' id='word_1_105' title='bbox 552 934 643 964; x_wconf 89' lang='lat' dir='ltr'><strong>nobis</strong></span> <span class='ocrx_word' id='word_1_106' title='bbox 667 933 713 964; x_wconf 86' lang='lat' dir='ltr'><strong>sic</strong></span> <span class='ocrx_word' id='word_1_107' title='bbox 736 933 920 973; x_wconf 79' lang='lat' dir='ltr'><strong>glorificari.</strong></span> <span class='ocrx_word' id='word_1_108' title='bbox 955 932 1062 973; x_wconf 81' lang='lat' dir='ltr'>Atque</span> <span class='ocrx_word' id='word_1_109' title='bbox 1085 932 1181 963; x_wconf 84' lang='lat' dir='ltr'><strong>huius</strong></span> <span class='ocrx_word' id='word_1_110' title='bbox 1206 933 1371 963; x_wconf 84' lang='lat' dir='ltr'><strong>doctrinae</strong></span> 
     </span>
     <span class='ocr_line' id='line_1_17' title="bbox 403 975 1370 1016; baseline -0.002 -8"><span class='ocrx_word' id='word_1_111' title='bbox 403 976 589 1016; x_wconf 85' lang='lat' dir='ltr'><strong>exemplum</strong></span> <span class='ocrx_word' id='word_1_112' title='bbox 613 976 682 1016; x_wconf 84' lang='lat' dir='ltr'><strong>ipse</strong></span> <span class='ocrx_word' id='word_1_113' title='bbox 695 975 802 1007; x_wconf 85' lang='lat' dir='ltr'><strong>David</strong></span> <span class='ocrx_word' id='word_1_114' title='bbox 817 975 910 1006; x_wconf 87' lang='lat' dir='ltr'><strong>nobis</strong></span> <span class='ocrx_word' id='word_1_115' title='bbox 934 976 967 1006; x_wconf 91' lang='lat' dir='ltr'><strong>in</strong></span> <span class='ocrx_word' id='word_1_116' title='bbox 987 985 1056 1007; x_wconf 88' lang='lat' dir='ltr'><strong>sese</strong></span> <span class='ocrx_word' id='word_1_117' title='bbox 1076 976 1251 1015; x_wconf 70' lang='lat' dir='ltr'>proposuit,</span> <span class='ocrx_word' id='word_1_118' title='bbox 1276 986 1370 1015; x_wconf 79' lang='lat' dir='ltr'><strong>quem</strong></span> 
     </span>
     <span class='ocr_line' id='line_1_18' title="bbox 404 1018 1370 1060; baseline -0.002 -10"><span class='ocrx_word' id='word_1_119' title='bbox 404 1031 504 1060; x_wconf 81' lang='lat' dir='ltr'>quum</span> <span class='ocrx_word' id='word_1_120' title='bbox 528 1019 615 1050; x_wconf 83' lang='lat' dir='ltr'><strong>filius</strong></span> <span class='ocrx_word' id='word_1_121' title='bbox 630 1018 825 1049; x_wconf 81' lang='lat' dir='ltr'><strong>Absalomus</strong></span> <span class='ocrx_word' id='word_1_122' title='bbox 846 1018 926 1050; x_wconf 88' lang='lat' dir='ltr'><strong>bello</strong></span> <span class='ocrx_word' id='word_1_123' title='bbox 950 1025 1208 1059; x_wconf 78' lang='lat' dir='ltr'><strong>persequeretur,</strong></span> <span class='ocrx_word' id='word_1_124' title='bbox 1233 1023 1265 1049; x_wconf 89' lang='lat' dir='ltr'><strong>ct</strong></span> <span class='ocrx_word' id='word_1_125' title='bbox 1284 1018 1370 1049; x_wconf 88' lang='lat' dir='ltr'><strong>omni</strong></span> 
     </span>
     <span class='ocr_line' id='line_1_19' title="bbox 404 1061 1371 1103; baseline -0.002 -10"><span class='ocrx_word' id='word_1_126' title='bbox 404 1072 522 1103; x_wconf 82' lang='lat' dir='ltr'><strong>genere</strong></span> <span class='ocrx_word' id='word_1_127' title='bbox 551 1061 822 1093; x_wconf 84' lang='lat' dir='ltr'><strong>contumeliarum</strong></span> <span class='ocrx_word' id='word_1_128' title='bbox 854 1061 1022 1100; x_wconf 89' lang='lat' dir='ltr'><strong>obrueret,</strong></span> <span class='ocrx_word' id='word_1_129' title='bbox 1057 1067 1165 1092; x_wconf 84' lang='lat' dir='ltr'><strong>tamen</strong></span> <span class='ocrx_word' id='word_1_130' title='bbox 1197 1072 1299 1101; x_wconf 87' lang='lat' dir='ltr'><strong>neque</strong></span> <span class='ocrx_word' id='word_1_131' title='bbox 1334 1061 1371 1091; x_wconf 90' lang='lat' dir='ltr'><strong>de</strong></span> 
     </span>
     <span class='ocr_line' id='line_1_20' title="bbox 404 1103 1371 1146; baseline -0.003 -9"><span class='ocrx_word' id='word_1_132' title='bbox 404 1106 484 1146; x_wconf 76' lang='lat' dir='ltr'><strong>ipso,</strong></span> <span class='ocrx_word' id='word_1_133' title='bbox 510 1116 611 1145; x_wconf 86' lang='lat' dir='ltr'><strong>neque</strong></span> <span class='ocrx_word' id='word_1_134' title='bbox 636 1104 674 1135; x_wconf 89' lang='lat' dir='ltr'><strong>dc</strong></span> <span class='ocrx_word' id='word_1_135' title='bbox 699 1104 832 1144; x_wconf 86' lang='lat' dir='ltr'><strong>reliquis</strong></span> <span class='ocrx_word' id='word_1_136' title='bbox 855 1104 922 1135; x_wconf 85' lang='lat' dir='ltr'><strong>suis</strong></span> <span class='ocrx_word' id='word_1_137' title='bbox 946 1104 1085 1135; x_wconf 89' lang='lat' dir='ltr'><strong>inimicis</strong></span> <span class='ocrx_word' id='word_1_138' title='bbox 1098 1103 1271 1135; x_wconf 76' lang='lat' dir='ltr'>admodum</span> <span class='ocrx_word' id='word_1_139' title='bbox 1295 1114 1371 1134; x_wconf 83' lang='lat' dir='ltr'><strong>cou-</strong></span> 
     </span>
     <span class='ocr_line' id='line_1_21' title="bbox 403 1147 1372 1188; baseline -0.002 -9"><span class='ocrx_word' id='word_1_140' title='bbox 403 1155 534 1188; x_wconf 83' lang='lat' dir='ltr'><strong>qucstus</strong></span> <span class='ocrx_word' id='word_1_141' title='bbox 556 1154 612 1179; x_wconf 85' lang='lat' dir='ltr'><strong>est.</strong></span> <span class='ocrx_word' id='word_1_142' title='bbox 649 1147 715 1178; x_wconf 73' lang='lat' dir='ltr'><strong>Sed</strong></span> <span class='ocrx_word' id='word_1_143' title='bbox 729 1147 790 1178; x_wconf 88' lang='lat' dir='ltr'><strong>ait:</strong></span> <span class='ocrx_word' id='word_1_144' title='bbox 820 1147 934 1178; x_wconf 78' lang='lat' dir='ltr'><strong>Tacebo</strong></span> <span class='ocrx_word' id='word_1_145' title='bbox 946 1147 1089 1187; x_wconf 73' lang='lat' dir='ltr'><strong>Domine,</strong></span> <span class='ocrx_word' id='word_1_146' title='bbox 1112 1147 1189 1186; x_wconf 79' lang='lat' dir='ltr'><strong>quia</strong></span> <span class='ocrx_word' id='word_1_147' title='bbox 1207 1150 1240 1177; x_wconf 75' lang='lat' dir='ltr'><strong>tu</strong></span> <span class='ocrx_word' id='word_1_148' title='bbox 1262 1147 1372 1186; x_wconf 73' lang='lat' dir='ltr'><strong>fecisti.</strong></span> 
     </span>
     <span class='ocr_line' id='line_1_22' title="bbox 403 1189 1371 1230; baseline -0.003 -8"><span class='ocrx_word' id='word_1_149' title='bbox 403 1191 490 1230; x_wconf 87' lang='lat' dir='ltr'><strong>Quid</strong></span> <span class='ocrx_word' id='word_1_150' title='bbox 516 1190 614 1222; x_wconf 81' lang='lat' dir='ltr'><strong>vero?</strong></span> <span class='ocrx_word' id='word_1_151' title='bbox 640 1190 775 1221; x_wconf 81' lang='lat' dir='ltr'><strong>Deusno</strong></span> <span class='ocrx_word' id='word_1_152' title='bbox 795 1189 1006 1221; x_wconf 82' lang='lat' dir='ltr'><strong>Absalomum</strong></span> <span class='ocrx_word' id='word_1_153' title='bbox 1031 1190 1161 1229; x_wconf 81' lang='lat' dir='ltr'>impulit</span> <span class='ocrx_word' id='word_1_154' title='bbox 1184 1189 1222 1220; x_wconf 89' lang='lat' dir='ltr'><strong>ad</strong></span> <span class='ocrx_word' id='word_1_155' title='bbox 1248 1196 1371 1229; x_wconf 73' lang='lat' dir='ltr'><strong>patrem</strong></span> 
     </span>
     <span class='ocr_line' id='line_1_23' title="bbox 404 1232 1373 1274; baseline -0.002 -9"><span class='ocrx_word' id='word_1_156' title='bbox 404 1233 681 1274; x_wconf 86' lang='lat' dir='ltr'><strong>persequendum,</strong></span> <span class='ocrx_word' id='word_1_157' title='bbox 713 1241 745 1264; x_wconf 86' lang='lat' dir='ltr'><strong>et</strong></span> <span class='ocrx_word' id='word_1_158' title='bbox 774 1243 844 1263; x_wconf 84' lang='lat' dir='ltr'><strong>sese</strong></span> <span class='ocrx_word' id='word_1_159' title='bbox 875 1233 995 1264; x_wconf 79' lang='lat' dir='ltr'><strong>incesto</strong></span> <span class='ocrx_word' id='word_1_160' title='bbox 1025 1232 1257 1272; x_wconf 81' lang='lat' dir='ltr'><strong>polluendum?</strong></span> <span class='ocrx_word' id='word_1_161' title='bbox 1287 1235 1373 1263; x_wconf 62' lang='lat' dir='ltr'><strong>‚Saue</strong></span> 
     </span>
     <span class='ocr_line' id='line_1_24' title="bbox 404 1275 1372 1315; baseline -0.002 -7"><span class='ocrx_word' id='word_1_162' title='bbox 404 1277 495 1308; x_wconf 86' lang='lat' dir='ltr'><strong>Deus</strong></span> <span class='ocrx_word' id='word_1_163' title='bbox 516 1288 580 1308; x_wconf 90' lang='lat' dir='ltr'><strong>non</strong></span> <span class='ocrx_word' id='word_1_164' title='bbox 606 1275 744 1315; x_wconf 86' lang='lat' dir='ltr'><strong>impulit,</strong></span> <span class='ocrx_word' id='word_1_165' title='bbox 771 1282 992 1307; x_wconf 76' lang='lat' dir='ltr'><strong>verumtamen</strong></span> <span class='ocrx_word' id='word_1_166' title='bbox 1013 1275 1121 1306; x_wconf 91' lang='lat' dir='ltr'><strong>David</strong></span> <span class='ocrx_word' id='word_1_167' title='bbox 1142 1276 1174 1306; x_wconf 89' lang='lat' dir='ltr'><strong>in</strong></span> <span class='ocrx_word' id='word_1_168' title='bbox 1199 1275 1259 1306; x_wconf 86' lang='lat' dir='ltr'><strong>hoc</strong></span> <span class='ocrx_word' id='word_1_169' title='bbox 1273 1276 1372 1306; x_wconf 82' lang='lat' dir='ltr'><strong>Absa-</strong></span> 
     </span>
     <span class='ocr_line' id='line_1_25' title="bbox 404 1318 1373 1358; baseline -0.001 -8"><span class='ocrx_word' id='word_1_170' title='bbox 404 1320 479 1351; x_wconf 89' lang='lat' dir='ltr'><strong>lomi</strong></span> <span class='ocrx_word' id='word_1_171' title='bbox 511 1320 594 1351; x_wconf 78' lang='lat' dir='ltr'><strong>facto</strong></span> <span class='ocrx_word' id='word_1_172' title='bbox 625 1318 687 1349; x_wconf 88' lang='lat' dir='ltr'><strong>Dei</strong></span> <span class='ocrx_word' id='word_1_173' title='bbox 719 1329 851 1349; x_wconf 88' lang='lat' dir='ltr'><strong>manum</strong></span> <span class='ocrx_word' id='word_1_174' title='bbox 883 1328 916 1349; x_wconf 92' lang='lat' dir='ltr'><strong>se</strong></span> <span class='ocrx_word' id='word_1_175' title='bbox 948 1318 1138 1358; x_wconf 77' lang='lat' dir='ltr'><strong>castigantis</strong></span> <span class='ocrx_word' id='word_1_176' title='bbox 1169 1320 1311 1358; x_wconf 79' lang='lat' dir='ltr'><strong>agnovit.</strong></span> <span class='ocrx_word' id='word_1_177' title='bbox 1343 1323 1373 1349; x_wconf 89' lang='lat' dir='ltr'><strong>et</strong></span> 
     </span>
     <span class='ocr_line' id='line_1_26' title="bbox 404 1360 1374 1403; baseline -0.003 -8"><span class='ocrx_word' id='word_1_178' title='bbox 404 1374 511 1395; x_wconf 84' lang='lat' dir='ltr'><strong>coram</strong></span> <span class='ocrx_word' id='word_1_179' title='bbox 536 1363 605 1403; x_wconf 90' lang='lat' dir='ltr'><strong>ipso</strong></span> <span class='ocrx_word' id='word_1_180' title='bbox 617 1372 688 1393; x_wconf 82' lang='lat' dir='ltr'><strong>sese</strong></span> <span class='ocrx_word' id='word_1_181' title='bbox 701 1361 772 1392; x_wconf 90' lang='lat' dir='ltr'><strong>idco</strong></span> <span class='ocrx_word' id='word_1_182' title='bbox 787 1361 909 1397; x_wconf 86' lang='lat' dir='ltr'><strong>deiecit,</strong></span> <span class='ocrx_word' id='word_1_183' title='bbox 934 1360 1204 1401; x_wconf 78' lang='lat' dir='ltr'><strong>quemadmodum</strong></span> <span class='ocrx_word' id='word_1_184' title='bbox 1225 1366 1257 1392; x_wconf 88' lang='lat' dir='ltr'><strong>et</strong></span> <span class='ocrx_word' id='word_1_185' title='bbox 1276 1372 1374 1401; x_wconf 83' lang='lat' dir='ltr'><strong>supra</strong></span> 
     </span>
     <span class='ocr_line' id='line_1_27' title="bbox 405 1403 1374 1445; baseline -0.002 -9"><span class='ocrx_word' id='word_1_186' title='bbox 405 1406 556 1442; x_wconf 78' lang='lat' dir='ltr'>diximus,</span> <span class='ocrx_word' id='word_1_187' title='bbox 587 1405 696 1445; x_wconf 89' lang='lat' dir='ltr'><strong>ipsum</strong></span> <span class='ocrx_word' id='word_1_188' title='bbox 720 1403 879 1435; x_wconf 85' lang='lat' dir='ltr'>Davidem</span> <span class='ocrx_word' id='word_1_189' title='bbox 911 1414 1009 1444; x_wconf 90' lang='lat' dir='ltr'>quum</span> <span class='ocrx_word' id='word_1_190' title='bbox 1039 1415 1057 1434; x_wconf 82' lang='lat' dir='ltr'><strong>a</strong></span> <span class='ocrx_word' id='word_1_191' title='bbox 1080 1403 1190 1435; x_wconf 79' lang='lat' dir='ltr'><strong>Scmei</strong></span> <span class='ocrx_word' id='word_1_192' title='bbox 1216 1404 1374 1444; x_wconf 83' lang='lat' dir='ltr'>lapidibus</span> 
     </span>
     <span class='ocr_line' id='line_1_28' title="bbox 404 1446 1373 1488; baseline -0.002 -9"><span class='ocrx_word' id='word_1_193' title='bbox 404 1454 587 1488; x_wconf 87' lang='lat' dir='ltr'><strong>peteretur,</strong></span> <span class='ocrx_word' id='word_1_194' title='bbox 618 1447 760 1479; x_wconf 81' lang='lat' dir='ltr'><strong>noluisse</strong></span> <span class='ocrx_word' id='word_1_195' title='bbox 792 1447 942 1477; x_wconf 86' lang='lat' dir='ltr'><strong>iniuriam</strong></span> <span class='ocrx_word' id='word_1_196' title='bbox 975 1447 1102 1478; x_wconf 87' lang='lat' dir='ltr'><strong>ulcisci:</strong></span> <span class='ocrx_word' id='word_1_197' title='bbox 1133 1446 1189 1477; x_wconf 86' lang='lat' dir='ltr'><strong>sed</strong></span> <span class='ocrx_word' id='word_1_198' title='bbox 1223 1448 1281 1478; x_wconf 88' lang='lat' dir='ltr'><strong>sub</strong></span> <span class='ocrx_word' id='word_1_199' title='bbox 1312 1446 1373 1478; x_wconf 89' lang='lat' dir='ltr'><strong>Dei</strong></span> 
     </span>
     <span class='ocr_line' id='line_1_29' title="bbox 404 1489 1374 1530; baseline -0.001 -8"><span class='ocrx_word' id='word_1_200' title='bbox 404 1501 504 1522; x_wconf 90' lang='lat' dir='ltr'><strong>manu</strong></span> <span class='ocrx_word' id='word_1_201' title='bbox 543 1501 612 1522; x_wconf 83' lang='lat' dir='ltr'><strong>sese</strong></span> <span class='ocrx_word' id='word_1_202' title='bbox 648 1490 812 1522; x_wconf 79' lang='lat' dir='ltr'><strong>deiecisse.</strong></span> <span class='ocrx_word' id='word_1_203' title='bbox 874 1489 1013 1529; x_wconf 84' lang='lat' dir='ltr'>Reliqua</span> <span class='ocrx_word' id='word_1_204' title='bbox 1046 1489 1197 1529; x_wconf 77' lang='lat' dir='ltr'>deinceps</span> <span class='ocrx_word' id='word_1_205' title='bbox 1227 1490 1374 1530; x_wconf 86' lang='lat' dir='ltr'><strong>pluribus</strong></span> 
     </span>
     <span class='ocr_line' id='line_1_30' title="bbox 403 1544 643 1574; baseline -0.004 -9"><span class='ocrx_word' id='word_1_206' title='bbox 403 1544 643 1574; x_wconf 75' lang='lat' dir='ltr'><strong>persequemur.</strong></span> 
     </span>
     <span class='ocr_line' id='line_1_31' title="bbox 491 1577 854 1616; baseline -0.006 -9"><span class='ocrx_word' id='word_1_207' title='bbox 491 1577 559 1607; x_wconf 81' lang='lat' dir='ltr'><strong>Iam</strong></span> <span class='ocrx_word' id='word_1_208' title='bbox 586 1586 661 1607; x_wconf 88' lang='lat' dir='ltr'><strong>vero</strong></span> <span class='ocrx_word' id='word_1_209' title='bbox 685 1577 779 1616; x_wconf 79' lang='lat' dir='ltr'><strong>agite,</strong></span> <span class='ocrx_word' id='word_1_210' title='bbox 803 1577 854 1606; x_wconf 75' lang='lat' dir='ltr'><strong>ete.</strong></span> 
     </span>
    </p>
   </div>
   <div class='ocr_carea' id='block_1_3' title="bbox 698 1746 1086 1786">
    <p class='ocr_par' dir='ltr' id='par_1_3' title="bbox 698 1746 1086 1786">
     <span class='ocr_line' id='line_1_32' title="bbox 698 1746 1086 1786; baseline 0 -1"><span class='ocrx_word' id='word_1_211' title='bbox 698 1746 755 1785; x_wconf 91' lang='lat' dir='ltr'><strong>H(</strong></span> <span class='ocrx_word' id='word_1_212' title='bbox 769 1746 946 1786; x_wconf 79' lang='lat' dir='ltr'><strong>›MILIA</strong></span> <span class='ocrx_word' id='word_1_213' title='bbox 967 1746 1086 1786; x_wconf 67' lang='lat' dir='ltr'>XCV.</span> 
     </span>
    </p>
   </div>
   <div class='ocr_carea' id='block_1_4' title="bbox 492 1831 1378 1872">
    <p class='ocr_par' dir='ltr' id='par_1_4' title="bbox 492 1831 1378 1872">
     <span class='ocr_line' id='line_1_33' title="bbox 492 1831 1378 1872; baseline -0.002 -9"><span class='ocrx_word' id='word_1_214' title='bbox 492 1833 542 1863; x_wconf 84' lang='lat'><strong>19.</strong></span> <span class='ocrx_word' id='word_1_215' title='bbox 569 1831 661 1863; x_wconf 72' lang='lat' dir='ltr'>Nunc</span> <span class='ocrx_word' id='word_1_216' title='bbox 685 1841 758 1872; x_wconf 70' lang='lat' dir='ltr'><strong>erqo</strong></span> <span class='ocrx_word' id='word_1_217' title='bbox 781 1831 868 1869; x_wconf 77' lang='lat' dir='ltr'><strong>audi,</strong></span> <span class='ocrx_word' id='word_1_218' title='bbox 892 1831 1014 1863; x_wconf 69' lang='lat' dir='ltr'><strong>domine</strong></span> <span class='ocrx_word' id='word_1_219' title='bbox 1032 1832 1076 1862; x_wconf 89' lang='lat' dir='ltr'><strong>mi</strong></span> <span class='ocrx_word' id='word_1_220' title='bbox 1098 1842 1160 1870; x_wconf 74' lang='lat' dir='ltr'><strong>rex,</strong></span> <span class='ocrx_word' id='word_1_221' title='bbox 1183 1831 1274 1863; x_wconf 84' lang='lat' dir='ltr'><strong>verba</strong></span> <span class='ocrx_word' id='word_1_222' title='bbox 1296 1831 1378 1862; x_wconf 81' lang='lat' dir='ltr'><strong>servi</strong></span> 
     </span>
    </p>
   </div>
   <div class='ocr_carea' id='block_1_5' title="bbox 404 1874 1405 1911">
    <p class='ocr_par' dir='ltr' id='par_1_5' title="bbox 404 1874 1405 1911">
     <span class='ocr_line' id='line_1_34' title="bbox 404 1874 1405 1911; baseline -0.005 -3"><span class='ocrx_word' id='word_1_223' title='bbox 404 1877 468 1908; x_wconf 79' lang='lat' dir='ltr'><strong>tui:</strong></span> <span class='ocrx_word' id='word_1_224' title='bbox 499 1875 537 1906; x_wconf 84' lang='lat' dir='ltr'><strong>Si</strong></span> <span class='ocrx_word' id='word_1_225' title='bbox 568 1874 727 1906; x_wconf 74' lang='lat' dir='ltr'><strong>Dominus</strong></span> <span class='ocrx_word' id='word_1_226' title='bbox 756 1875 863 1905; x_wconf 73' lang='lat' dir='ltr'><strong>incitat</strong></span> <span class='ocrx_word' id='word_1_227' title='bbox 893 1876 922 1905; x_wconf 75' lang='lat' dir='ltr'><strong>te</strong></span> <span class='ocrx_word' id='word_1_228' title='bbox 950 1874 1116 1906; x_wconf 77' lang='lat' dir='ltr'><strong>adversum</strong></span> <span class='ocrx_word' id='word_1_229' title='bbox 1144 1885 1207 1911; x_wconf 86' lang='lat' dir='ltr'><strong>me,</strong></span> <span class='ocrx_word' id='word_1_230' title='bbox 1237 1874 1379 1904; x_wconf 76' lang='lat' dir='ltr'><strong>odoretur</strong></span> <span class='ocrx_word' id='word_1_231' title='bbox 1404 1879 1405 1888; x_wconf 66' lang='lat'>¹</span> 
     </span>
    </p>
   </div>
   <div class='ocr_carea' id='block_1_6' title="bbox 404 1916 1385 2730">
    <p class='ocr_par' dir='ltr' id='par_1_6' title="bbox 404 1916 1385 2730">
     <span class='ocr_line' id='line_1_35' title="bbox 404 1916 1378 1958; baseline -0.005 -7"><span class='ocrx_word' id='word_1_232' title='bbox 404 1919 606 1958; x_wconf 74' lang='lat' dir='ltr'><strong>sacrificium.</strong></span> <span class='ocrx_word' id='word_1_233' title='bbox 655 1916 691 1947; x_wconf 87' lang='lat' dir='ltr'><strong>Si</strong></span> <span class='ocrx_word' id='word_1_234' title='bbox 715 1920 816 1949; x_wconf 74' lang='lat' dir='ltr'><strong>aulem</strong></span> <span class='ocrx_word' id='word_1_235' title='bbox 844 1916 907 1956; x_wconf 68' lang='lat' dir='ltr'><strong>filii</strong></span> <span class='ocrx_word' id='word_1_236' title='bbox 937 1917 1096 1948; x_wconf 72' lang='lat' dir='ltr'><strong>hominum</strong></span> <span class='ocrx_word' id='word_1_237' title='bbox 1123 1917 1280 1949; x_wconf 76' lang='lat' dir='ltr'><strong>maledicti</strong></span> <span class='ocrx_word' id='word_1_238' title='bbox 1308 1919 1378 1948; x_wconf 77' lang='lat' dir='ltr'><strong>sunt</strong></span> 
     </span>
     <span class='ocr_line' id='line_1_36' title="bbox 404 1959 1378 2001; baseline -0.004 -8"><span class='ocrx_word' id='word_1_239' title='bbox 404 1963 438 1993; x_wconf 75' lang='lat' dir='ltr'><strong>in</strong></span> <span class='ocrx_word' id='word_1_240' title='bbox 460 1963 620 2001; x_wconf 75' lang='lat' dir='ltr'><strong>conspectu</strong></span> <span class='ocrx_word' id='word_1_241' title='bbox 634 1959 776 2001; x_wconf 74' lang='lat' dir='ltr'><strong>Domini,</strong></span> <span class='ocrx_word' id='word_1_242' title='bbox 799 1961 874 2000; x_wconf 82' lang='lat' dir='ltr'><strong>quia</strong></span> <span class='ocrx_word' id='word_1_243' title='bbox 898 1961 1047 1991; x_wconf 54' lang='lat' dir='ltr'><strong>edeam-unt</strong></span> <span class='ocrx_word' id='word_1_244' title='bbox 1067 1970 1115 1991; x_wconf 87' lang='lat' dir='ltr'><strong>me</strong></span> <span class='ocrx_word' id='word_1_245' title='bbox 1139 1960 1237 1997; x_wconf 62' lang='lat' dir='ltr'><strong>hodie,</strong></span> <span class='ocrx_word' id='word_1_246' title='bbox 1261 1961 1293 1990; x_wconf 67' lang='lat' dir='ltr'><strong>ut</strong></span> <span class='ocrx_word' id='word_1_247' title='bbox 1316 1969 1378 1990; x_wconf 59' lang='grc' dir='ltr'><strong>που</strong></span> 
     </span>
     <span class='ocr_line' id='line_1_37' title="bbox 405 2003 1378 2041; baseline -0.002 -6"><span class='ocrx_word' id='word_1_248' title='bbox 405 2005 537 2036; x_wconf 75' lang='lat' dir='ltr'><strong>habilem</strong></span> <span class='ocrx_word' id='word_1_249' title='bbox 559 2004 594 2034; x_wconf 82' lang='lat' dir='ltr'><strong>in</strong></span> <span class='ocrx_word' id='word_1_250' title='bbox 617 2003 806 2035; x_wconf 73' lang='lat' dir='ltr'><strong>haereditate</strong></span> <span class='ocrx_word' id='word_1_251' title='bbox 828 2003 963 2034; x_wconf 75' lang='lat' dir='ltr'><strong>Domini</strong></span> <span class='ocrx_word' id='word_1_252' title='bbox 993 2003 1141 2034; x_wconf 78' lang='lat' dir='ltr'><strong>dieentes:</strong></span> <span class='ocrx_word' id='word_1_253' title='bbox 1172 2003 1267 2041; x_wconf 81' lang='lat' dir='ltr'><strong>Vade,</strong></span> <span class='ocrx_word' id='word_1_254' title='bbox 1297 2003 1378 2033; x_wconf 75' lang='lat' dir='ltr'><strong>servi</strong></span> 
     </span>
     <span class='ocr_line' id='line_1_38' title="bbox 405 2045 1378 2085; baseline -0.004 -6"><span class='ocrx_word' id='word_1_255' title='bbox 405 2049 469 2079; x_wconf 73' lang='lat' dir='ltr'><strong>(liis</strong></span> <span class='ocrx_word' id='word_1_256' title='bbox 496 2047 619 2078; x_wconf 78' lang='lat' dir='ltr'><strong>alienis.</strong></span> <span class='ocrx_word' id='word_1_257' title='bbox 673 2046 724 2077; x_wconf 82' lang='lat'><strong>20.</strong></span> <span class='ocrx_word' id='word_1_258' title='bbox 757 2046 800 2077; x_wconf 77' lang='lat' dir='ltr'><strong>Et</strong></span> <span class='ocrx_word' id='word_1_259' title='bbox 830 2057 911 2076; x_wconf 76' lang='lat' dir='ltr'><strong>mmo</strong></span> <span class='ocrx_word' id='word_1_260' title='bbox 940 2056 1000 2077; x_wconf 80' lang='lat' dir='ltr'><strong>uon</strong></span> <span class='ocrx_word' id='word_1_261' title='bbox 1034 2046 1211 2085; x_wconf 76' lang='lat' dir='ltr'><strong>effundatur</strong></span> <span class='ocrx_word' id='word_1_262' title='bbox 1248 2045 1378 2085; x_wconf 66' lang='lat' dir='ltr'><strong>sanquis</strong></span> 
     </span>
     <span class='ocr_line' id='line_1_39' title="bbox 411 2089 1378 2129; baseline -0.004 -7"><span class='ocrx_word' id='word_1_263' title='bbox 411 2101 498 2122; x_wconf 76' lang='lat' dir='ltr'><strong>meus</strong></span> <span class='ocrx_word' id='word_1_264' title='bbox 522 2091 555 2120; x_wconf 76' lang='lat' dir='ltr'><strong>in</strong></span> <span class='ocrx_word' id='word_1_265' title='bbox 579 2092 663 2120; x_wconf 81' lang='lat' dir='ltr'><strong>terra</strong></span> <span class='ocrx_word' id='word_1_266' title='bbox 686 2100 788 2120; x_wconf 77' lang='lat' dir='ltr'><strong>coram</strong></span> <span class='ocrx_word' id='word_1_267' title='bbox 810 2089 948 2120; x_wconf 76' lang='lat' dir='ltr'><strong>domino:</strong></span> <span class='ocrx_word' id='word_1_268' title='bbox 977 2089 1052 2128; x_wconf 77' lang='lat' dir='ltr'><strong>quia</strong></span> <span class='ocrx_word' id='word_1_269' title='bbox 1082 2098 1222 2129; x_wconf 66' lang='lat' dir='ltr'><strong>egressus</strong></span> <span class='ocrx_word' id='word_1_270' title='bbox 1251 2091 1293 2119; x_wconf 72' lang='lat' dir='ltr'><strong>est</strong></span> <span class='ocrx_word' id='word_1_271' title='bbox 1323 2098 1378 2118; x_wconf 75' lang='lat' dir='ltr'><strong>rex</strong></span> 
     </span>
     <span class='ocr_line' id='line_1_40' title="bbox 414 2131 1379 2171; baseline -0.003 -7"><span class='ocrx_word' id='word_1_272' title='bbox 414 2133 517 2164; x_wconf 47' lang='lat' dir='ltr'><strong>Israel</strong></span> <span class='ocrx_word' id='word_1_273' title='bbox 540 2134 574 2163; x_wconf 76' lang='lat' dir='ltr'><strong>ut</strong></span> <span class='ocrx_word' id='word_1_274' title='bbox 603 2135 733 2171; x_wconf 68' lang='lat' dir='ltr'><strong>quaerat</strong></span> <span class='ocrx_word' id='word_1_275' title='bbox 757 2132 914 2171; x_wconf 75' lang='lat' dir='ltr'><strong>publicem</strong></span> <span class='ocrx_word' id='word_1_276' title='bbox 943 2142 1050 2170; x_wconf 82' lang='lat' dir='ltr'>uuum,</span> <span class='ocrx_word' id='word_1_277' title='bbox 1079 2133 1157 2163; x_wconf 72' lang='lat' dir='ltr'><strong>sicut</strong></span> <span class='ocrx_word' id='word_1_278' title='bbox 1180 2131 1379 2170; x_wconf 72' lang='lat' dir='ltr'><strong>persequitur</strong></span> 
     </span>
     <span class='ocr_line' id='line_1_41' title="bbox 405 2174 1377 2217; baseline -0.004 -10"><span class='ocrx_word' id='word_1_279' title='bbox 405 2176 522 2217; x_wconf 60' lang='lat' dir='ltr'><strong>perdia*</strong></span> <span class='ocrx_word' id='word_1_280' title='bbox 540 2175 570 2205; x_wconf 83' lang='grc' dir='ltr'><em>ιή</em></span> <span class='ocrx_word' id='word_1_281' title='bbox 590 2175 752 2206; x_wconf 63' lang='lat' dir='ltr'><strong>montibus:</strong></span> <span class='ocrx_word' id='word_1_282' title='bbox 788 2175 839 2206; x_wconf 82' lang='lat'><strong>21.</strong></span> <span class='ocrx_word' id='word_1_283' title='bbox 864 2174 906 2205; x_wconf 72' lang='lat' dir='ltr'><strong>Ee</strong></span> <span class='ocrx_word' id='word_1_284' title='bbox 930 2174 1086 2206; x_wconf 71' lang='lat' dir='ltr'><strong>aitSaul:</strong></span> <span class='ocrx_word' id='word_1_285' title='bbox 1111 2174 1256 2206; x_wconf 81' lang='lat' dir='ltr'><strong>Peeeavi:</strong></span> <span class='ocrx_word' id='word_1_286' title='bbox 1278 2183 1377 2204; x_wconf 81' lang='lat' dir='ltr'><strong>rever-</strong></span> 
     </span>
     <span class='ocr_line' id='line_1_42' title="bbox 409 2216 1377 2258; baseline -0.003 -9"><span class='ocrx_word' id='word_1_287' title='bbox 409 2222 469 2251; x_wconf 80' lang='lat' dir='ltr'><strong>tere</strong></span> <span class='ocrx_word' id='word_1_288' title='bbox 490 2218 537 2257; x_wconf 77' lang='lat' dir='ltr'><strong>fili</strong></span> <span class='ocrx_word' id='word_1_289' title='bbox 560 2218 604 2248; x_wconf 81' lang='lat' dir='ltr'><strong>mi</strong></span> <span class='ocrx_word' id='word_1_290' title='bbox 627 2217 745 2254; x_wconf 80' lang='lat' dir='ltr'><strong>David,</strong></span> <span class='ocrx_word' id='word_1_291' title='bbox 768 2228 965 2258; x_wconf 71' lang='lat' dir='ltr'><strong>nequaquam</strong></span> <span class='ocrx_word' id='word_1_292' title='bbox 987 2218 1069 2249; x_wconf 75' lang='lat' dir='ltr'><strong>enim</strong></span> <span class='ocrx_word' id='word_1_293' title='bbox 1092 2218 1175 2249; x_wconf 74' lang='lat' dir='ltr'><strong>ultra</strong></span> <span class='ocrx_word' id='word_1_294' title='bbox 1198 2217 1255 2248; x_wconf 76' lang='lat' dir='ltr'><strong>tibi</strong></span> <span class='ocrx_word' id='word_1_295' title='bbox 1283 2216 1377 2247; x_wconf 84' lang='lat' dir='ltr'><strong>male-</strong></span> 
     </span>
     <span class='ocr_line' id='line_1_43' title="bbox 410 2259 1380 2302; baseline -0.002 -10"><span class='ocrx_word' id='word_1_296' title='bbox 410 2262 538 2302; x_wconf 81' lang='lat' dir='ltr'><strong>faciam,</strong></span> <span class='ocrx_word' id='word_1_297' title='bbox 570 2270 601 2291; x_wconf 81' lang='lat' dir='ltr'><strong>eo</strong></span> <span class='ocrx_word' id='word_1_298' title='bbox 624 2261 705 2300; x_wconf 74' lang='lat' dir='ltr'><strong>quod</strong></span> <span class='ocrx_word' id='word_1_299' title='bbox 723 2262 863 2300; x_wconf 71' lang='lat' dir='ltr'><strong>pretiosa</strong></span> <span class='ocrx_word' id='word_1_300' title='bbox 891 2260 987 2299; x_wconf 77' lang='lat' dir='ltr'><strong>fuerit</strong></span> <span class='ocrx_word' id='word_1_301' title='bbox 1009 2261 1117 2292; x_wconf 80' lang='lat' dir='ltr'><strong>anima</strong></span> <span class='ocrx_word' id='word_1_302' title='bbox 1139 2270 1207 2292; x_wconf 84' lang='lat' dir='ltr'><strong>mea</strong></span> <span class='ocrx_word' id='word_1_303' title='bbox 1228 2260 1261 2291; x_wconf 77' lang='lat' dir='ltr'><strong>iu</strong></span> <span class='ocrx_word' id='word_1_304' title='bbox 1284 2259 1380 2290; x_wconf 79' lang='lat' dir='ltr'><strong>oculis</strong></span> 
     </span>
     <span class='ocr_line' id='line_1_44' title="bbox 411 2302 1378 2344; baseline -0.004 -8"><span class='ocrx_word' id='word_1_305' title='bbox 411 2305 475 2336; x_wconf 79' lang='lat' dir='ltr'><strong>tuis</strong></span> <span class='ocrx_word' id='word_1_306' title='bbox 498 2304 605 2335; x_wconf 78' lang='lat' dir='ltr'><strong>hodie:</strong></span> <span class='ocrx_word' id='word_1_307' title='bbox 629 2307 757 2343; x_wconf 73' lang='lat' dir='ltr'><strong>apparet</strong></span> <span class='ocrx_word' id='word_1_308' title='bbox 780 2304 862 2335; x_wconf 81' lang='lat' dir='ltr'><strong>enim</strong></span> <span class='ocrx_word' id='word_1_309' title='bbox 880 2304 960 2343; x_wconf 77' lang='lat' dir='ltr'><strong>quod</strong></span> <span class='ocrx_word' id='word_1_310' title='bbox 983 2303 1071 2335; x_wconf 80' lang='lat' dir='ltr'><strong>slulte</strong></span> <span class='ocrx_word' id='word_1_311' title='bbox 1093 2303 1217 2344; x_wconf 64' lang='lat' dir='ltr'><strong>egerint,</strong></span> <span class='ocrx_word' id='word_1_312' title='bbox 1245 2305 1272 2334; x_wconf 78' lang='lat' dir='ltr'><strong>et</strong></span> <span class='ocrx_word' id='word_1_313' title='bbox 1293 2302 1378 2342; x_wconf 71' lang='lat' dir='ltr'><strong>iquo-</strong></span> 
     </span>
     <span class='ocr_line' id='line_1_45' title="bbox 411 2345 1379 2385; baseline -0.003 -6"><span class='ocrx_word' id='word_1_314' title='bbox 411 2347 547 2379; x_wconf 79' lang='lat' dir='ltr'><strong>raverim</strong></span> <span class='ocrx_word' id='word_1_315' title='bbox 568 2345 668 2377; x_wconf 83' lang='lat' dir='ltr'><strong>mulla</strong></span> <span class='ocrx_word' id='word_1_316' title='bbox 690 2346 796 2377; x_wconf 64' lang='lat' dir='ltr'><strong>nimis.</strong></span> <span class='ocrx_word' id='word_1_317' title='bbox 843 2346 893 2377; x_wconf 78' lang='lat'><strong>22.</strong></span> <span class='ocrx_word' id='word_1_318' title='bbox 919 2346 961 2377; x_wconf 80' lang='lat' dir='ltr'><strong>Et</strong></span> <span class='ocrx_word' id='word_1_319' title='bbox 983 2347 1170 2385; x_wconf 77' lang='lat' dir='ltr'><strong>respondens</strong></span> <span class='ocrx_word' id='word_1_320' title='bbox 1188 2345 1296 2378; x_wconf 75' lang='lat' dir='ltr'><strong>David</strong></span> <span class='ocrx_word' id='word_1_321' title='bbox 1317 2345 1379 2376; x_wconf 72' lang='lat' dir='ltr'><strong>ait.-</strong></span> 
     </span>
     <span class='ocr_line' id='line_1_46' title="bbox 412 2388 1380 2429; baseline -0.002 -8"><span class='ocrx_word' id='word_1_322' title='bbox 412 2390 492 2422; x_wconf 65' lang='lat' dir='ltr'><strong>Ecce</strong></span> <span class='ocrx_word' id='word_1_323' title='bbox 514 2389 604 2420; x_wconf 77' lang='lat' dir='ltr'><strong>hasta</strong></span> <span class='ocrx_word' id='word_1_324' title='bbox 632 2390 726 2429; x_wconf 70' lang='lat' dir='ltr'><strong>reglis,</strong></span> <span class='ocrx_word' id='word_1_325' title='bbox 758 2392 894 2420; x_wconf 73' lang='lat' dir='ltr'><strong>trauseat</strong></span> <span class='ocrx_word' id='word_1_326' title='bbox 921 2399 1003 2420; x_wconf 81' lang='lat' dir='ltr'>unus</span> <span class='ocrx_word' id='word_1_327' title='bbox 1033 2389 1069 2420; x_wconf 81' lang='lat' dir='ltr'><strong>de</strong></span> <span class='ocrx_word' id='word_1_328' title='bbox 1092 2389 1204 2429; x_wconf 74' lang='lat' dir='ltr'><strong>pueris</strong></span> <span class='ocrx_word' id='word_1_329' title='bbox 1232 2388 1322 2428; x_wconf 77' lang='lat' dir='ltr'><strong>reyis,</strong></span> <span class='ocrx_word' id='word_1_330' title='bbox 1352 2390 1380 2418; x_wconf 77' lang='lat' dir='ltr'><strong>et</strong></span> 
     </span>
     <span class='ocr_line' id='line_1_47' title="bbox 414 2431 1380 2470; baseline -0.004 -5"><span class='ocrx_word' id='word_1_331' title='bbox 414 2434 501 2465; x_wconf 79' lang='lat' dir='ltr'><strong>tollat</strong></span> <span class='ocrx_word' id='word_1_332' title='bbox 521 2442 598 2463; x_wconf 80' lang='lat' dir='ltr'><strong>eam.</strong></span> <span class='ocrx_word' id='word_1_333' title='bbox 644 2432 694 2463; x_wconf 86' lang='lat'><strong>23.</strong></span> <span class='ocrx_word' id='word_1_334' title='bbox 720 2431 877 2463; x_wconf 70' lang='lat' dir='ltr'><strong>Dominus</strong></span> <span class='ocrx_word' id='word_1_335' title='bbox 907 2435 1011 2463; x_wconf 80' lang='lat' dir='ltr'><strong>autem</strong></span> <span class='ocrx_word' id='word_1_336' title='bbox 1040 2432 1188 2463; x_wconf 74' lang='lat' dir='ltr'><strong>retribuat</strong></span> <span class='ocrx_word' id='word_1_337' title='bbox 1217 2431 1380 2470; x_wconf 81' lang='lat' dir='ltr'><strong>unicuique</strong></span> 
     </span>
     <span class='ocr_line' id='line_1_48' title="bbox 412 2474 1381 2514; baseline -0.004 -6"><span class='ocrx_word' id='word_1_338' title='bbox 412 2474 579 2508; x_wconf 64' lang='lat' dir='ltr'><strong>secundum</strong></span> <span class='ocrx_word' id='word_1_339' title='bbox 602 2475 756 2506; x_wconf 74' lang='lat' dir='ltr'><strong>iustitiam</strong></span> <span class='ocrx_word' id='word_1_340' title='bbox 779 2485 878 2513; x_wconf 80' lang='lat' dir='ltr'><strong>suam,</strong></span> <span class='ocrx_word' id='word_1_341' title='bbox 909 2478 935 2506; x_wconf 77' lang='lat' dir='ltr'><strong>et</strong></span> <span class='ocrx_word' id='word_1_342' title='bbox 955 2475 1055 2514; x_wconf 77' lang='lat' dir='ltr'><strong>sidem,</strong></span> <span class='ocrx_word' id='word_1_343' title='bbox 1084 2474 1217 2506; x_wconf 72' lang='lat' dir='ltr'><strong>tradidit</strong></span> <span class='ocrx_word' id='word_1_344' title='bbox 1245 2474 1326 2505; x_wconf 82' lang='lat' dir='ltr'><strong>enim</strong></span> <span class='ocrx_word' id='word_1_345' title='bbox 1355 2475 1381 2505; x_wconf 76' lang='lat' dir='ltr'><strong>te</strong></span> 
     </span>
     <span class='ocr_line' id='line_1_49' title="bbox 413 2517 1382 2556; baseline -0.004 -5"><span class='ocrx_word' id='word_1_346' title='bbox 413 2519 506 2551; x_wconf 78' lang='lat' dir='ltr'><strong>hodie</strong></span> <span class='ocrx_word' id='word_1_347' title='bbox 528 2517 687 2549; x_wconf 78' lang='lat' dir='ltr'>Dominus</span> <span class='ocrx_word' id='word_1_348' title='bbox 710 2518 742 2548; x_wconf 80' lang='lat' dir='ltr'><strong>in</strong></span> <span class='ocrx_word' id='word_1_349' title='bbox 765 2528 894 2548; x_wconf 77' lang='lat' dir='ltr'><strong>manum</strong></span> <span class='ocrx_word' id='word_1_350' title='bbox 916 2528 1026 2556; x_wconf 76' lang='lat' dir='ltr'><strong>meam,</strong></span> <span class='ocrx_word' id='word_1_351' title='bbox 1057 2521 1084 2549; x_wconf 77' lang='lat' dir='ltr'><strong>et</strong></span> <span class='ocrx_word' id='word_1_352' title='bbox 1114 2517 1199 2549; x_wconf 77' lang='lat' dir='ltr'>nolui</span> <span class='ocrx_word' id='word_1_353' title='bbox 1227 2517 1382 2548; x_wconf 71' lang='lat' dir='ltr'><strong>extendere</strong></span> 
     </span>
     <span class='ocr_line' id='line_1_50' title="bbox 413 2559 1381 2593; baseline -0.003 0"><span class='ocrx_word' id='word_1_354' title='bbox 413 2570 542 2593; x_wconf 79' lang='lat' dir='ltr'><strong>manum</strong></span> <span class='ocrx_word' id='word_1_355' title='bbox 571 2570 671 2591; x_wconf 81' lang='lat' dir='ltr'><strong>meam</strong></span> <span class='ocrx_word' id='word_1_356' title='bbox 708 2561 738 2590; x_wconf 81' lang='lat' dir='ltr'><strong>in</strong></span> <span class='ocrx_word' id='word_1_357' title='bbox 773 2561 930 2592; x_wconf 76' lang='lat' dir='ltr'><strong>Christum</strong></span> <span class='ocrx_word' id='word_1_358' title='bbox 959 2560 1100 2592; x_wconf 80' lang='lat' dir='ltr'><strong>Domini.</strong></span> <span class='ocrx_word' id='word_1_359' title='bbox 1151 2560 1203 2592; x_wconf 83' lang='lat'><strong>24.</strong></span> <span class='ocrx_word' id='word_1_360' title='bbox 1232 2559 1275 2591; x_wconf 74' lang='lat' dir='ltr'><strong>Ec</strong></span> <span class='ocrx_word' id='word_1_361' title='bbox 1302 2560 1381 2591; x_wconf 79' lang='lat' dir='ltr'><strong>sicut</strong></span> 
     </span>
     <span class='ocr_line' id='line_1_51' title="bbox 413 2602 1383 2645; baseline -0.002 -9"><span class='ocrx_word' id='word_1_362' title='bbox 413 2604 614 2645; x_wconf 55' lang='lat' dir='ltr'><strong>mannificata</strong></span> <span class='ocrx_word' id='word_1_363' title='bbox 639 2605 683 2634; x_wconf 79' lang='lat' dir='ltr'><strong>est</strong></span> <span class='ocrx_word' id='word_1_364' title='bbox 706 2602 794 2634; x_wconf 73' lang='lat' dir='ltr'><strong>hodie</strong></span> <span class='ocrx_word' id='word_1_365' title='bbox 817 2604 925 2635; x_wconf 80' lang='lat' dir='ltr'><strong>anima</strong></span> <span class='ocrx_word' id='word_1_366' title='bbox 947 2613 1014 2635; x_wconf 86' lang='lat' dir='ltr'><strong>mea</strong></span> <span class='ocrx_word' id='word_1_367' title='bbox 1039 2604 1071 2634; x_wconf 78' lang='lat' dir='ltr'><strong>iu</strong></span> <span class='ocrx_word' id='word_1_368' title='bbox 1094 2604 1192 2635; x_wconf 83' lang='lat' dir='ltr'><strong>oculis</strong></span> <span class='ocrx_word' id='word_1_369' title='bbox 1221 2603 1307 2640; x_wconf 85' lang='lat' dir='ltr'><strong>meis,</strong></span> <span class='ocrx_word' id='word_1_370' title='bbox 1337 2602 1383 2634; x_wconf 74' lang='lat' dir='ltr'><strong>sic</strong></span> 
     </span>
     <span class='ocr_line' id='line_1_52' title="bbox 415 2645 1385 2687; baseline -0.002 -9"><span class='ocrx_word' id='word_1_371' title='bbox 415 2646 627 2687; x_wconf 73' lang='lat' dir='ltr'><strong>maynificetur</strong></span> <span class='ocrx_word' id='word_1_372' title='bbox 649 2646 758 2677; x_wconf 74' lang='lat' dir='ltr'><strong>anima</strong></span> <span class='ocrx_word' id='word_1_373' title='bbox 780 2657 849 2678; x_wconf 86' lang='lat' dir='ltr'><strong>mea</strong></span> <span class='ocrx_word' id='word_1_374' title='bbox 871 2647 906 2677; x_wconf 79' lang='lat' dir='ltr'><strong>in</strong></span> <span class='ocrx_word' id='word_1_375' title='bbox 935 2646 1032 2678; x_wconf 84' lang='lat' dir='ltr'><strong>oeulis</strong></span> <span class='ocrx_word' id='word_1_376' title='bbox 1055 2646 1198 2685; x_wconf 76' lang='lat' dir='ltr'><strong>Domini,</strong></span> <span class='ocrx_word' id='word_1_377' title='bbox 1225 2648 1252 2677; x_wconf 74' lang='lat' dir='ltr'><strong>et</strong></span> <span class='ocrx_word' id='word_1_378' title='bbox 1281 2645 1385 2676; x_wconf 78' lang='lat' dir='ltr'><strong>liberet</strong></span> 
     </span>
     <span class='ocr_line' id='line_1_53' title="bbox 418 2687 1384 2730; baseline -0.004 -8"><span class='ocrx_word' id='word_1_379' title='bbox 418 2700 465 2723; x_wconf 81' lang='lat' dir='ltr'><strong>me</strong></span> <span class='ocrx_word' id='word_1_380' title='bbox 487 2690 523 2721; x_wconf 77' lang='lat' dir='ltr'><strong>cle</strong></span> <span class='ocrx_word' id='word_1_381' title='bbox 546 2689 628 2720; x_wconf 78' lang='lat' dir='ltr'><strong>omni</strong></span> <span class='ocrx_word' id='word_1_382' title='bbox 650 2689 806 2729; x_wconf 72' lang='lat' dir='ltr'><strong>(myzistia.</strong></span> <span class='ocrx_word' id='word_1_383' title='bbox 853 2689 903 2721; x_wconf 85' lang='lat'><strong>25.</strong></span> <span class='ocrx_word' id='word_1_384' title='bbox 929 2689 987 2720; x_wconf 71' lang='lat' dir='ltr'><strong>Ait</strong></span> <span class='ocrx_word' id='word_1_385' title='bbox 1008 2699 1079 2730; x_wconf 72' lang='lat' dir='ltr'><strong>erqo</strong></span> <span class='ocrx_word' id='word_1_386' title='bbox 1099 2689 1178 2721; x_wconf 82' lang='lat' dir='ltr'><strong>Saul</strong></span> <span class='ocrx_word' id='word_1_387' title='bbox 1201 2689 1241 2720; x_wconf 81' lang='lat' dir='ltr'><strong>ad</strong></span> <span class='ocrx_word' id='word_1_388' title='bbox 1260 2687 1384 2719; x_wconf 77' lang='lat' dir='ltr'><strong>David:</strong></span> 
     </span>
    </p>
   </div>
   <div class='ocr_carea' id='block_1_7' title="bbox 1399 474 1411 2666">
    <p class='ocr_par' dir='ltr' id='par_1_7' title="bbox 1399 474 1411 2666">
     <span class='ocr_line' id='line_1_54' title="bbox 1399 474 1411 2666; baseline 0 0"><span class='ocrx_word' id='word_1_389' title='bbox 1399 474 1411 2666; x_wconf 95' lang='lat' dir='ltr'><strong> </strong></span> 
     </span>
    </p>
   </div>
   <div class='ocr_carea' id='block_1_8' title="bbox 1426 328 2392 448">
    <p class='ocr_par' dir='ltr' id='par_1_8' title="bbox 1426 328 2392 448">
     <span class='ocr_line' id='line_1_55' title="bbox 1427 328 2392 370; baseline 0.001 -8"><span class='ocrx_word' id='word_1_390' title='bbox 1427 330 1613 362; x_wconf 72' lang='lat' dir='ltr'><strong>Benedictus</strong></span> <span class='ocrx_word' id='word_1_391' title='bbox 1635 330 1668 359; x_wconf 74' lang='lat' dir='ltr'>lu</span> <span class='ocrx_word' id='word_1_392' title='bbox 1687 328 1736 368; x_wconf 75' lang='lat' dir='ltr'><strong>fili</strong></span> <span class='ocrx_word' id='word_1_393' title='bbox 1758 329 1803 360; x_wconf 79' lang='lat' dir='ltr'><strong>mi</strong></span> <span class='ocrx_word' id='word_1_394' title='bbox 1821 328 1939 367; x_wconf 79' lang='lat' dir='ltr'><strong>David,</strong></span> <span class='ocrx_word' id='word_1_395' title='bbox 1962 330 1988 359; x_wconf 75' lang='lat' dir='ltr'><strong>el</strong></span> <span class='ocrx_word' id='word_1_396' title='bbox 2010 328 2132 368; x_wconf 77' lang='lat' dir='ltr'><strong>quidem</strong></span> <span class='ocrx_word' id='word_1_397' title='bbox 2148 328 2269 368; x_wconf 82' lang='lat' dir='ltr'><strong>faciens</strong></span> <span class='ocrx_word' id='word_1_398' title='bbox 2284 330 2392 370; x_wconf 81' lang='lat' dir='ltr'><strong>facies,</strong></span> 
     </span>
     <span class='ocr_line' id='line_1_56' title="bbox 1426 370 2390 413; baseline -0.001 -9"><span class='ocrx_word' id='word_1_399' title='bbox 1426 376 1452 405; x_wconf 72' lang='lat' dir='ltr'><strong>et</strong></span> <span class='ocrx_word' id='word_1_400' title='bbox 1469 376 1578 413; x_wconf 78' lang='lat' dir='ltr'><strong>potens</strong></span> <span class='ocrx_word' id='word_1_401' title='bbox 1597 371 1722 412; x_wconf 76' lang='lat' dir='ltr'><strong>poteris.</strong></span> <span class='ocrx_word' id='word_1_402' title='bbox 1761 371 1849 402; x_wconf 74' lang='lat' dir='ltr'><strong>Abiit</strong></span> <span class='ocrx_word' id='word_1_403' title='bbox 1871 373 1972 402; x_wconf 75' lang='lat' dir='ltr'><strong>autem</strong></span> <span class='ocrx_word' id='word_1_404' title='bbox 1995 370 2104 403; x_wconf 76' lang='lat' dir='ltr'><strong>David</strong></span> <span class='ocrx_word' id='word_1_405' title='bbox 2127 371 2161 402; x_wconf 82' lang='lat' dir='ltr'><strong>in</strong></span> <span class='ocrx_word' id='word_1_406' title='bbox 2184 371 2269 403; x_wconf 80' lang='lat' dir='ltr'><strong>viam</strong></span> <span class='ocrx_word' id='word_1_407' title='bbox 2291 383 2390 412; x_wconf 74' lang='lat' dir='ltr'><strong>suam,</strong></span> 
     </span>
     <span class='ocr_line' id='line_1_57' title="bbox 1427 415 2085 448; baseline -0.005 0"><span class='ocrx_word' id='word_1_408' title='bbox 1427 420 1452 448; x_wconf 81' lang='lat' dir='ltr'><strong>et</strong></span> <span class='ocrx_word' id='word_1_409' title='bbox 1476 415 1556 447; x_wconf 77' lang='lat' dir='ltr'><strong>Saul</strong></span> <span class='ocrx_word' id='word_1_410' title='bbox 1578 424 1720 446; x_wconf 81' lang='lat' dir='ltr'><strong>reversus</strong></span> <span class='ocrx_word' id='word_1_411' title='bbox 1742 417 1785 446; x_wconf 77' lang='lat' dir='ltr'><strong>est</strong></span> <span class='ocrx_word' id='word_1_412' title='bbox 1806 415 1840 446; x_wconf 77' lang='lat' dir='ltr'><strong>in</strong></span> <span class='ocrx_word' id='word_1_413' title='bbox 1863 415 1962 446; x_wconf 83' lang='lat' dir='ltr'><strong>locum</strong></span> <span class='ocrx_word' id='word_1_414' title='bbox 1983 424 2085 445; x_wconf 64' lang='lat' dir='ltr'><strong>mcum.</strong></span> 
     </span>
    </p>
   </div>
   <div class='ocr_carea' id='block_1_9' title="bbox 1426 499 2394 585">
    <p class='ocr_par' dir='ltr' id='par_1_9' title="bbox 1426 499 2394 585">
     <span class='ocr_line' id='line_1_58' title="bbox 1511 499 2393 533; baseline 0.001 -1"><span class='ocrx_word' id='word_1_415' title='bbox 1511 501 1675 532; x_wconf 83' lang='lat' dir='ltr'><strong>Hesterna</strong></span> <span class='ocrx_word' id='word_1_416' title='bbox 1705 500 1858 532; x_wconf 85' lang='lat' dir='ltr'><strong>concione</strong></span> <span class='ocrx_word' id='word_1_417' title='bbox 1890 499 2073 531; x_wconf 81' lang='lat' dir='ltr'><strong>audivimus</strong></span> <span class='ocrx_word' id='word_1_418' title='bbox 2103 499 2212 532; x_wconf 89' lang='lat' dir='ltr'><strong>Deum</strong></span> <span class='ocrx_word' id='word_1_419' title='bbox 2242 512 2393 533; x_wconf 90' lang='lat' dir='ltr'><strong>nonnun-</strong></span> 
     </span>
     <span class='ocr_line' id='line_1_59' title="bbox 1426 543 2394 585; baseline 0 -10"><span class='ocrx_word' id='word_1_420' title='bbox 1426 554 1523 584; x_wconf 85' lang='lat' dir='ltr'><strong>quam</strong></span> <span class='ocrx_word' id='word_1_421' title='bbox 1547 554 1604 574; x_wconf 86' lang='lat' dir='ltr'><strong>sua</strong></span> <span class='ocrx_word' id='word_1_422' title='bbox 1627 543 1728 574; x_wconf 87' lang='lat' dir='ltr'><strong>veluti</strong></span> <span class='ocrx_word' id='word_1_423' title='bbox 1758 553 1856 574; x_wconf 90' lang='lat' dir='ltr'><strong>manu</strong></span> <span class='ocrx_word' id='word_1_424' title='bbox 1887 553 1944 574; x_wconf 87' lang='lat' dir='ltr'><strong>nos</strong></span> <span class='ocrx_word' id='word_1_425' title='bbox 1975 543 2129 583; x_wconf 86' lang='lat' dir='ltr'><strong>affligere,</strong></span> <span class='ocrx_word' id='word_1_426' title='bbox 2160 554 2394 585; x_wconf 85' lang='lat' dir='ltr'><strong>nonnunquam</strong></span> 
     </span>
    </p>
   </div>
   <div class='ocr_carea' id='block_1_10' title="bbox 1399 585 2392 626">
    <p class='ocr_par' dir='ltr' id='par_1_10' title="bbox 1399 585 2392 626">
     <span class='ocr_line' id='line_1_60' title="bbox 1399 585 2392 626; baseline 0.001 -8"><span class='ocrx_word' id='word_1_427' title='bbox 1399 621 1401 626; x_wconf 57' lang='grc'><strong>,</strong></span> <span class='ocrx_word' id='word_1_428' title='bbox 1425 588 1520 618; x_wconf 87' lang='lat' dir='ltr'><strong>etiam</strong></span> <span class='ocrx_word' id='word_1_429' title='bbox 1545 586 1618 618; x_wconf 86' lang='lat' dir='ltr'><strong>aliis</strong></span> <span class='ocrx_word' id='word_1_430' title='bbox 1642 586 1688 617; x_wconf 85' lang='lat' dir='ltr'><strong>uti</strong></span> <span class='ocrx_word' id='word_1_431' title='bbox 1712 585 1908 617; x_wconf 87' lang='lat' dir='ltr'><strong>rationibus:</strong></span> <span class='ocrx_word' id='word_1_432' title='bbox 1940 585 2074 624; x_wconf 83' lang='lat' dir='ltr'>Quoties</span> <span class='ocrx_word' id='word_1_433' title='bbox 2097 591 2208 617; x_wconf 90' lang='lat' dir='ltr'><strong>autem</strong></span> <span class='ocrx_word' id='word_1_434' title='bbox 2233 587 2301 619; x_wconf 87' lang='lat' dir='ltr'><strong>eius</strong></span> <span class='ocrx_word' id='word_1_435' title='bbox 2325 597 2392 618; x_wconf 83' lang='lat' dir='ltr'><strong>ma-</strong></span> 
     </span>
    </p>
   </div>
   <div class='ocr_carea' id='block_1_11' title="bbox 1424 628 2403 2718">
    <p class='ocr_par' dir='ltr' id='par_1_11' title="bbox 1424 628 2403 2555">
     <span class='ocr_line' id='line_1_61' title="bbox 1426 628 2394 670; baseline 0.001 -9"><span class='ocrx_word' id='word_1_436' title='bbox 1426 641 1502 661; x_wconf 88' lang='lat' dir='ltr'><strong>num</strong></span> <span class='ocrx_word' id='word_1_437' title='bbox 1527 629 1740 670; x_wconf 82' lang='lat' dir='ltr'>agnoscimus,</span> <span class='ocrx_word' id='word_1_438' title='bbox 1763 634 1796 660; x_wconf 89' lang='lat' dir='ltr'><strong>et</strong></span> <span class='ocrx_word' id='word_1_439' title='bbox 1817 629 1856 660; x_wconf 91' lang='lat' dir='ltr'><strong>ab</strong></span> <span class='ocrx_word' id='word_1_440' title='bbox 1880 629 1950 669; x_wconf 83' lang='lat' dir='ltr'><strong>ipso</strong></span> <span class='ocrx_word' id='word_1_441' title='bbox 1973 628 2094 660; x_wconf 88' lang='lat' dir='ltr'><strong>malum</strong></span> <span class='ocrx_word' id='word_1_442' title='bbox 2128 640 2261 662; x_wconf 85' lang='lat' dir='ltr'><strong>manare</strong></span> <span class='ocrx_word' id='word_1_443' title='bbox 2290 630 2394 662; x_wconf 86' lang='lat' dir='ltr'><strong>cerni-</strong></span> 
     </span>
     <span class='ocr_line' id='line_1_62' title="bbox 1426 670 2393 712; baseline 0 -8"><span class='ocrx_word' id='word_1_444' title='bbox 1426 683 1507 709; x_wconf 86' lang='lat' dir='ltr'>mus,</span> <span class='ocrx_word' id='word_1_445' title='bbox 1537 672 1597 704; x_wconf 91' lang='lat' dir='ltr'><strong>hoc</strong></span> <span class='ocrx_word' id='word_1_446' title='bbox 1621 682 1724 703; x_wconf 89' lang='lat' dir='ltr'><strong>unum</strong></span> <span class='ocrx_word' id='word_1_447' title='bbox 1747 671 1840 703; x_wconf 86' lang='lat' dir='ltr'><strong>nobis</strong></span> <span class='ocrx_word' id='word_1_448' title='bbox 1870 670 2050 703; x_wconf 86' lang='lat' dir='ltr'><strong>remedium</strong></span> <span class='ocrx_word' id='word_1_449' title='bbox 2081 682 2250 712; x_wconf 79' lang='lat' dir='ltr'><strong>superesse</strong></span> <span class='ocrx_word' id='word_1_450' title='bbox 2280 673 2393 706; x_wconf 89' lang='lat' dir='ltr'><strong>didici-</strong></span> 
     </span>
     <span class='ocr_line' id='line_1_63' title="bbox 1426 715 2391 755; baseline 0.002 -9"><span class='ocrx_word' id='word_1_451' title='bbox 1426 726 1506 753; x_wconf 83' lang='lat' dir='ltr'><strong>mus,</strong></span> <span class='ocrx_word' id='word_1_452' title='bbox 1540 720 1576 746; x_wconf 89' lang='lat' dir='ltr'><strong>ut</strong></span> <span class='ocrx_word' id='word_1_453' title='bbox 1610 715 1760 746; x_wconf 76' lang='lat' dir='ltr'><strong>obturato</strong></span> <span class='ocrx_word' id='word_1_454' title='bbox 1793 725 1846 745; x_wconf 90' lang='lat' dir='ltr'><strong>oro</strong></span> <span class='ocrx_word' id='word_1_455' title='bbox 1880 719 2011 755; x_wconf 85' lang='lat' dir='ltr'><strong>peccata</strong></span> <span class='ocrx_word' id='word_1_456' title='bbox 2041 720 2253 755; x_wconf 78' lang='lat' dir='ltr'><strong>agnoscentes</strong></span> <span class='ocrx_word' id='word_1_457' title='bbox 2282 726 2391 748; x_wconf 82' lang='lat' dir='ltr'><strong>coram</strong></span> 
     </span>
     <span class='ocr_line' id='line_1_64' title="bbox 1425 756 2392 799; baseline 0.001 -10"><span class='ocrx_word' id='word_1_458' title='bbox 1425 759 1494 799; x_wconf 67' lang='lat' dir='ltr'><strong>ipso</strong></span> <span class='ocrx_word' id='word_1_459' title='bbox 1517 757 1718 789; x_wconf 86' lang='lat' dir='ltr'><strong>deiiciamur.</strong></span> <span class='ocrx_word' id='word_1_460' title='bbox 1763 756 1800 788; x_wconf 85' lang='lat' dir='ltr'><strong>Si</strong></span> <span class='ocrx_word' id='word_1_461' title='bbox 1823 767 1901 789; x_wconf 89' lang='lat' dir='ltr'><strong>vero</strong></span> <span class='ocrx_word' id='word_1_462' title='bbox 1925 757 2094 788; x_wconf 89' lang='lat' dir='ltr'><strong>hominum</strong></span> <span class='ocrx_word' id='word_1_463' title='bbox 2117 759 2288 790; x_wconf 86' lang='lat' dir='ltr'><strong>accesserit</strong></span> <span class='ocrx_word' id='word_1_464' title='bbox 2311 769 2392 799; x_wconf 82' lang='lat' dir='ltr'><strong>opus</strong></span> 
     </span>
     <span class='ocr_line' id='line_1_65' title="bbox 1425 800 2393 840; baseline 0.001 -8"><span class='ocrx_word' id='word_1_465' title='bbox 1425 808 1457 832; x_wconf 84' lang='lat' dir='ltr'><strong>ct</strong></span> <span class='ocrx_word' id='word_1_466' title='bbox 1492 802 1659 838; x_wconf 82' lang='lat' dir='ltr'><strong>voluntas,</strong></span> <span class='ocrx_word' id='word_1_467' title='bbox 1701 800 1733 831; x_wconf 89' lang='lat' dir='ltr'><strong>id</strong></span> <span class='ocrx_word' id='word_1_468' title='bbox 1768 806 1816 831; x_wconf 87' lang='lat' dir='ltr'><strong>est</strong></span> <span class='ocrx_word' id='word_1_469' title='bbox 1851 800 1981 831; x_wconf 89' lang='lat' dir='ltr'><strong>illorum</strong></span> <span class='ocrx_word' id='word_1_470' title='bbox 2016 810 2114 840; x_wconf 89' lang='lat' dir='ltr'><strong>opera</strong></span> <span class='ocrx_word' id='word_1_471' title='bbox 2148 801 2238 833; x_wconf 88' lang='lat' dir='ltr'><strong>Deus</strong></span> <span class='ocrx_word' id='word_1_472' title='bbox 2272 806 2393 840; x_wconf 84' lang='lat' dir='ltr'><strong>utatur,</strong></span> 
     </span>
     <span class='ocr_line' id='line_1_66' title="bbox 1425 843 2394 884; baseline 0.001 -9"><span class='ocrx_word' id='word_1_473' title='bbox 1425 843 1694 884; x_wconf 83' lang='lat' dir='ltr'>quemadmodum</span> <span class='ocrx_word' id='word_1_474' title='bbox 1713 843 1767 883; x_wconf 91' lang='lat' dir='ltr'><strong>qui</strong></span> <span class='ocrx_word' id='word_1_475' title='bbox 1788 843 1887 874; x_wconf 90' lang='lat' dir='ltr'><strong>alium</strong></span> <span class='ocrx_word' id='word_1_476' title='bbox 1900 853 2114 882; x_wconf 84' lang='lat' dir='ltr'><strong>percussurus</strong></span> <span class='ocrx_word' id='word_1_477' title='bbox 2128 854 2227 875; x_wconf 88' lang='lat' dir='ltr'><strong>manu</strong></span> <span class='ocrx_word' id='word_1_478' title='bbox 2244 843 2394 876; x_wconf 86' lang='lat' dir='ltr'><strong>baculum</strong></span> 
     </span>
     <span class='ocr_line' id='line_1_67' title="bbox 1424 885 2392 927; baseline 0.001 -10"><span class='ocrx_word' id='word_1_479' title='bbox 1424 887 1547 927; x_wconf 84' lang='lat' dir='ltr'><strong>arripit,</strong></span> <span class='ocrx_word' id='word_1_480' title='bbox 1572 891 1639 917; x_wconf 88' lang='lat' dir='ltr'><strong>tum</strong></span> <span class='ocrx_word' id='word_1_481' title='bbox 1661 885 1820 926; x_wconf 86' lang='lat' dir='ltr'>duplicem</span> <span class='ocrx_word' id='word_1_482' title='bbox 1840 896 1910 917; x_wconf 84' lang='lat' dir='ltr'><strong>esse</strong></span> <span class='ocrx_word' id='word_1_483' title='bbox 1929 885 2219 918; x_wconf 77' lang='lat' dir='ltr'><strong>considerationem</strong></span> <span class='ocrx_word' id='word_1_484' title='bbox 2241 888 2392 920; x_wconf 83' lang='lat' dir='ltr'><strong>sciamus.</strong></span> 
     </span>
     <span class='ocr_line' id='line_1_68' title="bbox 1424 928 2393 970; baseline 0.001 -9"><span class='ocrx_word' id='word_1_485' title='bbox 1424 931 1507 962; x_wconf 81' lang='lat' dir='ltr'><strong>Nam</strong></span> <span class='ocrx_word' id='word_1_486' title='bbox 1532 940 1627 970; x_wconf 80' lang='lat' dir='ltr'><strong>saepe</strong></span> <span class='ocrx_word' id='word_1_487' title='bbox 1657 928 1704 960; x_wconf 90' lang='lat' dir='ltr'><strong>illi</strong></span> <span class='ocrx_word' id='word_1_488' title='bbox 1728 929 1844 969; x_wconf 89' lang='lat' dir='ltr'><strong>quibus</strong></span> <span class='ocrx_word' id='word_1_489' title='bbox 1868 928 1959 960; x_wconf 87' lang='lat' dir='ltr'><strong>Deus</strong></span> <span class='ocrx_word' id='word_1_490' title='bbox 1988 928 2093 959; x_wconf 87' lang='lat' dir='ltr'><strong>utitur</strong></span> <span class='ocrx_word' id='word_1_491' title='bbox 2124 935 2277 970; x_wconf 88' lang='lat' dir='ltr'><strong>tanquam</strong></span> <span class='ocrx_word' id='word_1_492' title='bbox 2301 940 2393 962; x_wconf 72' lang='lat' dir='ltr'><strong>exse-</strong></span> 
     </span>
     <span class='ocr_line' id='line_1_69' title="bbox 1424 971 2394 1014; baseline 0.002 -10"><span class='ocrx_word' id='word_1_493' title='bbox 1424 972 1616 1014; x_wconf 88' lang='lat' dir='ltr'><strong>quutoribus</strong></span> <span class='ocrx_word' id='word_1_494' title='bbox 1639 977 1671 1002; x_wconf 87' lang='lat' dir='ltr'><strong>et</strong></span> <span class='ocrx_word' id='word_1_495' title='bbox 1694 971 1850 1003; x_wconf 81' lang='lat' dir='ltr'><strong>ministris</strong></span> <span class='ocrx_word' id='word_1_496' title='bbox 1874 981 2008 1002; x_wconf 85' lang='lat' dir='ltr'><strong>suorum</strong></span> <span class='ocrx_word' id='word_1_497' title='bbox 2031 971 2224 1004; x_wconf 89' lang='lat' dir='ltr'><strong>iudiciorum</strong></span> <span class='ocrx_word' id='word_1_498' title='bbox 2254 973 2394 1014; x_wconf 91' lang='lat' dir='ltr'>improbi</span> 
     </span>
     <span class='ocr_line' id='line_1_70' title="bbox 1424 1014 2396 1057; baseline 0.003 -11"><span class='ocrx_word' id='word_1_499' title='bbox 1424 1024 1455 1047; x_wconf 87' lang='lat' dir='ltr'><strong>et</strong></span> <span class='ocrx_word' id='word_1_500' title='bbox 1478 1015 1629 1057; x_wconf 85' lang='lat' dir='ltr'><strong>flagitiosi</strong></span> <span class='ocrx_word' id='word_1_501' title='bbox 1652 1020 1741 1046; x_wconf 88' lang='lat' dir='ltr'><strong>sunt:</strong></span> <span class='ocrx_word' id='word_1_502' title='bbox 1773 1024 1950 1054; x_wconf 87' lang='lat' dir='ltr'><strong>eorumque</strong></span> <span class='ocrx_word' id='word_1_503' title='bbox 1974 1014 2123 1046; x_wconf 88' lang='lat' dir='ltr'><strong>voluntas</strong></span> <span class='ocrx_word' id='word_1_504' title='bbox 2146 1014 2209 1046; x_wconf 87' lang='lat' dir='ltr'><strong>Dei</strong></span> <span class='ocrx_word' id='word_1_505' title='bbox 2234 1016 2396 1049; x_wconf 81' lang='lat' dir='ltr'><strong>voluntati</strong></span> 
     </span>
     <span class='ocr_line' id='line_1_71' title="bbox 1424 1057 2394 1097; baseline 0.002 -7"><span class='ocrx_word' id='word_1_506' title='bbox 1424 1059 1565 1090; x_wconf 73' lang='lat' dir='ltr'><strong>maxime</strong></span> <span class='ocrx_word' id='word_1_507' title='bbox 1578 1057 1765 1095; x_wconf 70' lang='lat' dir='ltr'><strong>reluctatur,</strong></span> <span class='ocrx_word' id='word_1_508' title='bbox 1789 1068 1868 1097; x_wconf 88' lang='lat' dir='ltr'><strong>quos</strong></span> <span class='ocrx_word' id='word_1_509' title='bbox 1883 1057 2028 1095; x_wconf 85' lang='lat' dir='ltr'><strong>avaritia,</strong></span> <span class='ocrx_word' id='word_1_510' title='bbox 2054 1058 2197 1096; x_wconf 82' lang='lat' dir='ltr'>ambitio,</span> <span class='ocrx_word' id='word_1_511' title='bbox 2221 1059 2394 1092; x_wconf 84' lang='lat' dir='ltr'><strong>crudelitas</strong></span> 
     </span>
     <span class='ocr_line' id='line_1_72' title="bbox 1424 1100 2396 1143; baseline 0.002 -11"><span class='ocrx_word' id='word_1_512' title='bbox 1424 1101 1572 1142; x_wconf 85' lang='lat' dir='ltr'>impellit.</span> <span class='ocrx_word' id='word_1_513' title='bbox 1635 1101 1692 1132; x_wconf 86' lang='lat' dir='ltr'><strong>Sic</strong></span> <span class='ocrx_word' id='word_1_514' title='bbox 1732 1100 1872 1140; x_wconf 81' lang='lat' dir='ltr'><strong>exempli</strong></span> <span class='ocrx_word' id='word_1_515' title='bbox 1915 1101 2019 1140; x_wconf 90' lang='lat' dir='ltr'><strong>gratia</strong></span> <span class='ocrx_word' id='word_1_516' title='bbox 2061 1100 2208 1133; x_wconf 86' lang='lat' dir='ltr'><strong>videmus</strong></span> <span class='ocrx_word' id='word_1_517' title='bbox 2242 1103 2396 1143; x_wconf 83' lang='lat' dir='ltr'><strong>Assyrios</strong></span> 
     </span>
     <span class='ocr_line' id='line_1_73' title="bbox 1425 1142 2396 1185; baseline 0.002 -9"><span class='ocrx_word' id='word_1_518' title='bbox 1425 1145 1590 1176; x_wconf 83' lang='lat' dir='ltr'><strong>ministros</strong></span> <span class='ocrx_word' id='word_1_519' title='bbox 1616 1144 1714 1175; x_wconf 85' lang='lat' dir='ltr'><strong>fuisse</strong></span> <span class='ocrx_word' id='word_1_520' title='bbox 1736 1143 1799 1174; x_wconf 92' lang='lat' dir='ltr'><strong>Dei</strong></span> <span class='ocrx_word' id='word_1_521' title='bbox 1823 1143 1857 1173; x_wconf 92' lang='lat' dir='ltr'><strong>in</strong></span> <span class='ocrx_word' id='word_1_522' title='bbox 1881 1142 2042 1175; x_wconf 86' lang='lat' dir='ltr'><strong>caedendo</strong></span> <span class='ocrx_word' id='word_1_523' title='bbox 2063 1143 2184 1184; x_wconf 91' lang='lat' dir='ltr'>populo</span> <span class='ocrx_word' id='word_1_524' title='bbox 2206 1144 2396 1185; x_wconf 83' lang='lat' dir='ltr'><strong>Israelitico,</strong></span> 
     </span>
     <span class='ocr_line' id='line_1_74' title="bbox 1425 1184 2396 1229; baseline 0.003 -11"><span class='ocrx_word' id='word_1_525' title='bbox 1425 1188 1478 1228; x_wconf 90' lang='lat' dir='ltr'><strong>qui</strong></span> <span class='ocrx_word' id='word_1_526' title='bbox 1514 1187 1594 1218; x_wconf 89' lang='lat' dir='ltr'>nihil</span> <span class='ocrx_word' id='word_1_527' title='bbox 1629 1187 1737 1218; x_wconf 84' lang='lat' dir='ltr'><strong>minus</strong></span> <span class='ocrx_word' id='word_1_528' title='bbox 1771 1196 1867 1226; x_wconf 87' lang='lat' dir='ltr'><strong>quam</strong></span> <span class='ocrx_word' id='word_1_529' title='bbox 1902 1185 1941 1216; x_wconf 90' lang='lat' dir='ltr'><strong>de</strong></span> <span class='ocrx_word' id='word_1_530' title='bbox 1965 1184 2036 1217; x_wconf 91' lang='lat' dir='ltr'><strong>Deo</strong></span> <span class='ocrx_word' id='word_1_531' title='bbox 2071 1190 2103 1218; x_wconf 90' lang='lat' dir='ltr'><strong>et</strong></span> <span class='ocrx_word' id='word_1_532' title='bbox 2134 1186 2262 1219; x_wconf 89' lang='lat' dir='ltr'><strong>iudiciis</strong></span> <span class='ocrx_word' id='word_1_533' title='bbox 2292 1188 2396 1229; x_wconf 86' lang='lat' dir='ltr'><strong>ipsius</strong></span> 
     </span>
     <span class='ocr_line' id='line_1_75' title="bbox 1425 1228 2397 1271; baseline 0.001 -9"><span class='ocrx_word' id='word_1_534' title='bbox 1425 1230 1626 1271; x_wconf 77' lang='lat' dir='ltr'>cogitabant,</span> <span class='ocrx_word' id='word_1_535' title='bbox 1667 1229 1746 1260; x_wconf 89' lang='lat' dir='ltr'><strong>adeo</strong></span> <span class='ocrx_word' id='word_1_536' title='bbox 1776 1234 1812 1260; x_wconf 88' lang='lat' dir='ltr'><strong>ut</strong></span> <span class='ocrx_word' id='word_1_537' title='bbox 1841 1228 2055 1260; x_wconf 89' lang='lat' dir='ltr'><strong>nihilominus</strong></span> <span class='ocrx_word' id='word_1_538' title='bbox 2091 1229 2397 1264; x_wconf 85' lang='lat' dir='ltr'><strong>condemnationem</strong></span> 
     </span>
     <span class='ocr_line' id='line_1_76' title="bbox 1426 1271 2397 1315; baseline 0.002 -11"><span class='ocrx_word' id='word_1_539' title='bbox 1426 1278 1630 1310; x_wconf 82' lang='lat' dir='ltr'><strong>mereant-ur,</strong></span> <span class='ocrx_word' id='word_1_540' title='bbox 1664 1272 1739 1304; x_wconf 88' lang='lat' dir='ltr'><strong>licet</strong></span> <span class='ocrx_word' id='word_1_541' title='bbox 1768 1272 1859 1303; x_wconf 89' lang='lat' dir='ltr'><strong>Deus</strong></span> <span class='ocrx_word' id='word_1_542' title='bbox 1887 1271 2033 1312; x_wconf 75' lang='lat' dir='ltr'><strong>ipsorum</strong></span> <span class='ocrx_word' id='word_1_543' title='bbox 2058 1277 2168 1304; x_wconf 87' lang='lat' dir='ltr'><strong>utatur</strong></span> <span class='ocrx_word' id='word_1_544' title='bbox 2199 1283 2311 1313; x_wconf 86' lang='lat' dir='ltr'><strong>opera,</strong></span> <span class='ocrx_word' id='word_1_545' title='bbox 2341 1275 2397 1315; x_wconf 85' lang='lat' dir='ltr'><strong>qui</strong></span> 
     </span>
     <span class='ocr_line' id='line_1_77' title="bbox 1427 1314 2396 1357; baseline 0.002 -10"><span class='ocrx_word' id='word_1_546' title='bbox 1427 1317 1536 1357; x_wconf 78' lang='lat' dir='ltr'><strong>pravis</strong></span> <span class='ocrx_word' id='word_1_547' title='bbox 1566 1315 1794 1346; x_wconf 81' lang='lat' dir='ltr'><strong>instrumentis</strong></span> <span class='ocrx_word' id='word_1_548' title='bbox 1823 1314 1863 1345; x_wconf 88' lang='lat' dir='ltr'><strong>ad</strong></span> <span class='ocrx_word' id='word_1_549' title='bbox 1894 1325 1988 1346; x_wconf 89' lang='lat' dir='ltr'><strong>suum</strong></span> <span class='ocrx_word' id='word_1_550' title='bbox 2026 1325 2106 1354; x_wconf 83' lang='lat' dir='ltr'><strong>opus</strong></span> <span class='ocrx_word' id='word_1_551' title='bbox 2137 1317 2396 1355; x_wconf 89' lang='lat' dir='ltr'><strong>promovendum</strong></span> 
     </span>
     <span class='ocr_line' id='line_1_78' title="bbox 1428 1357 2398 1399; baseline 0.002 -9"><span class='ocrx_word' id='word_1_552' title='bbox 1428 1360 1475 1390; x_wconf 90' lang='lat' dir='ltr'><strong>uti</strong></span> <span class='ocrx_word' id='word_1_553' title='bbox 1498 1365 1621 1399; x_wconf 88' lang='lat' dir='ltr'><strong>potest:</strong></span> <span class='ocrx_word' id='word_1_554' title='bbox 1653 1362 1685 1390; x_wconf 90' lang='lat' dir='ltr'><strong>et</strong></span> <span class='ocrx_word' id='word_1_555' title='bbox 1705 1362 1817 1389; x_wconf 89' lang='lat' dir='ltr'><strong>tantus</strong></span> <span class='ocrx_word' id='word_1_556' title='bbox 1841 1365 1888 1388; x_wconf 86' lang='lat' dir='ltr'><strong>est</strong></span> <span class='ocrx_word' id='word_1_557' title='bbox 1911 1357 2037 1395; x_wconf 78' lang='lat' dir='ltr'><strong>artifex,</strong></span> <span class='ocrx_word' id='word_1_558' title='bbox 2068 1363 2105 1388; x_wconf 84' lang='lat' dir='ltr'><strong>ut</strong></span> <span class='ocrx_word' id='word_1_559' title='bbox 2134 1369 2262 1399; x_wconf 82' lang='lat' dir='ltr'><strong>semper</strong></span> <span class='ocrx_word' id='word_1_560' title='bbox 2292 1360 2398 1392; x_wconf 84' lang='lat' dir='ltr'><strong>iustus</strong></span> 
     </span>
     <span class='ocr_line' id='line_1_79' title="bbox 1427 1400 2396 1443; baseline 0.003 -11"><span class='ocrx_word' id='word_1_561' title='bbox 1427 1403 1467 1433; x_wconf 86' lang='lat' dir='ltr'><strong>sit</strong></span> <span class='ocrx_word' id='word_1_562' title='bbox 1491 1403 1525 1432; x_wconf 90' lang='lat' dir='ltr'><strong>in</strong></span> <span class='ocrx_word' id='word_1_563' title='bbox 1549 1401 1699 1432; x_wconf 88' lang='lat' dir='ltr'><strong>omnibus</strong></span> <span class='ocrx_word' id='word_1_564' title='bbox 1725 1400 1876 1441; x_wconf 83' lang='lat' dir='ltr'><strong>operibus</strong></span> <span class='ocrx_word' id='word_1_565' title='bbox 1899 1401 1975 1437; x_wconf 88' lang='lat' dir='ltr'><strong>suis,</strong></span> <span class='ocrx_word' id='word_1_566' title='bbox 2005 1406 2035 1431; x_wconf 89' lang='lat' dir='ltr'><strong>et</strong></span> <span class='ocrx_word' id='word_1_567' title='bbox 2067 1405 2175 1432; x_wconf 84' lang='lat' dir='ltr'><strong>tamen</strong></span> <span class='ocrx_word' id='word_1_568' title='bbox 2206 1403 2227 1433; x_wconf 93' lang='lat' dir='ltr'><strong>ii</strong></span> <span class='ocrx_word' id='word_1_569' title='bbox 2257 1413 2396 1443; x_wconf 90' lang='lat' dir='ltr'><strong>quorum</strong></span> 
     </span>
     <span class='ocr_line' id='line_1_80' title="bbox 1429 1442 2398 1485; baseline 0.002 -9"><span class='ocrx_word' id='word_1_570' title='bbox 1429 1445 1530 1476; x_wconf 85' lang='lat' dir='ltr'><strong>utitur</strong></span> <span class='ocrx_word' id='word_1_571' title='bbox 1553 1454 1651 1485; x_wconf 87' lang='lat' dir='ltr'><strong>opera</strong></span> <span class='ocrx_word' id='word_1_572' title='bbox 1673 1444 1745 1484; x_wconf 54' lang='lat' dir='ltr'><strong>,sint</strong></span> <span class='ocrx_word' id='word_1_573' title='bbox 1774 1445 1821 1474; x_wconf 89' lang='lat' dir='ltr'><strong>rei</strong></span> <span class='ocrx_word' id='word_1_574' title='bbox 1852 1448 1883 1474; x_wconf 87' lang='lat' dir='ltr'><strong>et</strong></span> <span class='ocrx_word' id='word_1_575' title='bbox 1911 1442 2182 1475; x_wconf 84' lang='lat' dir='ltr'><strong>condemnabiles.</strong></span> <span class='ocrx_word' id='word_1_576' title='bbox 2228 1444 2338 1484; x_wconf 80' lang='lat' dir='ltr'><strong>Quare</strong></span> <span class='ocrx_word' id='word_1_577' title='bbox 2369 1445 2398 1478; x_wconf 90' lang='lat' dir='ltr'><strong>si</strong></span> 
     </span>
     <span class='ocr_line' id='line_1_81' title="bbox 1428 1485 2398 1528; baseline 0.001 -9"><span class='ocrx_word' id='word_1_578' title='bbox 1428 1489 1499 1528; x_wconf 87' lang='lat' dir='ltr'><strong>quis</strong></span> <span class='ocrx_word' id='word_1_579' title='bbox 1523 1497 1623 1527; x_wconf 87' lang='lat' dir='ltr'><strong>pravo</strong></span> <span class='ocrx_word' id='word_1_580' title='bbox 1647 1487 1754 1518; x_wconf 90' lang='lat' dir='ltr'><strong>animo</strong></span> <span class='ocrx_word' id='word_1_581' title='bbox 1785 1497 1842 1517; x_wconf 88' lang='lat' dir='ltr'><strong>nos</strong></span> <span class='ocrx_word' id='word_1_582' title='bbox 1873 1485 2070 1526; x_wconf 86' lang='lat' dir='ltr'><strong>aggreditur,</strong></span> <span class='ocrx_word' id='word_1_583' title='bbox 2102 1492 2134 1517; x_wconf 88' lang='lat' dir='ltr'><strong>et</strong></span> <span class='ocrx_word' id='word_1_584' title='bbox 2166 1488 2264 1519; x_wconf 80' lang='lat' dir='ltr'><strong>variis</strong></span> <span class='ocrx_word' id='word_1_585' title='bbox 2294 1487 2398 1520; x_wconf 77' lang='lat' dir='ltr'><strong>modis</strong></span> 
     </span>
     <span class='ocr_line' id='line_1_82' title="bbox 1428 1529 2399 1571; baseline 0.001 -9"><span class='ocrx_word' id='word_1_586' title='bbox 1428 1531 1544 1571; x_wconf 80' lang='lat' dir='ltr'><strong>affligit</strong></span> <span class='ocrx_word' id='word_1_587' title='bbox 1566 1530 1635 1562; x_wconf 86' lang='lat' dir='ltr'><strong>siue</strong></span> <span class='ocrx_word' id='word_1_588' title='bbox 1658 1540 1756 1561; x_wconf 85' lang='lat' dir='ltr'><strong>causa</strong></span> <span class='ocrx_word' id='word_1_589' title='bbox 1778 1529 1932 1570; x_wconf 85' lang='lat' dir='ltr'><strong>legitima,</strong></span> <span class='ocrx_word' id='word_1_590' title='bbox 1957 1539 1996 1559; x_wconf 89' lang='lat' dir='ltr'><strong>ne</strong></span> <span class='ocrx_word' id='word_1_591' title='bbox 2015 1539 2080 1560; x_wconf 91' lang='lat' dir='ltr'><strong>non</strong></span> <span class='ocrx_word' id='word_1_592' title='bbox 2100 1534 2270 1570; x_wconf 84' lang='lat' dir='ltr'><strong>propterea</strong></span> <span class='ocrx_word' id='word_1_593' title='bbox 2289 1531 2399 1563; x_wconf 85' lang='lat' dir='ltr'><strong>Deum</strong></span> 
     </span>
     <span class='ocr_line' id='line_1_83' title="bbox 1429 1572 2399 1614; baseline 0.001 -9"><span class='ocrx_word' id='word_1_594' title='bbox 1429 1574 1556 1614; x_wconf 80' lang='lat' dir='ltr'><strong>operari</strong></span> <span class='ocrx_word' id='word_1_595' title='bbox 1579 1573 1785 1612; x_wconf 85' lang='lat' dir='ltr'><strong>arbitremur,</strong></span> <span class='ocrx_word' id='word_1_596' title='bbox 1813 1572 1870 1603; x_wconf 88' lang='lat' dir='ltr'><strong>sed</strong></span> <span class='ocrx_word' id='word_1_597' title='bbox 1900 1582 1973 1603; x_wconf 88' lang='lat' dir='ltr'><strong>eum</strong></span> <span class='ocrx_word' id='word_1_598' title='bbox 2005 1582 2062 1603; x_wconf 83' lang='lat' dir='ltr'><strong>nos</strong></span> <span class='ocrx_word' id='word_1_599' title='bbox 2094 1572 2134 1603; x_wconf 88' lang='lat' dir='ltr'><strong>ad</strong></span> <span class='ocrx_word' id='word_1_600' title='bbox 2167 1574 2399 1613; x_wconf 79' lang='lat' dir='ltr'><strong>poenitentiam</strong></span> 
     </span>
     <span class='ocr_line' id='line_1_84' title="bbox 1429 1614 2399 1653; baseline 0.001 -5"><span class='ocrx_word' id='word_1_601' title='bbox 1429 1627 1590 1653; x_wconf 85' lang='lat' dir='ltr'><strong>revocare,</strong></span> <span class='ocrx_word' id='word_1_602' title='bbox 1614 1622 1646 1647; x_wconf 91' lang='lat' dir='ltr'><strong>et</strong></span> <span class='ocrx_word' id='word_1_603' title='bbox 1668 1615 1709 1647; x_wconf 89' lang='lat' dir='ltr'><strong>ad</strong></span> <span class='ocrx_word' id='word_1_604' title='bbox 1732 1615 1870 1647; x_wconf 82' lang='lat' dir='ltr'><strong>salutem</strong></span> <span class='ocrx_word' id='word_1_605' title='bbox 1889 1614 2018 1646; x_wconf 86' lang='lat' dir='ltr'><strong>erudire</strong></span> <span class='ocrx_word' id='word_1_606' title='bbox 2037 1615 2185 1647; x_wconf 86' lang='lat' dir='ltr'><strong>sciamus.</strong></span> <span class='ocrx_word' id='word_1_607' title='bbox 2223 1616 2317 1648; x_wconf 84' lang='lat' dir='ltr'><strong>Licet</strong></span> <span class='ocrx_word' id='word_1_608' title='bbox 2338 1618 2399 1649; x_wconf 79' lang='lat' dir='ltr'><strong>ita-</strong></span> 
     </span>
     <span class='ocr_line' id='line_1_85' title="bbox 1429 1657 2399 1700; baseline 0.001 -9"><span class='ocrx_word' id='word_1_609' title='bbox 1429 1671 1490 1700; x_wconf 84' lang='lat' dir='ltr'><strong>que</strong></span> <span class='ocrx_word' id='word_1_610' title='bbox 1513 1659 1551 1690; x_wconf 87' lang='lat' dir='ltr'><strong>de</strong></span> <span class='ocrx_word' id='word_1_611' title='bbox 1574 1659 1694 1690; x_wconf 88' lang='lat' dir='ltr'><strong>iniuria</strong></span> <span class='ocrx_word' id='word_1_612' title='bbox 1713 1658 1804 1690; x_wconf 83' lang='lat' dir='ltr'><strong>nobis</strong></span> <span class='ocrx_word' id='word_1_613' title='bbox 1822 1657 1908 1690; x_wconf 88' lang='lat' dir='ltr'><strong>facta</strong></span> <span class='ocrx_word' id='word_1_614' title='bbox 1930 1658 2081 1697; x_wconf 87' lang='lat' dir='ltr'><strong>conqueri</strong></span> <span class='ocrx_word' id='word_1_615' title='bbox 2101 1659 2216 1690; x_wconf 86' lang='lat' dir='ltr'><strong>merito</strong></span> <span class='ocrx_word' id='word_1_616' title='bbox 2229 1659 2399 1699; x_wconf 84' lang='lat' dir='ltr'><strong>possimus,</strong></span> 
     </span>
     <span class='ocr_line' id='line_1_86' title="bbox 1431 1700 2401 1742; baseline 0 -8"><span class='ocrx_word' id='word_1_617' title='bbox 1431 1708 1641 1742; x_wconf 89' lang='lat' dir='ltr'><strong>nostramque</strong></span> <span class='ocrx_word' id='word_1_618' title='bbox 1672 1701 1759 1742; x_wconf 86' lang='lat' dir='ltr'><strong>apud</strong></span> <span class='ocrx_word' id='word_1_619' title='bbox 1787 1700 1895 1732; x_wconf 90' lang='lat' dir='ltr'><strong>Deum</strong></span> <span class='ocrx_word' id='word_1_620' title='bbox 1924 1700 2143 1732; x_wconf 89' lang='lat' dir='ltr'><strong>innocentiam</strong></span> <span class='ocrx_word' id='word_1_621' title='bbox 2174 1702 2336 1742; x_wconf 85' lang='lat' dir='ltr'><strong>proferre,</strong></span> <span class='ocrx_word' id='word_1_622' title='bbox 2365 1706 2401 1734; x_wconf 83' lang='lat' dir='ltr'><strong>et</strong></span> 
     </span>
     <span class='ocr_line' id='line_1_87' title="bbox 1431 1743 2401 1783; baseline 0.001 -6"><span class='ocrx_word' id='word_1_623' title='bbox 1431 1746 1513 1777; x_wconf 88' lang='lat' dir='ltr'><strong>bona</strong></span> <span class='ocrx_word' id='word_1_624' title='bbox 1535 1744 1732 1777; x_wconf 81' lang='lat' dir='ltr'><strong>conscientia</strong></span> <span class='ocrx_word' id='word_1_625' title='bbox 1745 1755 1804 1776; x_wconf 89' lang='lat' dir='ltr'><strong>nos</strong></span> <span class='ocrx_word' id='word_1_626' title='bbox 1827 1743 1922 1782; x_wconf 87' lang='lat' dir='ltr'><strong>tueri,</strong></span> <span class='ocrx_word' id='word_1_627' title='bbox 1945 1743 2028 1783; x_wconf 90' lang='lat' dir='ltr'><strong>quod</strong></span> <span class='ocrx_word' id='word_1_628' title='bbox 2047 1744 2131 1775; x_wconf 88' lang='lat' dir='ltr'><strong>ultro</strong></span> <span class='ocrx_word' id='word_1_629' title='bbox 2155 1749 2187 1776; x_wconf 90' lang='lat' dir='ltr'><strong>et</strong></span> <span class='ocrx_word' id='word_1_630' title='bbox 2209 1745 2278 1777; x_wconf 88' lang='lat' dir='ltr'><strong>sine</strong></span> <span class='ocrx_word' id='word_1_631' title='bbox 2301 1756 2401 1778; x_wconf 80' lang='lat' dir='ltr'><strong>causa</strong></span> 
     </span>
     <span class='ocr_line' id='line_1_88' title="bbox 1430 1786 2400 1822; baseline 0.001 -3"><span class='ocrx_word' id='word_1_632' title='bbox 1430 1789 1522 1819; x_wconf 87' lang='lat' dir='ltr'><strong>nobis</strong></span> <span class='ocrx_word' id='word_1_633' title='bbox 1556 1787 1680 1819; x_wconf 89' lang='lat' dir='ltr'><strong>inimici</strong></span> <span class='ocrx_word' id='word_1_634' title='bbox 1713 1787 1823 1819; x_wconf 87' lang='lat' dir='ltr'><strong>infesti</strong></span> <span class='ocrx_word' id='word_1_635' title='bbox 1857 1787 1924 1818; x_wconf 84' lang='lat' dir='ltr'><strong>sint</strong></span> <span class='ocrx_word' id='word_1_636' title='bbox 1957 1791 1989 1817; x_wconf 88' lang='lat' dir='ltr'><strong>et</strong></span> <span class='ocrx_word' id='word_1_637' title='bbox 2022 1786 2151 1818; x_wconf 90' lang='lat' dir='ltr'><strong>iniurii:</strong></span> <span class='ocrx_word' id='word_1_638' title='bbox 2192 1794 2313 1822; x_wconf 76' lang='lat' dir='ltr'><strong>tamen,</strong></span> <span class='ocrx_word' id='word_1_639' title='bbox 2334 1787 2400 1820; x_wconf 88' lang='lat' dir='ltr'><strong>Dei</strong></span> 
     </span>
     <span class='ocr_line' id='line_1_89' title="bbox 1431 1831 2401 1871; baseline 0.001 -9"><span class='ocrx_word' id='word_1_640' title='bbox 1431 1842 1565 1862; x_wconf 85' lang='lat' dir='ltr'><strong>manum</strong></span> <span class='ocrx_word' id='word_1_641' title='bbox 1589 1831 1686 1862; x_wconf 86' lang='lat' dir='ltr'><strong>etiam</strong></span> <span class='ocrx_word' id='word_1_642' title='bbox 1699 1840 1873 1871; x_wconf 86' lang='lat' dir='ltr'><strong>agnoscere</strong></span> <span class='ocrx_word' id='word_1_643' title='bbox 1886 1840 1945 1860; x_wconf 85' lang='lat' dir='ltr'><strong>nos</strong></span> <span class='ocrx_word' id='word_1_644' title='bbox 1968 1834 2105 1869; x_wconf 83' lang='lat' dir='ltr'><strong>oportet,</strong></span> <span class='ocrx_word' id='word_1_645' title='bbox 2129 1834 2162 1861; x_wconf 85' lang='lat' dir='ltr'><strong>ct</strong></span> <span class='ocrx_word' id='word_1_646' title='bbox 2184 1840 2258 1862; x_wconf 88' lang='lat' dir='ltr'><strong>cum</strong></span> <span class='ocrx_word' id='word_1_647' title='bbox 2273 1831 2401 1863; x_wconf 86' lang='lat' dir='ltr'><strong>Davide</strong></span> 
     </span>
     <span class='ocr_line' id='line_1_90' title="bbox 1431 1872 2400 1913; baseline 0.001 -8"><span class='ocrx_word' id='word_1_648' title='bbox 1431 1874 1552 1906; x_wconf 86' lang='lat' dir='ltr'><strong>dicere:</strong></span> <span class='ocrx_word' id='word_1_649' title='bbox 1584 1874 1634 1904; x_wconf 85' lang='lat' dir='ltr'><strong>Tu</strong></span> <span class='ocrx_word' id='word_1_650' title='bbox 1663 1873 1804 1904; x_wconf 89' lang='lat' dir='ltr'><strong>Domine</strong></span> <span class='ocrx_word' id='word_1_651' title='bbox 1835 1872 1954 1910; x_wconf 84' lang='lat' dir='ltr'><strong>fecisti,</strong></span> <span class='ocrx_word' id='word_1_652' title='bbox 1989 1872 2123 1913; x_wconf 87' lang='lat' dir='ltr'><strong>ideoque</strong></span> <span class='ocrx_word' id='word_1_653' title='bbox 2155 1873 2275 1905; x_wconf 86' lang='lat' dir='ltr'><strong>tacebo.</strong></span> <span class='ocrx_word' id='word_1_654' title='bbox 2329 1873 2400 1906; x_wconf 82' lang='lat' dir='ltr'><strong>Nae</strong></span> 
     </span>
     <span class='ocr_line' id='line_1_91' title="bbox 1431 1915 2401 1949; baseline 0.002 -2"><span class='ocrx_word' id='word_1_655' title='bbox 1431 1916 1594 1948; x_wconf 86' lang='lat' dir='ltr'><strong>Davidem</strong></span> <span class='ocrx_word' id='word_1_656' title='bbox 1626 1915 1774 1948; x_wconf 85' lang='lat' dir='ltr'><strong>videmus</strong></span> <span class='ocrx_word' id='word_1_657' title='bbox 1801 1915 1916 1947; x_wconf 87' lang='lat' dir='ltr'><strong>merito</strong></span> <span class='ocrx_word' id='word_1_658' title='bbox 1948 1915 2047 1946; x_wconf 87' lang='lat' dir='ltr'><strong>fuisse</strong></span> <span class='ocrx_word' id='word_1_659' title='bbox 2083 1915 2122 1946; x_wconf 90' lang='lat' dir='ltr'><strong>do</strong></span> <span class='ocrx_word' id='word_1_660' title='bbox 2153 1915 2243 1948; x_wconf 81' lang='lat' dir='ltr'><strong>illata.</strong></span> <span class='ocrx_word' id='word_1_661' title='bbox 2273 1916 2332 1948; x_wconf 80' lang='lat' dir='ltr'><strong>sibi</strong></span> <span class='ocrx_word' id='word_1_662' title='bbox 2361 1917 2401 1949; x_wconf 86' lang='lat' dir='ltr'><strong>ab</strong></span> 
     </span>
     <span class='ocr_line' id='line_1_92' title="bbox 1432 1958 2402 1999; baseline 0.001 -9"><span class='ocrx_word' id='word_1_663' title='bbox 1432 1959 1615 1991; x_wconf 83' lang='lat' dir='ltr'><strong>hominibus</strong></span> <span class='ocrx_word' id='word_1_664' title='bbox 1649 1959 1769 1990; x_wconf 89' lang='lat' dir='ltr'><strong>iniuria</strong></span> <span class='ocrx_word' id='word_1_665' title='bbox 1805 1958 1910 1999; x_wconf 88' lang='lat' dir='ltr'><strong>palam</strong></span> <span class='ocrx_word' id='word_1_666' title='bbox 1942 1962 2173 1998; x_wconf 86' lang='lat' dir='ltr'><strong>conquestum:</strong></span> <span class='ocrx_word' id='word_1_667' title='bbox 2216 1964 2247 1990; x_wconf 85' lang='lat' dir='ltr'><strong>et</strong></span> <span class='ocrx_word' id='word_1_668' title='bbox 2291 1964 2402 1991; x_wconf 85' lang='lat' dir='ltr'><strong>tamen</strong></span> 
     </span>
     <span class='ocr_line' id='line_1_93' title="bbox 1431 2002 2401 2041; baseline 0.001 -8"><span class='ocrx_word' id='word_1_669' title='bbox 1431 2003 1518 2033; x_wconf 79' lang='lat' dir='ltr'><strong>intus</strong></span> <span class='ocrx_word' id='word_1_670' title='bbox 1542 2003 1723 2034; x_wconf 84' lang='lat' dir='ltr'><strong>confessum</strong></span> <span class='ocrx_word' id='word_1_671' title='bbox 1747 2012 1782 2033; x_wconf 87' lang='lat' dir='ltr'><strong>se</strong></span> <span class='ocrx_word' id='word_1_672' title='bbox 1805 2002 1960 2033; x_wconf 90' lang='lat' dir='ltr'><strong>miserum</strong></span> <span class='ocrx_word' id='word_1_673' title='bbox 1980 2010 2181 2041; x_wconf 80' lang='lat' dir='ltr'><strong>peccatorem</strong></span> <span class='ocrx_word' id='word_1_674' title='bbox 2201 2012 2270 2034; x_wconf 86' lang='lat' dir='ltr'><strong>esse</strong></span> <span class='ocrx_word' id='word_1_675' title='bbox 2293 2012 2401 2034; x_wconf 85' lang='lat' dir='ltr'><strong>coram</strong></span> 
     </span>
     <span class='ocr_line' id='line_1_94' title="bbox 1432 2043 2400 2082; baseline 0.001 -6"><span class='ocrx_word' id='word_1_676' title='bbox 1432 2045 1583 2082; x_wconf 84' lang='lat' dir='ltr'><strong>Domino,</strong></span> <span class='ocrx_word' id='word_1_677' title='bbox 1615 2050 1691 2076; x_wconf 84' lang='lat' dir='ltr'><strong>ante</strong></span> <span class='ocrx_word' id='word_1_678' title='bbox 1715 2045 1806 2076; x_wconf 86' lang='lat' dir='ltr'><strong>cuius</strong></span> <span class='ocrx_word' id='word_1_679' title='bbox 1837 2043 1978 2075; x_wconf 84' lang='lat' dir='ltr'><strong>tribunal</strong></span> <span class='ocrx_word' id='word_1_680' title='bbox 2007 2044 2260 2076; x_wconf 85' lang='lat' dir='ltr'><strong>obmutesceret:</strong></span> <span class='ocrx_word' id='word_1_681' title='bbox 2292 2049 2325 2076; x_wconf 90' lang='lat' dir='ltr'><strong>et</strong></span> <span class='ocrx_word' id='word_1_682' title='bbox 2353 2045 2400 2077; x_wconf 83' lang='lat' dir='ltr'><strong>ita</strong></span> 
     </span>
     <span class='ocr_line' id='line_1_95' title="bbox 1432 2086 2402 2128; baseline 0.001 -9"><span class='ocrx_word' id='word_1_683' title='bbox 1432 2089 1464 2119; x_wconf 89' lang='lat' dir='ltr'><strong>in</strong></span> <span class='ocrx_word' id='word_1_684' title='bbox 1489 2099 1553 2119; x_wconf 89' lang='lat' dir='ltr'><strong>uno</strong></span> <span class='ocrx_word' id='word_1_685' title='bbox 1572 2087 1749 2128; x_wconf 88' lang='lat' dir='ltr'><strong>eodemque</strong></span> <span class='ocrx_word' id='word_1_686' title='bbox 1772 2088 1864 2125; x_wconf 84' lang='lat' dir='ltr'><strong>facto,</strong></span> <span class='ocrx_word' id='word_1_687' title='bbox 1890 2086 2018 2118; x_wconf 83' lang='lat' dir='ltr'><strong>diverso</strong></span> <span class='ocrx_word' id='word_1_688' title='bbox 2037 2091 2187 2127; x_wconf 88' lang='lat' dir='ltr'><strong>respectu</strong></span> <span class='ocrx_word' id='word_1_689' title='bbox 2208 2088 2346 2120; x_wconf 83' lang='lat' dir='ltr'><strong>tacuisse</strong></span> <span class='ocrx_word' id='word_1_690' title='bbox 2368 2092 2402 2120; x_wconf 81' lang='lat' dir='ltr'><strong>et</strong></span> 
     </span>
     <span class='ocr_line' id='line_1_96' title="bbox 1431 2129 2402 2171; baseline 0 -9"><span class='ocrx_word' id='word_1_691' title='bbox 1431 2137 1643 2171; x_wconf 84' lang='lat' dir='ltr'><strong>conquestum</strong></span> <span class='ocrx_word' id='word_1_692' title='bbox 1668 2141 1748 2162; x_wconf 76' lang='lat' dir='ltr'><strong>esse.</strong></span> <span class='ocrx_word' id='word_1_693' title='bbox 1794 2129 1918 2162; x_wconf 83' lang='lat' dir='ltr'><strong>Sensus</strong></span> <span class='ocrx_word' id='word_1_694' title='bbox 1941 2130 2042 2170; x_wconf 82' lang='lat' dir='ltr'><strong>igitur</strong></span> <span class='ocrx_word' id='word_1_695' title='bbox 2065 2129 2239 2161; x_wconf 86' lang='lat' dir='ltr'><strong>verborum</strong></span> <span class='ocrx_word' id='word_1_696' title='bbox 2262 2130 2402 2162; x_wconf 84' lang='lat' dir='ltr'><strong>Davidis</strong></span> 
     </span>
     <span class='ocr_line' id='line_1_97' title="bbox 1432 2173 2403 2214; baseline 0 -9"><span class='ocrx_word' id='word_1_697' title='bbox 1432 2173 1484 2205; x_wconf 88' lang='lat' dir='ltr'><strong>hic</strong></span> <span class='ocrx_word' id='word_1_698' title='bbox 1513 2181 1569 2211; x_wconf 79' lang='lat' dir='ltr'><strong>est,</strong></span> <span class='ocrx_word' id='word_1_699' title='bbox 1606 2184 1639 2205; x_wconf 89' lang='lat' dir='ltr'><strong>sc</strong></span> <span class='ocrx_word' id='word_1_700' title='bbox 1674 2173 1702 2204; x_wconf 90' lang='lat' dir='ltr'><strong>si</strong></span> <span class='ocrx_word' id='word_1_701' title='bbox 1730 2173 1792 2204; x_wconf 89' lang='lat' dir='ltr'><strong>Dei</strong></span> <span class='ocrx_word' id='word_1_702' title='bbox 1827 2173 1928 2213; x_wconf 83' lang='lat' dir='ltr'><strong>ipsius</strong></span> <span class='ocrx_word' id='word_1_703' title='bbox 1962 2182 2058 2203; x_wconf 88' lang='lat' dir='ltr'><strong>manu</strong></span> <span class='ocrx_word' id='word_1_704' title='bbox 2091 2177 2204 2212; x_wconf 85' lang='lat' dir='ltr'><strong>aperte</strong></span> <span class='ocrx_word' id='word_1_705' title='bbox 2237 2173 2403 2214; x_wconf 82' lang='lat' dir='ltr'><strong>affligatur</strong></span> 
     </span>
     <span class='ocr_line' id='line_1_98' title="bbox 1431 2215 2400 2256; baseline 0.001 -9"><span class='ocrx_word' id='word_1_706' title='bbox 1431 2227 1538 2248; x_wconf 85' lang='lat' dir='ltr'><strong>coram</strong></span> <span class='ocrx_word' id='word_1_707' title='bbox 1563 2217 1633 2256; x_wconf 91' lang='lat' dir='ltr'><strong>ipso</strong></span> <span class='ocrx_word' id='word_1_708' title='bbox 1657 2215 1816 2247; x_wconf 85' lang='lat' dir='ltr'><strong>deiectum</strong></span> <span class='ocrx_word' id='word_1_709' title='bbox 1839 2215 1889 2251; x_wconf 86' lang='lat' dir='ltr'><strong>iri,</strong></span> <span class='ocrx_word' id='word_1_710' title='bbox 1921 2219 1953 2246; x_wconf 85' lang='lat' dir='ltr'><strong>et</strong></span> <span class='ocrx_word' id='word_1_711' title='bbox 1978 2215 2106 2255; x_wconf 88' lang='lat' dir='ltr'><strong>culpam</strong></span> <span class='ocrx_word' id='word_1_712' title='bbox 2136 2215 2400 2255; x_wconf 86' lang='lat' dir='ltr'><strong>deprecaturum:</strong></span> 
     </span>
     <span class='ocr_line' id='line_1_99' title="bbox 1432 2258 2402 2299; baseline 0 -9"><span class='ocrx_word' id='word_1_713' title='bbox 1432 2259 1514 2299; x_wconf 86' lang='lat' dir='ltr'><strong>quod</strong></span> <span class='ocrx_word' id='word_1_714' title='bbox 1547 2259 1629 2290; x_wconf 86' lang='lat' dir='ltr'><strong>nibil</strong></span> <span class='ocrx_word' id='word_1_715' title='bbox 1663 2269 1807 2299; x_wconf 87' lang='lat' dir='ltr'><strong>unquam</strong></span> <span class='ocrx_word' id='word_1_716' title='bbox 1846 2258 1995 2289; x_wconf 84' lang='lat' dir='ltr'><strong>homines</strong></span> <span class='ocrx_word' id='word_1_717' title='bbox 2035 2258 2206 2298; x_wconf 89' lang='lat' dir='ltr'><strong>proficiant</strong></span> <span class='ocrx_word' id='word_1_718' title='bbox 2247 2258 2402 2291; x_wconf 86' lang='lat' dir='ltr'><strong>adversus</strong></span> 
     </span>
     <span class='ocr_line' id='line_1_100' title="bbox 1433 2301 2402 2334; baseline 0.001 -1"><span class='ocrx_word' id='word_1_719' title='bbox 1433 2303 1539 2333; x_wconf 88' lang='lat' dir='ltr'><strong>Deum</strong></span> <span class='ocrx_word' id='word_1_720' title='bbox 1563 2302 1806 2334; x_wconf 86' lang='lat' dir='ltr'><strong>contendentes.</strong></span> <span class='ocrx_word' id='word_1_721' title='bbox 1851 2301 1974 2332; x_wconf 88' lang='lat' dir='ltr'><strong>Contra</strong></span> <span class='ocrx_word' id='word_1_722' title='bbox 2007 2311 2084 2332; x_wconf 86' lang='lat' dir='ltr'><strong>vero</strong></span> <span class='ocrx_word' id='word_1_723' title='bbox 2115 2301 2141 2332; x_wconf 88' lang='lat' dir='ltr'><strong>si</strong></span> <span class='ocrx_word' id='word_1_724' title='bbox 2171 2301 2322 2333; x_wconf 91' lang='lat' dir='ltr'><strong>homines</strong></span> <span class='ocrx_word' id='word_1_725' title='bbox 2351 2301 2402 2334; x_wconf 91' lang='lat' dir='ltr'><strong>in-</strong></span> 
     </span>
     <span class='ocr_line' id='line_1_101' title="bbox 1432 2343 2403 2385; baseline 0.001 -10"><span class='ocrx_word' id='word_1_726' title='bbox 1432 2345 1507 2376; x_wconf 84' lang='lat' dir='ltr'><strong>iusti</strong></span> <span class='ocrx_word' id='word_1_727' title='bbox 1531 2345 1636 2384; x_wconf 77' lang='lat' dir='ltr'><strong>ipsum</strong></span> <span class='ocrx_word' id='word_1_728' title='bbox 1661 2347 1907 2385; x_wconf 86' lang='lat' dir='ltr'><strong>persequantur,</strong></span> <span class='ocrx_word' id='word_1_729' title='bbox 1937 2353 1971 2375; x_wconf 84' lang='lat' dir='ltr'><strong>se</strong></span> <span class='ocrx_word' id='word_1_730' title='bbox 2003 2343 2118 2374; x_wconf 85' lang='lat' dir='ltr'><strong>merito</strong></span> <span class='ocrx_word' id='word_1_731' title='bbox 2141 2344 2229 2384; x_wconf 88' lang='lat' dir='ltr'><strong>ipsos</strong></span> <span class='ocrx_word' id='word_1_732' title='bbox 2251 2343 2403 2376; x_wconf 88' lang='lat' dir='ltr'><strong>condem-</strong></span> 
     </span>
     <span class='ocr_line' id='line_1_102' title="bbox 1433 2385 2402 2428; baseline 0 -10"><span class='ocrx_word' id='word_1_733' title='bbox 1433 2395 1603 2425; x_wconf 84' lang='lat' dir='ltr'><strong>naturum,</strong></span> <span class='ocrx_word' id='word_1_734' title='bbox 1644 2387 1773 2428; x_wconf 88' lang='lat' dir='ltr'><strong>Deique</strong></span> <span class='ocrx_word' id='word_1_735' title='bbox 1806 2386 1925 2419; x_wconf 90' lang='lat' dir='ltr'><strong>iudicio</strong></span> <span class='ocrx_word' id='word_1_736' title='bbox 1960 2385 2198 2418; x_wconf 85' lang='lat' dir='ltr'><strong>maledicendos</strong></span> <span class='ocrx_word' id='word_1_737' title='bbox 2236 2388 2402 2419; x_wconf 89' lang='lat' dir='ltr'><strong>stiturum.</strong></span> 
     </span>
     <span class='ocr_line' id='line_1_103' title="bbox 1433 2429 2401 2471; baseline 0.001 -10"><span class='ocrx_word' id='word_1_738' title='bbox 1433 2430 1582 2470; x_wconf 83' lang='lat' dir='ltr'><strong>Denique</strong></span> <span class='ocrx_word' id='word_1_739' title='bbox 1612 2431 1720 2462; x_wconf 87' lang='lat' dir='ltr'><strong>Deum</strong></span> <span class='ocrx_word' id='word_1_740' title='bbox 1750 2430 1871 2462; x_wconf 83' lang='lat' dir='ltr'><strong>iustum</strong></span> <span class='ocrx_word' id='word_1_741' title='bbox 1910 2440 1979 2460; x_wconf 88' lang='lat' dir='ltr'><strong>esse</strong></span> <span class='ocrx_word' id='word_1_742' title='bbox 2009 2429 2149 2461; x_wconf 88' lang='lat' dir='ltr'><strong>iudicem</strong></span> <span class='ocrx_word' id='word_1_743' title='bbox 2178 2439 2401 2471; x_wconf 79' lang='lat' dir='ltr'><strong>agnoscamus,</strong></span> 
     </span>
     <span class='ocr_line' id='line_1_104' title="bbox 1433 2472 2402 2514; baseline 0.001 -11"><span class='ocrx_word' id='word_1_744' title='bbox 1433 2484 1533 2513; x_wconf 90' lang='lat' dir='ltr'>quum</span> <span class='ocrx_word' id='word_1_745' title='bbox 1564 2484 1638 2505; x_wconf 82' lang='lat' dir='ltr'><strong>suos</strong></span> <span class='ocrx_word' id='word_1_746' title='bbox 1669 2472 1806 2514; x_wconf 81' lang='lat' dir='ltr'><strong>castigat</strong></span> <span class='ocrx_word' id='word_1_747' title='bbox 1834 2482 1892 2512; x_wconf 88' lang='lat' dir='ltr'><strong>per</strong></span> <span class='ocrx_word' id='word_1_748' title='bbox 1920 2472 2067 2504; x_wconf 87' lang='lat' dir='ltr'><strong>homines</strong></span> <span class='ocrx_word' id='word_1_749' title='bbox 2097 2473 2245 2511; x_wconf 86' lang='lat' dir='ltr'><strong>iniustos,</strong></span> <span class='ocrx_word' id='word_1_750' title='bbox 2275 2477 2308 2504; x_wconf 89' lang='lat' dir='ltr'><strong>et</strong></span> <span class='ocrx_word' id='word_1_751' title='bbox 2335 2472 2402 2504; x_wconf 82' lang='lat' dir='ltr'><strong>illis</strong></span> 
     </span>
     <span class='ocr_line' id='line_1_105' title="bbox 1434 2514 2170 2555; baseline 0 -9"><span class='ocrx_word' id='word_1_752' title='bbox 1434 2516 1537 2547; x_wconf 88' lang='lat' dir='ltr'><strong>utitur</strong></span> <span class='ocrx_word' id='word_1_753' title='bbox 1561 2515 1601 2546; x_wconf 86' lang='lat' dir='ltr'><strong>ad</strong></span> <span class='ocrx_word' id='word_1_754' title='bbox 1623 2526 1682 2548; x_wconf 81' lang='lat' dir='ltr'><strong>sua</strong></span> <span class='ocrx_word' id='word_1_755' title='bbox 1704 2515 1791 2547; x_wconf 87' lang='lat' dir='ltr'><strong>iusta</strong></span> <span class='ocrx_word' id='word_1_756' title='bbox 1813 2514 1932 2547; x_wconf 87' lang='lat' dir='ltr'><strong>iudicia</strong></span> <span class='ocrx_word' id='word_1_757' title='bbox 1956 2514 2170 2555; x_wconf 84' lang='lat' dir='ltr'><strong>exsequenda.</strong></span> 
     </span>
    </p>

    <p class='ocr_par' dir='ltr' id='par_1_12' title="bbox 1435 2557 2403 2718">
     <span class='ocr_line' id='line_1_106' title="bbox 1520 2557 2403 2598; baseline 0.001 -9"><span class='ocrx_word' id='word_1_758' title='bbox 1520 2558 1622 2590; x_wconf 89' lang='lat' dir='ltr'><strong>Porro</strong></span> <span class='ocrx_word' id='word_1_759' title='bbox 1672 2557 1812 2589; x_wconf 84' lang='lat' dir='ltr'><strong>Davidis</strong></span> <span class='ocrx_word' id='word_1_760' title='bbox 1855 2557 2005 2598; x_wconf 85' lang='lat' dir='ltr'><strong>querelae</strong></span> <span class='ocrx_word' id='word_1_761' title='bbox 2054 2557 2211 2589; x_wconf 85' lang='lat' dir='ltr'><strong>adversus</strong></span> <span class='ocrx_word' id='word_1_762' title='bbox 2251 2557 2403 2590; x_wconf 83' lang='lat' dir='ltr'><strong>inimicos</strong></span> 
     </span>
     <span class='ocr_line' id='line_1_107' title="bbox 1435 2600 2403 2640; baseline 0 -8"><span class='ocrx_word' id='word_1_763' title='bbox 1435 2601 1575 2632; x_wconf 81' lang='lat' dir='ltr'><strong>maxime</strong></span> <span class='ocrx_word' id='word_1_764' title='bbox 1599 2602 1807 2633; x_wconf 86' lang='lat' dir='ltr'><strong>continentur</strong></span> <span class='ocrx_word' id='word_1_765' title='bbox 1835 2600 1887 2632; x_wconf 89' lang='lat' dir='ltr'><strong>his</strong></span> <span class='ocrx_word' id='word_1_766' title='bbox 1910 2600 2034 2632; x_wconf 88' lang='lat' dir='ltr'><strong>verbis:</strong></span> <span class='ocrx_word' id='word_1_767' title='bbox 2067 2600 2150 2640; x_wconf 81' lang='lat' dir='ltr'><strong>Quia</strong></span> <span class='ocrx_word' id='word_1_768' title='bbox 2178 2600 2335 2640; x_wconf 74' lang='lat' dir='ltr'><strong>expellunt</strong></span> <span class='ocrx_word' id='word_1_769' title='bbox 2355 2610 2403 2632; x_wconf 82' lang='lat' dir='ltr'><strong>me</strong></span> 
     </span>
     <span class='ocr_line' id='line_1_108' title="bbox 1435 2642 2401 2684; baseline 0 -9"><span class='ocrx_word' id='word_1_770' title='bbox 1435 2644 1533 2682; x_wconf 80' lang='lat' dir='ltr'><strong>hodie,</strong></span> <span class='ocrx_word' id='word_1_771' title='bbox 1558 2654 1592 2675; x_wconf 78' lang='lat' dir='ltr'><strong>ne</strong></span> <span class='ocrx_word' id='word_1_772' title='bbox 1614 2646 1771 2683; x_wconf 73' lang='lat' dir='ltr'><strong>cooptatus</strong></span> <span class='ocrx_word' id='word_1_773' title='bbox 1793 2643 1937 2675; x_wconf 79' lang='lat' dir='ltr'><strong>haeream</strong></span> <span class='ocrx_word' id='word_1_774' title='bbox 1952 2643 2149 2683; x_wconf 76' lang='lat' dir='ltr'><strong>possessioni</strong></span> <span class='ocrx_word' id='word_1_775' title='bbox 2172 2642 2321 2684; x_wconf 70' lang='lat' dir='ltr'><strong>Iehovae,</strong></span> <span class='ocrx_word' id='word_1_776' title='bbox 2351 2643 2401 2675; x_wconf 70' lang='lat' dir='ltr'><strong>di-</strong></span> 
     </span>
     <span class='ocr_line' id='line_1_109' title="bbox 1436 2685 2402 2718; baseline -0.001 0"><span class='ocrx_word' id='word_1_777' title='bbox 1436 2689 1550 2718; x_wconf 77' lang='lat' dir='ltr'><strong>ceutes.-</strong></span> <span class='ocrx_word' id='word_1_778' title='bbox 1580 2686 1642 2718; x_wconf 82' lang='lat' dir='ltr'><strong>Abi</strong></span> <span class='ocrx_word' id='word_1_779' title='bbox 1671 2687 1732 2718; x_wconf 82' lang='lat' dir='ltr'><strong>cole</strong></span> <span class='ocrx_word' id='word_1_780' title='bbox 1753 2686 1824 2718; x_wconf 81' lang='lat' dir='ltr'><strong>deos</strong></span> <span class='ocrx_word' id='word_1_781' title='bbox 1854 2686 1980 2718; x_wconf 70' lang='lat' dir='ltr'><strong>alienos.</strong></span> <span class='ocrx_word' id='word_1_782' title='bbox 2026 2686 2095 2718; x_wconf 82' lang='lat' dir='ltr'><strong>Nae</strong></span> <span class='ocrx_word' id='word_1_783' title='bbox 2122 2685 2263 2718; x_wconf 84' lang='lat' dir='ltr'><strong>Davidis</strong></span> <span class='ocrx_word' id='word_1_784' title='bbox 2292 2685 2402 2718; x_wconf 85' lang='lat' dir='ltr'><strong>hostes</strong></span> 
     </span>
    </p>
   </div>
  </div>
 </body>
</html>
