2551 3044
202 231 265 263 653

204 330 397 368 potestatem
421 323 589 356 victoriam
614 320 664 352 cui
689 320 775 351 volet
797 318 1002 352 concedendi.
1034 317 1171 348 Interim

203 379 280 401 vere
293 367 373 399 Saul
386 363 619 405 desperationis
632 363 747 403 plenus
760 366 817 399 est,
843 373 939 402 quam
956 361 1016 392 hoc
1029 359 1172 391 maxime

206 410 358 452 patefacit
377 407 459 448 quod
482 407 553 437 Deo
577 406 638 445 ipsi
663 416 727 436 non
752 405 966 445 respondente
990 404 1022 434 in
1047 402 1173 433 malitia

208 463 268 486 sua
290 451 454 484 occalluit:
490 449 575 488 quod
599 449 682 479 enim
708 447 799 478 Deus
823 458 886 478 non
911 445 1078 486 respondit
1101 444 1172 483 ipsi,

207 496 374 527 docuimus
398 497 493 523 antea
517 491 646 531 signum
670 490 767 521 fuisse
791 489 925 521 Saulem
945 488 1044 519 aDeo
1068 497 1172 518 reces-

207 539 297 570 sisse.
340 536 452 575 Neque
482 535 568 564 enim
598 534 624 564 si
656 532 695 563 ad
726 532 833 563 Deum
865 542 943 572 pure
974 535 1005 562 et
1036 528 1172 561 candide

206 584 336 621 peccata
365 577 529 609 confessus
559 575 745 606 accessisset
772 574 973 614 promissioni
1005 573 1094 603 Deus
1118 570 1172 602 de-

207 622 337 654 fuisset:
368 619 423 649 sed
456 629 533 649 vera
565 617 629 648 fide
659 623 691 648 et
718 617 916 656 poenitentia
947 627 981 647 se
1005 614 1172 646 invocanti

206 663 434 703 respondisset.
459 660 524 691 Sed
539 660 690 700 quoniam
704 660 774 690 sine
788 659 997 699 poenitentia,
1017 658 1087 688 sine
1101 655 1172 693 fide,

205 705 261 738 sed
284 704 378 736 corde
409 703 528 742 duplici
559 709 591 733 et
621 702 727 733 fucato
751 702 858 733 Deum
886 702 1025 740 invocat,
1053 699 1172 730 idcirco

206 757 310 779 vanae
351 752 383 777 et
425 745 536 776 irritae
577 750 655 776 sunt
695 745 797 784 ipsius
839 754 965 784 preces:
1003 743 1173 781 Deumque

206 791 327 821 frustra
339 788 476 829 quaerit.
511 787 730 826 Quamobrem
745 787 824 818 Saul
840 787 995 817 adversus
1014 796 1047 816 se
1068 785 1173 824 ipsum

205 832 302 864 etiam
325 831 446 862 invitus
470 830 533 861 fert
555 830 785 866 testimonium,
809 840 842 860 se
866 829 900 859 in
924 828 1048 859 malitia
1070 825 1173 858 occal-

204 874 304 906 luisse
333 872 417 913 quod
441 873 511 903 sine
536 873 743 912 poenitentia,
770 872 839 903 sine
863 871 926 902 fide
950 871 1056 901 Deum
1079 879 1177 909 quae-

205 921 266 948 rat.
311 916 485 947 Praeterea
509 914 589 946 Saul
620 914 761 946 ostendit
791 925 824 945 se
856 913 1000 944 nondum
1025 912 1174 943 didicisse

205 959 280 999 quid
322 959 363 989 sit
398 958 504 988 Deum
543 962 745 997 exspectare:
788 967 862 987 nam
898 956 976 987 fides
1010 965 1082 986 cum
1117 964 1174 994 spe

204 1012 332 1042 semper
351 1001 522 1032 coniuncta
545 1003 609 1031 est:
633 1000 700 1039 spei
725 1004 832 1030 autem
857 1010 894 1029 ea
917 1003 1033 1030 natura
1058 1002 1115 1033 est,
1139 1000 1175 1026 ut

203 1045 265 1076 nisi
304 1043 395 1074 Deus
437 1043 542 1083 primo
576 1052 703 1082 quoque
739 1048 881 1081 tempore
915 1041 1007 1072 nobis
1042 1049 1174 1081 respon-

203 1087 309 1125 derit,
343 1086 504 1126 patienter
539 1088 646 1115 tamen
683 1085 860 1115 adventum
895 1085 965 1115 eius
999 1084 1173 1124 praestole-

203 1140 295 1166 mur,
333 1138 406 1168 spes
444 1127 529 1158 enim
568 1132 617 1158 cst
647 1127 745 1158 veluti
778 1126 850 1157 fidei
880 1127 1001 1157 nutrix.
1059 1127 1174 1166 Itaque

203 1172 280 1203 licet
326 1171 390 1202 Dei
438 1170 667 1209 promissiones
712 1169 775 1200 fide
821 1168 961 1208 amplexi
1006 1169 1173 1207 fuerimus,

203 1224 300 1253 saepe
343 1217 453 1244 tamen
495 1212 587 1243 Deus
627 1212 786 1243 auxilium
832 1212 950 1249 differt,
995 1217 1032 1242 ut
1076 1212 1174 1243 fidem

204 1261 351 1288 nostram
406 1259 438 1287 et
491 1255 709 1286 obedientiam
752 1254 909 1294 exploret.
977 1254 1173 1286 Constantes

203 1304 310 1331 autem
355 1308 424 1329 esse
469 1308 533 1328 non
573 1308 758 1337 possumus,
804 1307 862 1329 nec
901 1297 1062 1336 patientes
1103 1297 1174 1328 sine

203 1341 283 1381 fide,
311 1351 416 1381 neque
446 1339 544 1371 fidem
573 1340 643 1371 sine
673 1351 729 1380 spe
758 1339 909 1372 retinere.
963 1339 1042 1370 Saul
1071 1339 1174 1380 igitur

202 1384 281 1416 satis
315 1387 453 1415 testatur
482 1392 517 1414 se
547 1382 827 1422 desperabundum
859 1383 899 1414 ad
929 1382 1035 1413 Deum
1067 1392 1173 1413 acces-

203 1427 294 1465 sisse,
325 1425 410 1466 quod
441 1435 538 1457 verae
560 1425 636 1456 fidei
659 1425 784 1457 radices
807 1426 842 1456 in
865 1424 962 1457 corde
984 1424 1094 1456 nullas
1116 1424 1174 1456 ha-

203 1469 320 1501 buerit.
365 1468 437 1500 Hoc
466 1467 571 1508 igitur
599 1469 748 1509 exemplo
779 1468 940 1500 discamus
963 1477 1086 1507 sapere,
1113 1466 1173 1498 etsi

203 1512 295 1543 Deus
328 1522 347 1542 a
381 1510 474 1542 nobis
507 1510 677 1542 invocatus
712 1522 776 1542 non
811 1509 1035 1551 responderit,
1070 1520 1174 1550 neque

203 1553 357 1586 bonitatis
379 1563 458 1585 suae
481 1553 575 1594 signa
598 1553 665 1584 ulla
689 1553 823 1592 dederit,
854 1554 919 1584 imo
942 1553 1040 1584 etiam
1061 1557 1174 1583 contra

203 1600 418 1638 persequutus
459 1595 519 1635 sit,
561 1606 776 1636 agnoscamus
815 1600 949 1637 propter
988 1596 1174 1635 iniquitates

205 1641 332 1670 nostras
361 1638 440 1675 fieri,
472 1642 508 1669 ut
530 1637 622 1670 Deus
649 1650 713 1670 non
738 1638 942 1679 respondeat,
966 1648 1049 1679 quae
1073 1637 1174 1669 veluti

205 1680 369 1722 repagulis
398 1680 492 1712 illum
521 1690 540 1711 a
561 1680 655 1713 nobis
677 1686 840 1721 separant,
866 1681 1001 1721 ideoque
1024 1686 1174 1721 oportere

206 1735 266 1755 nos
296 1728 423 1754 reatum
452 1727 599 1754 nostrum
627 1724 732 1762 fateri,
764 1729 795 1755 et
825 1724 982 1755 adversus
1006 1734 1065 1755 nos
1088 1723 1174 1763 ipsos

206 1765 403 1798 sententiam
421 1766 516 1804 ferre,
535 1770 567 1797 et
586 1767 704 1798 seriam
723 1767 959 1807 poenitentiam
979 1766 1017 1797 de
1036 1766 1175 1807 peccatis

206 1819 310 1850 agere.
355 1809 462 1848 Atque
490 1807 543 1840 hic
572 1819 642 1840 esse
666 1809 760 1841 debet
783 1809 997 1842 afflictionum
1020 1820 1107 1849 usus,
1138 1811 1175 1839 ut

206 1862 247 1883 ex
259 1850 323 1882 illis
343 1855 496 1890 tanquam
515 1861 580 1881 non
601 1851 706 1883 dubiis
728 1852 923 1884 testimoniis
942 1861 1175 1893 cognoscamus

207 1894 313 1926 Deum
345 1903 363 1924 a
386 1892 477 1924 nobis
501 1894 678 1932 recessisse,
702 1899 733 1925 et
757 1895 976 1927 abalienatum
1000 1905 1083 1926 esse:
1110 1903 1173 1924 non

206 1935 336 1977 quidem
365 1939 400 1967 ut
429 1935 464 1965 in
495 1934 752 1975 desperationem
777 1938 960 1969 veniamus:
985 1936 1041 1968 sed
1064 1937 1174 1977 potius

207 1984 244 2011 ut
266 1982 479 2019 agnoscentes
502 1988 560 2009 1100
583 1980 721 2018 peccatis
745 1981 865 2012 nostris
888 1984 919 2012 et
943 1979 1174 2020 transgressio-

207 2021 304 2053 nibus
323 2021 362 2052 ab
382 2021 449 2060 ipso
469 2020 625 2052 alienatos
643 2022 728 2052 seria
746 2028 778 2053 et
802 2033 865 2054 non
889 2023 1039 2054 simulata
1061 2021 1174 2062 poeni-

208 2064 312 2095 tentia
344 2063 507 2094 damnatis
537 2063 657 2094 nostris
685 2065 825 2103 peccatis
848 2065 888 2096 ad
911 2066 1018 2105 ipsum
1041 2074 1174 2096 conver-

206 2110 325 2145 tamur,
359 2106 554 2145 veniamque
589 2105 751 2146 deprecati
785 2118 850 2138 non
881 2107 1067 2139 dubitemus
1098 2107 1176 2146 quin

207 2159 241 2181 se
275 2148 403 2180 facilem
436 2148 528 2179 nobis
562 2148 731 2188 praebeat,
765 2153 796 2180 et
830 2150 869 2181 ad
904 2160 1015 2190 preces
1049 2154 1175 2180 nostras

207 2191 412 2231 respondeat,
442 2191 610 2230 nostrique
640 2191 842 2223 misereatur.
885 2192 957 2223 Etsi
985 2202 1061 2223 vero
1084 2191 1176 2222 Deus

208 2244 274 2265 non
304 2233 408 2273 primo
440 2243 565 2273 011οο110
597 2238 742 2273 tempore
773 2234 865 2265 nobis
888 2234 1070 2275 respondet,
1094 2234 1175 2266 scia-

208 2286 282 2307 mus
316 2280 424 2307 tamen
458 2286 523 2306 non
557 2275 628 2306 ideo
663 2276 754 2307 nobis
789 2276 1036 2318 desperandum,
1071 2282 1103 2308 et
1136 2276 1176 2308 ad

209 2317 371 2349 diabolum
399 2317 662 2358 confugiendum,
695 2318 852 2349 auxilium
883 2320 922 2351 ab
950 2320 1020 2360 ipso
1043 2330 1176 2359 exspec-

208 2364 324 2399 tantes,
347 2360 402 2391 sed
426 2361 533 2400 potius
556 2365 704 2400 oportere
727 2368 974 2400 perseveranter
996 2362 1105 2393 Deum
1127 2362 1176 2392 in-

207 2412 333 2441 vocare,
356 2402 457 2434 donec
476 2413 534 2434 nos
553 2404 631 2434 satis
655 2403 841 2442 explorarit.
874 2404 1052 2444 Nunquam
1076 2404 1177 2444 igitur

207 2445 474 2477 intermittendae
504 2455 626 2485 preces,
657 2445 712 2476 sed
740 2446 883 2485 quotidie
918 2446 1176 2487 ingeminandae,

210 2489 311 2519 donec
338 2488 421 2519 iram
446 2498 537 2519 suam
569 2498 588 2519 a
618 2487 711 2519 nobis
734 2492 880 2520 avertere
904 2489 1051 2525 voluerit,
1084 2493 1117 2520 et
1138 2500 1178 2519 ex

210 2530 319 2562 densis
349 2530 413 2561 illis
443 2530 585 2561 tenebris
613 2530 648 2561 in
678 2541 756 2570 quas
786 2531 931 2562 immersi
954 2540 1092 2570 eramus,
1120 2541 1179 2562 nos

209 2573 243 2604 in
272 2573 377 2605 lucem
408 2572 554 2612 educere,
584 2572 696 2613 suique
728 2583 805 2613 erga
828 2584 886 2604 nos
910 2574 1028 2605 amoris
1051 2573 1178 2614 paterni

210 2626 277 2647 non
307 2615 404 2647 dubia
426 2616 520 2656 signa
543 2616 629 2646 dare.
676 2615 849 2647 Caeterum
873 2615 953 2647 Saul
977 2626 1179 2656 conquerens

211 2658 272 2690 sibi
296 2658 415 2696 Deum,
440 2668 544 2698 neque
563 2669 621 2699 per
640 2658 823 2698 prophetas,
848 2669 953 2699 neque
973 2669 1030 2698 per
1053 2659 1179 2689 somnia

825 225 870 256 IN
897 225 923 256 Ι.
947 224 1035 256 LIB.
1061 223 1260 256 SAMUEL.
1284 223 1382 254 OAP.
1405 223 1568 255 XXVIII.

2133 224 2194 253 ⁶354

1224 315 1446 355 respondisse,
1487 327 1551 347 non
1586 317 1734 347 meminit
1768 317 1860 348 Urim
1902 322 1959 347 aut
1993 315 2191 353 Thummim,

1224 368 1322 397 quum
1352 363 1462 389 tamen
1494 364 1587 389 antea
1611 359 1729 389 dictum
1755 360 1795 390 sit
1821 358 1926 389 Deum
1951 359 2009 398 ipsi
2035 368 2100 389 non
2126 369 2192 389 res-

1224 400 1391 440 pondisse,
1427 411 1531 440 ncque
1563 412 1618 440 per
1647 401 1833 432 Thummim
1865 411 1969 440 neque
2001 412 2058 441 per
2090 401 2192 438 Urim,

1225 449 1259 473 ut
1289 453 1380 474 sacra
1410 443 1571 483 scriptura
1592 443 1742 483 loquitur,
1772 444 1804 474 id
1829 449 1875 475 est
1899 453 2002 483 1100110
2026 454 2082 482 per
2106 454 2192 474 sum-

1224 495 1314 515 mum
1347 485 1534 524 pontificem
1572 486 1671 516 sacris
1702 486 1843 517 vestibus
1874 485 2043 523 indutum,
2076 485 2192 525 quibus

1225 527 1387 558 Dominus
1423 532 1533 559 noster
1566 528 1657 559 Iesus
1691 529 1842 559 Christus
1876 528 2192 568 repraesentabatur,

1226 580 1329 609 neque
1360 570 1431 601 aliis
1462 571 1575 601 modis.
1622 571 1746 601 Horum
1775 572 1904 610 inquam
1928 570 2005 602 Saul
2040 581 2103 601 non
2128 581 2193 601 me-

1225 612 1334 643 minit:
1377 612 1561 644 sacerdotes
1596 613 1680 643 enim
1717 614 1934 649 interfecerat,
1966 619 1996 643 et
2029 613 2193 643 lanienam

1225 654 1315 685 illam
1346 655 1541 686 horrendam
1572 655 1604 685 in
1629 656 1817 686 memoriam
1841 666 1990 687 revocare
2015 665 2079 685 non
2104 661 2193 694 pote-

1226 701 1277 727 rat
1307 698 1384 737 quin
1412 698 1520 728 furore
1545 698 1731 737 agitaretur,
1762 704 1792 728 et
1817 702 2004 738 agnosceret
2027 708 2061 728 00
2086 708 2103 727 a
2127 697 2193 727 dia-

1227 738 1298 770 bolo
1329 740 1374 770 sic
1403 740 1598 771 fascinatum
1629 744 1660 770 et
1688 746 1911 780 excaecatum,
1950 745 1984 771 ut
2015 740 2091 771 vivo
2123 739 2194 770 Deo

1226 782 1317 813 0111110
1342 788 1434 812 erant
1457 783 1599 813 ministri
1624 783 1866 813 renuntiaverit.
1913 783 2007 813 Hanc
2030 782 2131 822 igitur
2155 781 2194 812 ob

1227 834 1355 855 causam
1381 824 1474 855 Urim
1506 835 1569 855 non
1602 826 1757 862 meminit,
1787 831 1817 856 ct
1850 826 1880 855 in
1911 835 2036 856 summa
2061 824 2136 855 dicit
2161 834 2194 855 se

1227 866 1266 897 ad
1286 866 1471 898 Samuelem
1503 867 1685 906 confugisse
1712 878 1900 907 responsum
1930 867 2059 907 aliquod
2084 877 2194 906 accep-

1226 913 1347 946 turum,
1379 909 1464 949 quod
1488 909 1579 941 Deus
1609 910 1669 949 ipsi
1698 911 1864 941 invocatus
1894 920 1958 940 non
1982 909 2194 948 responderit.

1226 951 1327 991 Atqui
1365 952 1534 992 oportebat
1568 953 1674 992 ipsum
1710 954 1869 983 continuis
1904 952 2051 991 precibus
2086 951 2195 982 Deum

1227 994 1411 1032 sollicitare,
1435 1000 1466 1025 ct
1489 996 1619 1026 interim
1644 994 1844 1026 obstaculum
1870 995 1990 1031 tollere,
2018 1005 2079 1033 quo
2103 993 2196 1025 Deus

1227 1036 1267 1067 ab
1280 1037 1349 1076 ipso
1365 1037 1602 1077 quodammodo
1621 1037 1842 1075 dirimebatur,
1866 1043 1897 1068 et
1917 1038 2016 1077 ipsius
2036 1036 2196 1067 auxilium

1226 1079 1471 1119 impediebatur.
1524 1080 1590 1111 Sed
1621 1080 1681 1111 hoc
1712 1079 1790 1111 Saul
1821 1090 1886 1110 non
1916 1080 2001 1111 facit.
2047 1079 2196 1110 Profecto

1227 1123 1390 1153 sententia
1413 1122 1470 1153 illa
1494 1132 1590 1162 quam
1611 1122 1773 1153 Dominus
1798 1126 1905 1153 noster
1928 1122 2019 1152 Iesus
2043 1121 2196 1152 Christus

1226 1165 1369 1203 protulit,
1393 1164 1535 1196 nondum
1556 1170 1626 1196 erat
1649 1166 1776 1205 scriptis
1801 1164 1933 1195 tradita:
1958 1163 2081 1195 Habent
2103 1164 2197 1203 leyem

1226 1209 1253 1238 et
1264 1207 1453 1246 prophetas:
1476 1208 1532 1238 sed
1546 1212 1657 1239 tamen
1671 1207 1757 1238 illam
1778 1207 1946 1247 oportebat
1967 1207 2001 1237 in
2026 1206 2197 1236 hominum

1227 1250 1344 1281 animis
1368 1250 1432 1281 alte
1456 1250 1596 1281 defixam
1621 1261 1700 1281 esse.
1746 1249 1893 1290 Rogabat
1918 1249 2009 1280 dives
2033 1248 2086 1279 ille
2110 1247 2196 1288 apud

1227 1292 1347 1323 inferos
1371 1293 1606 1331 Abrahamum,
1631 1298 1666 1324 ut
1690 1293 1842 1323 fratribus
1866 1292 2062 1332 significaret
2086 1300 2196 1330 super-

1228 1335 1358 1366 stitibus
1377 1345 1418 1365 ne
1436 1336 1544 1375 ipsum
1567 1336 1772 1366 imitarentur
1791 1334 1846 1366 sed
1866 1334 2098 1373 poenitentiam
2121 1343 2195 1373 age-

1231 1382 1305 1408 rent
1323 1382 1355 1408 ct
1368 1377 1407 1408 ad
1420 1378 1588 1409 meliorem
1601 1378 1729 1419 frugem
1743 1377 1885 1408 redirent
1899 1376 2054 1416 quamdiu
2069 1377 2100 1406 in
2112 1375 2198 1406 vivis

1228 1424 1329 1458 erant,
1350 1420 1402 1451 cui
1415 1430 1607 1460 responsum
1620 1425 1685 1452 est:
1706 1421 1810 1461 legem
1823 1419 1941 1450 habent
1963 1424 1994 1450 et
2014 1417 2196 1458 prophetas,

1227 1463 1319 1502 quasi
1350 1462 1512 1495 diceretur
1542 1474 1607 1494 non
1640 1462 1892 1503 exspectandam
1923 1472 1992 1493 esse
2016 1471 2034 1491 a
2057 1461 2196 1491 mortuis

1228 1505 1328 1536 ullam
1358 1505 1603 1537 revelationem.
1649 1506 1740 1544 Quae
1770 1505 1931 1536 sententia
1961 1514 2060 1543 quum
2085 1503 2197 1534 tribui-

1228 1551 1282 1578 tur
1306 1548 1502 1586 Abrahamo,
1533 1559 1570 1579 ea
1600 1548 1741 1585 docetur,
1773 1548 1920 1578 homines
1943 1546 2022 1577 satis
2045 1545 2196 1576 habuisse

1228 1590 1261 1621 in
1303 1590 1375 1631 lege
1414 1596 1661 1631 praeceptorum
1700 1590 1739 1622 ad
1774 1591 1854 1621 bene
1889 1589 1990 1620 vitam
2025 1586 2196 1628 agendam,

1228 1632 1364 1673 ideoque
1405 1635 1469 1665 iam
1503 1633 1578 1664 inde
1611 1634 1650 1664 ab
1683 1633 1775 1664 initio
1809 1633 1940 1663 firmum
1975 1631 2075 1662 fuisse
2109 1629 2196 1661 istud

1228 1681 1434 1716 praeceptum
1475 1677 1624 1708 sufficere
1657 1676 1719 1707 Dei
1759 1676 1863 1715 legem
1903 1673 1942 1704 ad
1976 1674 2059 1704 bene
2094 1672 2196 1704 vitam

1227 1718 1386 1759 agendam
1418 1723 1450 1749 et
1480 1730 1544 1750 non
1568 1718 1795 1758 quaerendam,
1818 1727 1921 1756 neque
1945 1714 2197 1755 exspectandam

1228 1761 1328 1792 ullam
1363 1761 1595 1793 revelationem
1631 1772 1648 1791 a
1682 1761 1826 1792 mortuis.
1881 1758 1959 1790 80111
1994 1758 2094 1798 igitur
2126 1757 2196 1788 Deo

1227 1803 1302 1835 licet
1331 1804 1392 1844 ipsi
1423 1814 1490 1835 non
1521 1803 1736 1844 respondente
1767 1802 1895 1843 propria
1918 1800 2114 1832 conscientia
2139 1810 2198 1831 sua

1227 1846 1483 1887 redarguebatur
1522 1858 1586 1877 non
1618 1857 1687 1877 esse
1718 1852 1863 1876 mortuos
1893 1854 1909 1874 e
1938 1843 2094 1883 sepulcris
2125 1853 2198 1873 evo-

1227 1889 1355 1925 candos,
1374 1900 1432 1921 nec
1444 1889 1656 1920 invocandos:
1676 1888 1731 1919 sed
1744 1888 1849 1928 legem
1862 1887 1939 1917 satis
1952 1885 2155 1925 splendorem
2166 1884 2197 1926 ³)

1226 1932 1328 1963 facem
1348 1942 1417 1963 esse
1437 1932 1476 1963 ad
1495 1943 1608 1972 passus
1628 1932 1729 1971 ipsius
1753 1929 1919 1971 regendos,
1943 1929 2044 1959 donec
2068 1927 2197 1967 plenius

1228 1985 1246 2005 a
1276 1974 1347 2005 Deo
1371 1974 1626 2005 illuminaretur:
1666 1974 1798 2013 ideoque
1833 1972 1871 2003 ad
1897 1971 1978 2011 legis
2003 1977 2034 2001 et
2058 1969 2194 2010 prophe-

1227 2023 1334 2048 tarum
1364 2017 1464 2048 libros
1488 2018 1660 2057 confugere
1684 2015 1804 2052 debuit,
1834 2020 1865 2045 et
1890 2024 1966 2045 vero
1991 2018 2196 2053 peccatorum

1228 2070 1325 2091 sensu
1354 2064 1460 2091 tactus
1490 2061 1619 2090 veniam
1652 2069 1668 2088 a
1693 2059 1763 2089 Deo
1794 2056 1982 2096 suppliciter
2013 2055 2195 2095 deprecari:

1228 2102 1283 2134 sed
1314 2107 1426 2133 contra
1457 2101 1722 2142 desperabundus
1753 2101 1786 2131 in
1818 2100 1924 2139 priore
1947 2098 2073 2129 malitia
2096 2097 2197 2128 occal-

1228 2146 1298 2183 luit,
1344 2144 1593 2184 Samuelemque
1623 2150 1790 2174 mortuum
1819 2141 1968 2173 evocavit
1997 2146 2109 2172 contra
2141 2151 2196 2170 ex-

1228 2198 1375 2229 pressum
1406 2187 1539 2218 Domini
1574 2187 1775 2222 mandatum,
1810 2190 1840 2216 et
1872 2185 1910 2215 ab
1941 2184 2009 2223 ipso
2040 2182 2197 2213 auxilium

1229 2231 1431 2270 exspectavit
1472 2235 1625 2270 tanquam
1661 2228 1720 2258 Dei
1764 2227 1930 2267 propheta.
1988 2225 2085 2264 Quod
2122 2224 2198 2263 quid

1229 2273 1318 2305 aliud
1350 2273 1410 2303 fuit
1434 2273 1565 2304 obsecro
1590 2282 1685 2311 quam
1708 2270 1790 2301 velle
1813 2269 1884 2300 Deo
1907 2269 2011 2299 invito
2035 2267 2118 2306 quod
2143 2277 2198 2296 ex-

1229 2315 1359 2356 petebat
1389 2315 1493 2347 scire?
1536 2315 1627 2355 quasi
1656 2313 1790 2345 diceret:
1823 2312 1871 2342 Tu
1896 2311 1985 2341 Deus
2016 2309 2198 2341 consulenti

1229 2358 1307 2389 mihi
1340 2363 1370 2389 te
1400 2357 1596 2397 respondere
1627 2366 1691 2387 non
1722 2356 1780 2393 vis,
1810 2354 1864 2385 sed
1896 2353 1999 2383 invito
2028 2351 2087 2382 tibi
2110 2350 2199 2398 istud

1229 2401 1439 2440 extorquebO,
1463 2405 1496 2431 et
1516 2399 1679 2431 veneficiis
1698 2403 1729 2430 et
1752 2395 2027 2428 incantationibus
2053 2394 2199 2429 efficiam,

1230 2448 1265 2474 ut
1299 2442 1458 2483 propheta
1491 2447 1567 2473 tuus
1601 2442 1679 2472 mihi
1716 2439 1922 2479 respondeat,
1958 2445 1989 2468 et
2026 2436 2124 2467 sciam
2153 2436 2199 2483 *ab

1229 2487 1298 2526 ipso
1318 2484 1394 2525 quid
1418 2484 1499 2515 mihi
1523 2485 1706 2515 faciendum
1731 2489 1782 2513 sit.
1818 2482 1867 2512 Eu
1893 2491 1955 2520 quo
1979 2479 2200 2518 impudentiae

1231 2527 1405 2560 deveniant
1435 2527 1573 2566 improbi
1606 2526 1769 2557 homines:
1798 2525 1868 2554 Deo
1891 2523 1950 2563 ipsi
1975 2522 2094 2553 bellum
2120 2521 2200 2551 infe-

1232 2578 1338 2602 rentes
1373 2569 1449 2600 dum
1481 2580 1514 2600 se
1544 2571 1650 2609 ipsum
1682 2569 1822 2598 maximo
1852 2575 2004 2605 quaerere
2037 2564 2202 2601 simulant,

1318 2664 1346 2697 *)
1364 2663 1438 2696 Leqe
1445 2671 1454 2688 :
1473 2662 1670 2696 splendentem.
