2551 3044
192 190 250 222 153

191 297 458 325 commoveamur,
481 287 610 326 eiusque
633 286 833 317 afflictionem
865 286 1042 326 lugeamus.
1082 284 1146 314 Ve-

191 336 372 361 rumtamen
407 329 489 360 hanc
523 339 578 369 per
611 339 644 360 se
678 329 791 360 bonam
815 329 1015 360 affectionem
1038 327 1173 366 fraeno¹

192 372 328 413 quodam
362 371 569 403 cohibendam
603 372 755 408 sciamus,
796 382 836 402 ne
871 381 1001 402 excessu
1038 375 1148 400 nostro

194 415 263 446 Deo
285 415 435 446 reluctari
460 414 540 445 velle
562 414 735 444 videamur.
758 413 841 444 Nam
865 414 891 444 si
904 413 1037 444 nimium
1057 412 1148 443 affec-

193 458 279 489 tibus
303 456 421 487 nostris
444 456 679 490 indulserimus.
714 462 837 487 certum
867 461 916 487 est
946 455 1027 495 quod
1058 455 1091 485 in
1115 464 1148 484 se

194 500 310 531 bonum
344 498 448 529 fuerat
481 499 636 538 paulatim
667 505 851 538 corruptum
883 499 930 535 iri,
964 502 995 529 et
1027 496 1148 528 malum

195 543 280 573 vires
310 546 526 581 accepturum,
556 547 588 571 et
617 540 796 578 diabolum,
829 541 918 572 cuius
948 545 1042 572 notae
1071 539 1148 570 satis

194 585 226 615 in
257 583 349 614 nobis
379 584 515 614 incautis
543 583 759 623 opprimendis
781 583 923 621 fraudes,
954 581 1082 614 tandem
1113 591 1149 612 eo

195 637 252 657 nos
275 626 496 665 impulsurum,
528 631 561 656 ut
586 625 655 656 Deo
678 626 739 665 ipsi
762 626 911 658 reluctari
934 631 964 656 et
987 628 1146 656 contuma-

194 669 271 701 citer
301 668 454 699 adversus
483 669 587 707 ipsum
617 669 736 699 sentire
767 679 832 699 non
861 678 1037 700 vereamur.
1080 666 1149 697 Nae

195 711 262 751 ipsa
285 711 482 750 experientia
511 716 710 750 compertum
740 711 770 741 id
794 711 878 742 facit.
922 711 1041 742 Annon
1063 708 1149 740 enim

195 753 321 785 crebras
345 753 509 784 hominum
532 753 675 792 querelas
698 753 876 784 istiusmodi
897 752 1061 784 videmus?
1085 750 1149 790 Qui

195 797 358 837 affligitur,
378 797 521 835 queritur
534 796 666 826 nimium
686 795 869 826 diuturnam
883 796 1094 831 afflictionem,
1117 798 1150 825 et

193 839 227 870 in
250 838 430 870 istiusmodi
455 848 547 869 voces
570 838 771 877 prorumpit:
795 838 914 878 Ecquis
937 839 997 869 erit
1019 836 1148 869 tandem

192 882 267 913 finis
290 880 469 912 malorum?
494 880 620 920 quando
643 880 769 920 aliquod
794 881 933 911 solamen
957 880 1073 912 doloris
1096 879 1149 910 da-

194 925 301 956 bitur?
344 923 424 954 Inde
447 924 482 954 fit
506 928 539 953 ut
563 923 629 953 suis
651 923 816 954 affectibus
839 924 1004 964 abreptus,
1034 928 1065 953 et
1087 922 1148 952 im-

195 967 349 1007 patientia
379 967 498 1002 victus,
528 966 623 995 etiam
654 965 686 995 in
718 965 820 996 Deum
852 967 955 1005 ipsum
983 970 1148 997 contume-

194 1010 271 1040 liose
294 1014 385 1049 agat:
410 1008 580 1047 Nunquam
605 1018 644 1037 ne
661 1008 748 1038 Deus
771 1019 899 1039 suorum
924 1007 1146 1039 miserebitur?

195 1054 246 1083 An
270 1061 395 1090 semper
423 1050 462 1081 ad
493 1060 622 1080 suorum
646 1060 753 1089 preces
776 1050 1002 1082 obsurdescet?
1048 1050 1146 1080 Deni-

194 1105 255 1134 que
275 1103 392 1134 pravas
425 1093 632 1132 cogitationes
666 1092 794 1123 tandem
824 1093 1002 1133 indignatio
1033 1099 1064 1123 et
1091 1103 1147 1123 cx-

194 1136 352 1168 acerbatio
381 1136 559 1166 animorum
591 1135 743 1174 excipiet:
775 1136 868 1167 sicuti
892 1136 1034 1166 videmus
1057 1145 1148 1175 prae-

195 1179 428 1212 stantissimum
460 1178 586 1214 vinum,
617 1178 642 1207 si
673 1178 813 1215 ebulliat,
843 1178 970 1209 tandem
994 1188 1145 1209 acescere.

194 1221 316 1253 Eadem
344 1224 526 1252 nostrarum
556 1220 758 1251 affectionum
786 1221 865 1251 ratio
893 1226 958 1252 est:
992 1220 1146 1261 siquidem

194 1275 234 1295 ex
257 1264 355 1294 nimia
378 1273 453 1294 cura
471 1267 502 1293 et
520 1262 767 1302 intemperantia
791 1264 932 1294 nascitur
955 1263 1145 1304 arrogantia,

192 1312 224 1339 et
246 1306 320 1337 inde
349 1305 504 1337 adversus
527 1305 632 1336 Deum
662 1315 806 1336 murmur
834 1311 865 1336 et
888 1306 1081 1347 indignatio:
1112 1311 1147 1336 ut

192 1349 249 1380 vix
272 1349 490 1380 abstineamus
513 1347 665 1387 querelis3
700 1357 781 1387 quae
804 1348 878 1379 licet
900 1359 964 1379 non
988 1359 1085 1389 usque
1107 1348 1145 1378 ad

193 1391 424 1431 blasphemiam
446 1390 710 1430 progrediuntur,
741 1396 847 1422 tamen
872 1391 976 1422 Deum
1006 1391 1147 1431 graviter

192 1434 225 1465 in
249 1445 307 1465 nos
330 1438 512 1473 provocant,
536 1438 567 1464 et·
590 1433 724 1463 multum
749 1433 787 1464 ab
811 1444 847 1465 ea
870 1433 1049 1465 obedientia
1062 1444 1145 1464 rece-

191 1477 270 1508 dunt
300 1487 380 1516 quae
412 1476 479 1506 Deo
511 1475 652 1506 debetur.
703 1475 811 1514 Quare
842 1475 999 1507 discamus
1030 1476 1145 1507 nostris

190 1519 356 1550 affectibus
386 1519 430 1548 ita
460 1518 630 1554 moderari,
664 1523 697 1548 ut
721 1518 781 1549 Dei
806 1519 962 1549 voluntati
984 1529 1040 1550 nos
1064 1519 1146 1550 ultro

194 1561 406 1597 subiiciamus,
430 1566 463 1591 et
485 1560 524 1591 ab
538 1562 634 1600 ipsius
647 1561 849 1600 providentia
863 1563 920 1592 toti
933 1561 1145 1601 pendeamus:

195 1605 268 1635 acsi
288 1604 341 1644 qui
365 1604 467 1634 minas
490 1604 688 1638 intentarint,
712 1610 747 1633 ut
771 1605 848 1634 varii
871 1614 963 1635 casus
985 1603 1146 1634 metuendi

195 1646 372 1683 videantur,
401 1645 506 1676 Deum
530 1647 667 1677 sciamus
690 1656 781 1686 posse
804 1647 951 1677 omnibus
973 1656 1145 1684 occurrere,

193 1696 223 1720 et
245 1690 278 1720 in
301 1688 403 1729 ipsius
426 1688 688 1728 promissionibus
711 1690 964 1729 acquiescamus,
994 1694 1026 1720 et
1055 1690 1145 1720 auxi-

193 1732 270 1763 lium
293 1731 509 1771 imploremus.
554 1730 759 1771 Quapropter
783 1731 888 1762 Deum
918 1732 1043 1771 quidem
1074 1742 1145 1771 pre-

194 1775 281 1806 cibus
302 1774 473 1805 sollicitare
496 1784 678 1813 possumus:
703 1774 757 1805 sed
781 1779 888 1805 tamen
911 1774 1044 1806 affectus
1064 1774 1147 1805 cohi-

194 1816 298 1855 bendi,
322 1826 362 1847 ne
384 1815 470 1846 ultra
493 1817 646 1847 terminos
669 1816 853 1854 efferantur,
877 1816 932 1847 sed
956 1817 1053 1848 veluti
1076 1827 1147 1856 cap—

194 1860 251 1890 tivi
275 1865 488 1890 coerceantur.
532 1858 583 1889 Ad
607 1859 667 1889 hoc
690 1869 747 1890 nos
770 1859 916 1899 exempla
939 1859 988 1890 vel
1011 1860 1146 1891 sanctis-

194 1902 347 1933 simorum
370 1901 510 1932 virorum
534 1906 657 1941 oportet
680 1902 806 1932 intueri.
832 1901 990 1933 Davidem
1004 1902 1145 1933 videmus

194 1945 228 1975 in
263 1944 401 1975 hostium
435 1954 566 1974 suorum
599 1949 631 1975 et
664 1944 725 1975 Dei
758 1949 1010 1984 contemptorum
1043 1944 1146 1976 medio

194 1994 385 2024 versantem,
417 1997 435 2017 a
468 1986 581 2026 quibus
615 1997 690 2017 mox
720 1986 887 2017 videbatur
915 1987 1084 2018 laniandus
1114 1992 1146 2018 et

195 2029 413 2065 devorandus,
453 2029 684 2068 quodammodo
724 2030 888 2065 fluctuare,
928 2034 959 2060 et.
993 2034 1146 2070 tanquam

194 2072 370 2112 desperatis
415 2071 508 2102 rebus
552 2071 681 2102 eiulare.
731 2071 847 2102 Nonne
886 2077 918 2102 et
956 2072 1146 2112 prophetam

193 2114 404 2154 conspicimus
425 2114 512 2144 velut
531 2114 684 2145 adversus
696 2114 801 2145 Deum
822 2114 1003 2154 disceptare,
1022 2120 1054 2146 81
1071 2125 1146 2145 con-

195 2157 285 2197 queri
319 2156 410 2196 quasi
443 2156 690 2196 promissionum
724 2167 853 2187 suarum
895 2157 1011 2188 oblitus
1045 2164 1145 2194 esset3

197 2209 295 2239 quum
331 2198 453 2229 videret
486 2204 606 2229 tantam
639 2199 671 2229 in
705 2199 819 2239 populo
858 2209 965 2230 rerum
1004 2201 1146 2231 omnium

197 2241 438 2273 confusionem?
485 2240 569 2272 Sane
601 2241 671 2272 istis
703 2241 856 2281 exemplis
889 2252 945 2273 nos
978 2253 1014 2273 eo
1046 2243 1147 2283 magis

197 2285 388 2315 commoveri
412 2290 546 2324 oportet,
581 2294 641 2323 quo
670 2284 879 2315 sanctioribus
909 2285 984 2315 viris
1006 2285 1146 2325 contige-

197 2332 283 2363 runt,
314 2332 349 2356 ut
376 2326 409 2356 in
440 2326 587 2357 omnibus
616 2326 712 2357 rebus
734 2334 798 2357 tam
822 2327 913 2358 laetis
935 2332 966 2357 et
988 2327 1146 2368 prosperis

197 2379 290 2409 quam
316 2368 459 2399 tristibus
488 2375 520 2399 et
550 2369 691 2400 adversis
722 2370 780 2401 hoc
809 2370 919 2400 fraeno
941 2370 1147 2409 retineamur,

197 2411 388 2452 cogitatione
417 2411 566 2441 nimirum
591 2411 716 2442 divinae
744 2411 925 2449 voluntatis,
955 2423 1049 2452 quam
1078 2413 1147 2444 fieri

198 2464 272 2494 prae
305 2453 452 2484 omnibus
485 2459 689 2493 expetamus.
723 2459 753 2484 et
787 2454 820 2485 in
854 2464 890 2485 ea
920 2454 1043 2495 placide
1076 2465 1148 2487 con-

197 2497 412 2537 quiescamus:
447 2505 483 2526 30
515 2495 648 2536 proinde
679 2497 704 2526 si
728 2495 789 2527 Dei
812 2497 962 2527 voluntas
991 2497 1148 2537 patefacta

197 2539 287 2570 nobis
310 2539 431 2575 fuerat,
462 2548 531 2568 eam
553 2543 589 2569 ut
611 2539 726 2570 bonam
749 2544 781 2570 et
802 2539 919 2570 iustam
939 2549 1147 2579 agnoscamus

197 2587 229 2613 et
251 2586 374 2622 gratam
397 2580 579 2612 habeamus.

280 2623 441 2663 Deinceps
480 2623 637 2663 sequitur,
679 2623 783 2654 Deum
822 2623 930 2655 iubere
964 2623 1144 2656 Samuelem

839 192 884 222 IN
910 192 934 223 I.
959 191 1045 223 LIB.
1069 191 1265 222 SAMUEL.
1289 191 1385 222 OAP.
1410 192 1501 222 XVI.

2096 191 2156 222 154

1199 284 1330 324 implere
1361 295 1451 315 suum
1483 296 1581 317 cornu
1611 287 1695 323 oleo,
1726 291 1758 317 et
1788 287 1885 317 alium
1916 296 1934 316 a
1962 295 1996 316 se
2019 285 2156 316 electum

1199 337 1318 367 ungere
1341 327 1372 357 in
1398 337 1504 366 regem
1529 328 1595 359 loco
1609 328 1735 360 Saulis:
1759 329 1864 368 ipsum
1885 338 1962 358 vero
1981 328 2155 367 excepisse,

1198 369 1263 400 fore
1294 373 1329 400 ut
1351 370 1376 399 si
1408 370 1445 399 ad
1469 370 1576 401 Saulis
1606 382 1698 402 aures
1721 371 1803 402 istud
1828 370 2026 411 pervenerit,
2056 371 2156 401 inter-

1199 413 1324 443 ficiatur
1351 412 1390 442 ab
1420 422 1471 447 e0,
1504 413 1674 444 Dominum
1707 424 1780 444 vero
1810 413 2010 453 respondisse
2039 419 2075 443 ut
2105 422 2152 443 sa-

1199 454 1309 485 crificii
1333 454 1466 484 faciendi
1490 462 1654 494 praetextu
1682 457 1786 486 veniat
1810 457 1840 486 in
1865 455 1993 486 domum
2019 455 2157 486 18311111-

1200 507 1261 536 que
1284 497 1315 526 in
1341 507 1448 536 regem
1471 508 1542 527 eum
1567 509 1661 536 quem
1685 498 1902 538 designaverit
1925 503 2033 537 ungat.
2058 498 2155 528 Nulla

1200 550 1276 570 sane
1308 539 1359 569 hic
1388 539 1559 579 simulatio,
1586 542 1707 571 nullum
1739 541 1938 571 mendacium
1971 540 2047 570 fuit:
2081 541 2154 571 licet

1201 581 1289 612 Deus
1325 581 1512 621 prophetam
1546 593 1638 613 suum
1675 583 1774 613 voluit
1806 583 1950 614 sacrificii
1986 587 2154 622 praetextu

1201 630 1307 655 tutum
1319 634 1396 655 esse.
1422 624 1557 655 Factum
1578 625 1683 665 itaque
1704 637 1736 656 re
1756 627 1824 666 ipsa
1844 626 2042 662 sacrificium,
2063 626 2154 656 cuius

1200 667 1363 698 occasione
1385 672 1485 697 tectus
1508 667 1568 697 fuit
1591 668 1744 707 propheta
1768 680 1806 698 nc
1830 669 1955 698 veniret
1976 668 2006 697 in
2032 668 2154 707 pericu-

1200 710 1276 743 lum,
1301 709 1399 740 donec
1420 709 1532 748 plenae
1556 710 1758 741 revelationis
1782 718 1908 750 tenipus
1931 710 2064 741 adesset.
2089 710 2153 740 De-

1199 753 1309 792 inceps
1337 762 1413 782 vero
1444 751 1576 782 Davidis
1607 753 1713 783 unctio
1738 753 1901 793 sigillatim
1932 752 2154 790 declarabitur,

1200 799 1232 826 et
1254 794 1409 834 quomodo
1433 804 1527 833 quum
1553 795 1686 825 fratrum
1711 803 1792 826 esset
1816 795 1945 826 ultimus
1968 795 2156 834 eaputipso-

1201 848 1269 868 rum
1294 838 1397 867 factus
1420 837 1477 872 sit,
1508 842 1539 867 et
1562 837 1701 868 abiectus
1724 848 1759 869 ac
1784 838 1855 868 vilis
1878 838 1987 877 opilio,
2018 848 2036 868 a
2058 848 2154 877 pecu-

1200 880 1274 911 dum
1299 885 1436 910 stercore
1460 879 1498 909 ad
1519 880 1636 919 regiam
1658 880 1844 919 dignitatem
1865 886 2009 911 evectus:
2034 880 2153 910 0111111-

1199 933 1270 953 mus
1293 923 1325 952 in
1348 926 1416 952 tota
1439 921 1531 951 domo
1554 928 1695 962 paterna,
1719 928 1824 953 tamen
1844 922 1991 953 omnibus
2015 923 2153 962 proceri-

1200 965 1257 996 bus
1286 965 1377 1004 regni
1408 969 1440 994 81
1470 965 1575 1003 populi
1610 965 1770 1004 praelatus
1797 966 1847 996 sit.
1892 964 1961 995 Iam
1993 964 2153 996 Samuelis

1199 1008 1380 1038 missionem
1401 1006 1646 1045 consideremus,
1670 1008 1758 1038 cuius
1780 1008 1852 1038 finis
1876 1007 1945 1042 fuit,
1971 1013 2005 1037 ut
2018 1018 2152 1048 regnum

1198 1050 1276 1081 illud
1299 1060 1316 1080 a
1335 1049 1405 1080 Deo
1428 1050 1490 1079 iam
1515 1049 1589 1079 olim
1613 1050 1756 1089 patribus
1774 1050 1963 1089 promissum
1978 1051 2154 1090 erigeretur

1199 1101 1230 1124 et
1253 1093 1460 1123 stabiliretur.
1484 1092 1553 1122 Etsi
1577 1093 1661 1122 enim
1682 1092 1769 1123 Deus
1793 1093 1823 1122 in
1848 1092 1917 1132 lege
1940 1092 2154 1131 prohibuisset

1198 1136 1350 1176 populum
1386 1145 1485 1174 quum
1516 1135 1678 1174 ingressus
1709 1136 1817 1166 fuisset
1842 1141 1960 1165 terram
1984 1145 2079 1175 quam
2102 1135 2152 1165 Ie-

1198 1179 1282 1209 hova
1305 1178 1393 1208 Deus
1417 1187 1493 1207 suus
1517 1177 1612 1207 dabat
1643 1177 1711 1215 sibi,
1743 1184 1773 1208 et
1796 1177 1986 1217 possedisset
2010 1188 2090 1215 eam,
2125 1182 2157 1208 et

1199 1221 1367 1259 habitaret,
1398 1219 1518 1250 dicere:
1551 1220 1753 1250 Constituam
1777 1230 1872 1259 super
1895 1230 1945 1250 me
1968 1230 2093 1260 regem,
2122 1224 2158 1251 ut

1200 1274 1309 1295 omnes
1331 1268 1444 1304 gentes
1467 1273 1547 1302 quae
1571 1263 1602 1292 in
1626 1263 1810 1293 circuitibus
1824 1262 1920 1292 meis:
1944 1262 2033 1293 Deus
2050 1268 2157 1293 tamen

1200 1316 1335 1346 regnum
1360 1305 1436 1336 illud
1463 1314 1615 1344 tanquam
1640 1316 1797 1336 summum
1822 1305 1942 1335 bonum
1966 1311 1996 1335 et
2016 1305 2156 1345 singula-

1201 1360 1266 1380 rem
1289 1349 1511 1388 perfectionem
1537 1347 1653 1387 populo
1678 1358 1750 1385 suo,
1781 1358 1844 1377 non
1868 1352 1991 1377 tantum
2016 1347 2054 1377 ad
2079 1354 2156 1377 tem-

1200 1392 1357 1432 porariam
1382 1391 1519 1430 quietem
1550 1399 1578 1421 et
1604 1391 1876 1430 tranquillitatem,
1911 1390 1963 1420 sed
1986 1391 2081 1420 etiam
2105 1401 2156 1420 ae-

1200 1442 1323 1465 ternam
1359 1434 1494 1464 salutem
1529 1433 1725 1473 promiserat.
1770 1433 1882 1472 Neque
1915 1433 2000 1462 enim
2035 1433 2157 1463 frustra

1200 1478 1334 1508 Iacobus
1357 1476 1432 1506 olim
1457 1476 1668 1516 praedixerat,
1693 1486 1756 1505 non
1776 1475 1982 1506 auterendum
1996 1481 2156 1514 sceptrum

1200 1520 1238 1551 de
1262 1519 1350 1557 Iuda,
1380 1529 1481 1558 neque
1512 1518 1623 1549 ducem
1656 1518 1692 1549 de
1718 1520 1834 1548 seniore
1858 1518 1943 1547 eius:
1977 1517 2077 1548 donec
2101 1528 2156 1547 ve-

1200 1563 1283 1593 niret
1307 1561 1406 1597 Si10h‚
1435 1561 1466 1591 id
1491 1568 1548 1599 est,
1572 1562 1624 1600 qui
1649 1560 1823 1591 mittendus
1847 1566 1915 1591 erat
1940 1567 2034 1590 autor
2056 1560 2154 1591 felici-

1200 1606 1275 1635 tatis
1306 1610 1336 1635 et
1367 1603 1581 1634 abundantiae
1610 1603 1750 1634 omnium
1782 1613 1897 1633 rerum.
1943 1601 2028 1641 Quin
2058 1603 2155 1633 etiam

1199 1648 1257 1678 sub
1279 1647 1374 1677 huius
1404 1647 1476 1677 libri
1510 1646 1638 1676 initium
1662 1646 1798 1676 Hannae
1821 1645 2009 1676 vaticinium
2033 1644 2155 1675 audivi-

1198 1701 1278 1727 mus,
1302 1699 1381 1729 quae
1405 1690 1518 1729 spiritu
1542 1689 1724 1729 prophetico
1748 1689 1785 1718 de
1808 1688 1874 1718 filio
1897 1687 2066 1727 praedixit,
2090 1688 2156 1718 fore

1199 1739 1233 1764 ut
1256 1736 1370 1763 unctus
1394 1737 1477 1762 esset
1501 1737 1575 1762 ante
1589 1731 1763 1762 Dominum
1777 1731 1861 1761 filius
1874 1741 1961 1761 suus.
1986 1730 2027 1760 Et
2046 1736 2155 1760 tamen

1198 1775 1250 1806 ille
1274 1785 1338 1805 non
1361 1780 1409 1805 est
1439 1775 1471 1805 in
1501 1776 1621 1814 regiam
1643 1773 1828 1812 dignitatem
1852 1777 1999 1804 evectus:
2030 1772 2084 1803 sed
2116 1772 2154 1802 ad

1197 1820 1260 1849 iam
1301 1817 1375 1848 olim
1416 1817 1514 1848 factas
1553 1817 1778 1857 promissiones
1817 1815 1914 1846 Anna
1955 1814 2156 1854 respiciebat.

1198 1860 1286 1899 Quin
1319 1860 1383 1890 imo
1417 1870 1551 1899 regnum
1585 1859 1668 1890 istud
1703 1857 1982 1898 comprehenditur
2016 1857 2054 1887 iis
2077 1867 2156 1896 quae

1198 1903 1306 1934 Moses
1328 1903 1423 1933 etiam
1447 1902 1521 1933 olim
1546 1902 1583 1932 de
1607 1902 1723 1941 populo
1747 1900 1958 1940 praedicavit:
1992 1899 2049 1930 Vos
2069 1899 2156 1930 eritis

1197 1945 1273 1976 mihi
1294 1955 1421 1985 regnum
1443 1944 1635 1982 sacerdotale,
1659 1944 1690 1974 id
1714 1950 1762 1974 est
1786 1943 1918 1983 populus
1938 1942 2007 1973 Deo
2031 1941 2154 1972 dicatus

1198 1995 1351 2028 tanquam
1373 1998 1498 2018 sacrum
1522 1986 1647 2026 aliquod
1671 1997 1815 2026 regnum.
1840 1984 1970 2016 Samuel
1993 1995 2069 2024 ergo
2088 1985 2152 2014 iam

1198 2031 1337 2062 mittitur
1369 2040 1387 2060 a
1410 2030 1549 2060 Domino
1580 2040 1713 2069 regnum
1744 2028 1822 2058 illud
1851 2032 2032 2064 erecturus,
2062 2027 2152 2057 cuius

1198 2074 1272 2104 olim
1296 2078 1363 2103 erat
1386 2072 1470 2103 facta
1493 2072 1660 2112 promissio
1683 2082 1738 2111 per
1761 2071 1920 2109 Iacobum⁷
1944 2077 1973 2099 et
1993 2068 2151 2109 quodiam

1198 2116 1252 2147 diu
1276 2115 1527 2155 exspectabatur.
1572 2115 1672 2145 Porro
1700 2114 1826 2144 futurus
1849 2119 1918 2142 erat
1940 2113 1999 2142 iste
2022 2122 2080 2142 rex
2105 2118 2151 2149 ty-

1199 2169 1258 2198 pus
1291 2164 1323 2189 et
1356 2158 1459 2198 imago
1494 2157 1623 2188 venturi
1656 2156 1730 2187 olim
1767 2156 1894 2186 Domini
1935 2155 2036 2185 nostri
2077 2153 2151 2184 Iesu

1198 2201 1331 2232 Christi.
1375 2200 1517 2240 Populus
1550 2200 1656 2238 itaque
1690 2198 1824 2229 habebat
1856 2196 1981 2236 quidem
2016 2196 2151 2236 promis-

1198 2244 1304 2274 siones
1326 2243 1364 2274 de
1387 2251 1478 2282 rege:
1508 2241 1561 2273 sed
1596 2242 1726 2272 nimium
1751 2250 1898 2281 praeceps
1922 2240 1953 2269 in
1977 2238 2151 2279 flagitando

1199 2296 1273 2326 rege
1304 2287 1421 2316 fuerat:
1457 2296 1492 2316 ac
1526 2284 1658 2324 proinde
1691 2283 1907 2314 contumaciae
1941 2292 2014 2312 reus
2044 2291 2151 2312 coram

1198 2328 1357 2365 Domino,
1399 2327 1481 2367 quod
1516 2338 1577 2357 non
1614 2331 1824 2366 opportunum
1859 2330 1986 2364 tempus
2019 2333 2150 2363 exspec—

1199 2377 1313 2406 tasset,
1347 2370 1400 2401 sed
1430 2371 1611 2409 importune
1641 2379 1746 2408 regem
1771 2368 1830 2399 sibi
1853 2367 1922 2398 dari
1945 2367 2149 2406 postulasset,

1198 2413 1323 2453 Deique
1346 2413 1505 2443 decretum
1530 2411 1770 2451 praevertisset:
1805 2420 1866 2449 qua
1896 2409 2097 2440 festinatione
2119 2413 2151 2439 et

1199 2457 1376 2487 temeritate
1404 2454 1466 2485 Dei
1498 2453 1669 2485 vindictam
1701 2454 1732 2483 in
1754 2463 1787 2483 se
1810 2457 2057 2492 provocaverat,
2088 2451 2149 2482 nisi

1199 2509 1237 2529 ex
1261 2508 1348 2528 mera
1371 2496 1593 2528 benevolentia
1613 2496 1712 2535 ipsius
1734 2496 1884 2526 misertus
1898 2494 2018 2525 fuisset.
2042 2493 2151 2525 Saulis

1199 2542 1305 2580 itaque
1327 2549 1461 2580 regnum
1485 2549 1548 2570 non
1571 2538 1631 2569 fuit
1654 2548 1692 2569 ex
1713 2538 1773 2569 Dei
1797 2538 1962 2568 instituto:
1986 2541 2079 2576 atque
2101 2536 2149 2567 id-

1199 2584 1281 2615 circo
1310 2583 1342 2614 in
1376 2582 1429 2612 illo
1458 2581 1596 2621 oportuit
1625 2581 1749 2620 impleri
1780 2579 1861 2620 quod
1885 2580 2042 2610 Dominus
2066 2578 2150 2618 apud

1200 2626 1315 2657 Matth.
1339 2634 1404 2664 cap.
1430 2623 1468 2655 15
1492 2624 1582 2655 dicit:
1606 2622 1721 2654 Omnis
1742 2622 1835 2654 arbor
1857 2633 1950 2662 quam
1966 2622 2061 2653 Pater
2083 2631 2148 2652 non
