2551 3044
337 195 377 227 35

338 290 491 322 cedemus:
523 289 584 320 hoc
614 290 698 320 euim
723 290 783 320 erit
818 289 947 330 signum
971 290 1133 322 socordiae
1156 290 1298 329 ipsorum

340 332 424 373 quod
455 332 564 372 egredi
595 333 708 364 castris
737 342 799 362 non
824 331 974 370 audeant,
1005 337 1031 364 et
1051 334 1104 365 hoc
1127 333 1216 372 siquo
1237 341 1302 372 coy-
1324 345 1328 369 l

340 385 497 406 noscemus
530 374 632 406 Deum
668 374 736 406 illos
769 375 803 405 in
832 384 944 407 manus
972 379 1094 407 nostras
1125 374 1300 406 tradidisse.

343 417 402 448 Sed
424 418 452 448 si
474 417 621 451 dixerint.
644 417 798 449 subsistite
819 417 911 448 donec
922 419 1157 458 pervenerimus
1174 417 1214 448 ad
1232 426 1300 448 vos:

341 464 406 492 tum
433 460 583 491 stabimus
608 461 638 491 in
661 460 724 491 Ioco
748 462 861 496 nostro,
884 463 912 491 et
934 471 995 492 non
1018 461 1237 493 adscendemus
1259 459 1300 490 ad

343 512 408 534 eos:
443 504 573 543 signum
602 502 687 534 enim
722 502 808 534 istud
843 504 998 535 audaciae
1029 511 1058 535 et
1091 502 1299 534 t'i‘vrtitudinis.

342 545 429 585 Quid
454 545 548 582 istud,
578 555 694 585 quaeso
723 545 768 576 rei
793 544 864 576 est?
911 546 1025 577 Nonne
1055 546 1139 577 dicas
1162 544 1300 585 pueriles

341 590 435 620 iocos.
467 590 564 618 immo
595 589 628 618 iu
653 594 743 619 tanto
766 598 874 619 rerum
899 589 1083 620 discrimine
1108 598 1227 618 meram
1254 588 1299 618 in-

343 631 483 663 saniam!
516 631 584 661 Nae
616 630 744 662 videtur
767 630 966 663 Ionathauus
997 642 1060 663 non
1086 631 1178 662 modo
1203 637 1299 661 teme-

342 675 447 705 rarius
466 681 496 704 et
521 673 785 709 inconsideratus.
808 673 863 704 sed
883 675 978 705 etiam
1000 675 1030 705 iu
1055 675 1154 705 Deum
1177 674 1300 713 impius,

343 717 424 757 quod
451 727 521 747 cum
558 718 689 746 tentarit
713 726 806 747 omen
831 717 991 757 accipiens
1023 728 1061 748 ex
1087 728 1119 747 rc
1143 718 1173 746 iu
1196 717 1301 756 specie

343 759 433 790 nulla
463 766 494 789 et
525 759 621 789 inani.
668 758 791 789 Verum
823 759 948 799 probari
974 759 1042 790 Deo
1073 761 1191 790 factum
1216 758 1299 790 istud

343 802 499 837 videmus,
534 808 563 832 ct
600 801 667 841 regi
703 801 742 831 ab
772 802 840 841 ipso
864 801 1079 833 Ionatliauum
1111 801 1237 833 traditis
1267 801 1299 832 in
1326 797 1329 834 l

343 846 444 885 ipsius
467 854 598 874 manum
626 844 782 882 hostibus,
805 855 882 884 quos
901 852 976 875 ante
1000 846 1096 885 ipsiu<
1117 845 1300 884 adspectum

344 887 579 923 occumbentes,
614 893 645 917 et
674 887 764 927 quasi
797 886 864 918 sola
895 888 996 927 ipsius
1026 887 1137 918 umbra
1172 887 1302 918 territos

343 930 484 970 armiger
511 930 612 970 ipsius
643 929 731 960 nullo
758 931 885 969 negotio
908 931 1043 962 conficit.
1090 930 1179 969 Quae
1202 940 1300 969 quum

342 973 516 1012 intuemur,
547 982 653 1003 nonne
683 972 827 1003 divinum
858 983 938 1013 opus
960 975 1122 1013 suspicere
1145 978 1175 1003 et
1200 972 1300 1003 admi·
1326 981 1329 1010 l

342 1016 406 1046 rari
431 1014 606 1046 debemus?
650 1015 732 1046 Nam
756 1015 913 1055 quomodo
936 1017 1098 1056 perterriti
1124 1015 1301 1046 philistaei.

343 1065 375 1089 et
406 1064 496 1088 tanto
519 1068 637 1098 pavore
666 1058 814 1098 perculsi,
846 1063 879 1088 ut
903 1064 991 1089 metu
1015 1059 1212 1093 occumbant,
1247 1058 1301 1097 qui

342 1101 432 1141 prius
457 1100 638 1141 triumphos
661 1101 750 1140 quasi
775 1101 911 1133 victores
938 1101 1117 1132 cauebant?
1147 1100 1302 1140 quomodo

344 1145 462 1175 factum
497 1149 531 1174 ut
565 1143 604 1174 ab
642 1142 806 1179 Israelitis,
842 1144 911 1174 sine
945 1143 1066 1184 praelio
1097 1144 1185 1175 fracti
1218 1143 1301 1174 caesi

342 1186 508 1227 fugatique
537 1186 613 1222 sint,
644 1186 851 1217 caedentibus
874 1186 1030 1218 Israelitis
1060 1197 1112 1217 eos
1135 1196 1211 1226 quos
1235 1196 1300 1216 me—

343 1236 396 1260 tus
420 1229 644 1260 semimortuos
667 1228 910 1269 prostraverat?
965 1229 1031 1260 Nae
1062 1229 1144 1260 istud
1176 1229 1303 1259 intuen-

343 1278 392 1303 tes
416 1281 543 1302 nreesse
567 1278 612 1302 est
638 1272 728 1302 fateri
752 1271 967 1302 Ionathanum
999 1272 1078 1302 nihil
1103 1272 1153 1302 hic
1176 1281 1298 1308 ausum,

343 1321 375 1345 et
407 1314 483 1345 nihil
510 1315 652 1354 coepisse
673 1315 743 1345 sine
767 1314 877 1345 divino
902 1314 998 1345 ductu
1024 1321 1055 1345 et
1078 1314 1234 1355 impulsu:
1269 1319 1300 1345 et

343 1358 440 1388 fuisse
466 1357 561 1388 veluti
586 1367 726 1396 caecum,
751 1357 823 1387 viae
846 1367 940 1397 quam
965 1357 1188 1398 ingrederetur
1210 1357 1301 1397 igna-

343 1410 424 1431 rum.
472 1400 519 1430 En
557 1400 671 1439 quibus
706 1410 866 1439 quamque
900 1401 997 1431 variis
1031 1400 1134 1431 modis
1169 1410 1299 1431 suorum

344 1443 497 1474 misertus
521 1443 609 1473 Deus
633 1448 799 1482 operetur:
823 1443 848 1473 si
875 1441 993 1473 bellum
1018 1443 1161 1473 immittit
1185 1443 1299 1482 quibus

344 1485 415 1516 illos
442 1485 595 1525 exploret,
625 1495 702 1516 sana
725 1485 858 1516 consilia
888 1490 920 1515 et
943 1485 1163 1516 fortitudinem
1188 1485 1299 1515 iisdem

345 1527 579 1559 subministrat.
633 1527 725 1566 Quod
764 1529 789 1559 si
829 1538 893 1558 non
924 1527 968 1559 ita
999 1539 1125 1568 semper
1155 1529 1237 1565 facit,
1269 1533 1301 1558 et

346 1571 458 1610 inopes
490 1570 533 1600 illi
564 1570 688 1601 consilii
719 1575 751 1600 et
773 1570 858 1601 caeci
889 1570 963 1610 quid
988 1573 1088 1602 acturi
1113 1571 1175 1601 sint
1198 1571 1299 1602 nesci-

345 1621 410 1649 ant,
442 1620 473 1643 et
502 1613 589 1643 anxii
619 1613 652 1643 in
684 1622 827 1643 summas
859 1623 966 1644 rerum
998 1614 1139 1644 omnium
1164 1613 1299 1645 difficul-

345 1661 427 1686 tates
450 1656 598 1686 veniant:
623 1655 834 1686 nihilominus
855 1662 960 1687 tamen
980 1664 1090 1687 contra
1110 1657 1301 1695 expectatio-

345 1709 417 1729 nem
442 1703 586 1729 nostram
608 1698 696 1729 Deus
714 1698 760 1729 ita
779 1698 897 1739 dirigit,
921 1704 952 1730 et
968 1699 1001 1729 in
1026 1700 1184 1739 angustiis
1203 1710 1300 1730 manu

345 1741 491 1775 sustinet,
516 1746 553 1771 ut
576 1741 694 1772 nostris
717 1741 860 1772 consiliis
885 1742 1000 1777 faveat,
1025 1741 1211 1781 felicemque
1236 1742 1300 1772 exi-

345 1790 413 1814 tum
445 1783 609 1823 largiatur,
641 1783 734 1814 modo
764 1784 797 1814 in
821 1785 925 1823 ipsum
949 1784 1053 1815 solum
1078 1785 1301 1815 recumbamus

344 1831 376 1858 et
410 1826 537 1866 negotia
571 1831 678 1857 nostra
719 1827 911 1858 reiiciamus.
977 1826 1179 1866 Quapropter
1214 1827 1302 1858 Deus

345 1879 440 1909 saepe
476 1879 532 1899 nos
562 1869 651 1908 prius
682 1868 773 1900 ‹leiiei
804 1874 836 1900 ct
868 1869 1029 1900 humiliari
1063 1870 1141 1907 vult,
1176 1879 1204 1900 et
1229 1870 1301 1900 ficri

345 1913 449 1943 instar
478 1911 660 1947 infantium,
691 1917 728 1942 ut
755 1911 880 1943 consilii
905 1912 1016 1951 inopes
1039 1922 1211 1952 rerumque
1234 1923 1301 1943 om-

346 1955 436 1986 nium
467 1954 570 1993 egeni,
602 1960 633 1984 et
662 1964 794 1994 prorsus
823 1955 908 1986 caeci
939 1961 970 1985 et
1000 1955 1105 1995 ignari
1135 1966 1238 1985 rerum
1271 1961 1301 1986 ct

345 1998 444 2029 futuri
477 1997 592 2034 exitus,
624 2003 731 2027 tamen
764 1997 843 2028 bene
874 2007 1040 2037 speremus
1072 1997 1194 2037 Deique
1228 2008 1301 2037 pro-

346 2039 552 2071 missionibus
575 2040 824 2079 aequiescamus,
854 2039 1111 2080 quandoquidem
1143 2051 1176 2070 sc
1200 2041 1300 2071 nostri

345 2093 454 2114 curam
479 2082 596 2113 habere
618 2083 794 2122 profitetur,
819 2088 851 2113 et
871 2093 1036 2122 nunquam
1058 2093 1224 2122 passurum
1247 2094 1302 2113 nos

345 2127 389 2156 ita
421 2125 521 2165 premi
547 2130 581 2155 ut
609 2125 843 2164 opprimamur:
873 2125 926 2156 sed
951 2126 983 2156 in
1007 2126 1142 2156 summis
1167 2125 1302 2156 difficul-

347 2167 465 2199 tatibus
496 2168 584 2198 nohis
614 2168 803 2198 adfuturum
835 2173 866 2199 et
893 2168 932 2198 ad
957 2168 1081 2199 felicem
1105 2169 1227 2199 exitum
1253 2179 1303 2199 res

347 2217 473 2242 nostras
498 2211 735 2249 perducturum.
783 2211 920 2242 Istorum
951 2211 1135 2250 exemplum
1160 2217 1227 2241 esto
1251 2211 1301 2241 Io·

348 2253 519 2284 nathanus.
567 2253 604 2283 In
636 2253 724 2284 libris
748 2253 894 2284 Indicum
926 2253 1071 2284 videmus
1097 2253 1200 2284 Deum
1230 2263 1304 2293 pru—

348 2296 475 2327 dentiae
498 2307 533 2326 ac
558 2296 754 2327 fortitudinis
784 2297 933 2336 spiritum
955 2297 994 2328 iis
1024 2297 1202 2330 immisisse.
1234 2296 1302 2335 qui-

348 2340 406 2370 hus
430 2345 465 2369 ut
489 2339 611 2377 gratiae
641 2349 717 2369 suae
742 2339 901 2370 ministris
925 2339 964 2370 ad
988 2339 1096 2379 populi
1121 2339 1168 2369 sui
1194 2338 1301 2369 defen-

348 2383 467 2412 sionem
500 2386 531 2411 et
567 2382 788 2412 liberationem
823 2393 862 2412 ex
898 2382 1039 2412 hostium
1074 2381 1223 2412 manibus
1257 2381 1303 2411 uti

348 2425 484 2455 volebat,
530 2423 593 2455 Sed
625 2424 675 2455 hic
706 2424 871 2455 diversum
900 2424 1050 2464 quiddam
1075 2431 1131 2459 est.
1162 2434 1304 2454 summo-

348 2478 423 2507 pere
448 2466 538 2497 nobis
557 2467 806 2504 observandum,
831 2478 870 2498 ne
895 2466 955 2497 Dei
981 2468 1155 2507 potentiam
1175 2466 1214 2497 ad
1235 2477 1304 2497 nos·
1328 2479 1330 2503 ,ν

349 2518 432 2540 trum
463 2509 626 2540 modulum
663 2517 693 2540 et
724 2520 908 2540 mensuram
944 2509 1174 2550 appendamus.
1221 2509 1329 2540 Nam*

348 2553 373 2582 si
398 2553 520 2592 quoties
544 2552 578 2582 in
602 2552 724 2592 aliquas
748 2553 953 2583 difficultates
978 2552 1157 2588 incidimus,
1189 2552 1303 2582 libera-

348 2596 443 2625 tionis
469 2594 595 2626 modum
617 2595 753 2635 aliquem
775 2596 865 2626 nobis
884 2595 1112 2635 imaginamur,
1139 2595 1205 2625 Deo
1227 2605 1303 2634 quo·
1328 2594 1330 2617 ἵ

348 2636 517 2668 dammodo
549 2637 633 2668 viam
666 2644 773 2669 nostra
797 2638 1026 2678 imaginatione
1049 2637 1304 2678 praecludimus:
1328 2657 1330 2659 »

1144 194 1345 226 HOMILIA
1368 194 1512 226 XLVII.

1328 2417 1330 2423 Α
1359 2382 1460 2413 Deum
1495 2382 1618 2422 precari
1654 2382 1756 2418 decet,

2274 197 2316 228 36

1326 292 1328 330 j
1353 295 1449 329 atque
1480 288 1558 319 adeo
1589 289 1615 320 si
1646 299 1742 329 quam
1777 290 1935 321 rationem
1972 290 2064 321 nobis
2097 291 2316 330 persuasimus

1353 341 1536 371 sequamur,
1565 339 1596 362 et
1619 331 1665 363 illi
1693 333 1944 372 acquiescamus,
1976 333 2168 363 tantundem
2191 333 2230 364 de
2254 333 2315 366 Dei

1354 374 1473 405 virtute
1501 380 1532 404 et
1563 375 1706 414 potentia
1736 376 1938 406 detrahimus
1961 382 2118 415 quantum
2143 375 2235 406 nobis
2258 377 2315 408 tri-

1353 417 1490 456 buimus,
1521 423 1554 447 ut
1584 416 1733 458 deinceps
1763 428 1824 448 uon
1855 419 1895 449 sit
1925 418 2064 458 amplius
2096 428 2114 448 a
2146 417 2215 449 Deo
2245 429 2314 458 spe-

1354 459 1455 490 randa
1479 459 1571 490 nobis
1595 459 1691 498 salus,
1721 466 1853 501 propter
1876 470 2035 491 sumniam
2059 460 2148 491 illam
2173 467 2315 492 nostram

1353 501 1632 542 ingratitudinem.
1663 502 1881 542 Quamobrem
1907 510 1995 534 tanto
2017 503 2205 543 diligentius
2228 503 2314 535 istud

1353 544 1599 584 observandum,
1626 545 1730 576 Deum
1756 546 1854 577 variis
1879 546 2059 577 rationibus
2081 547 2149 577 suis
2169 546 2315 578 laboran-

1353 587 1439 619 tibus
1461 597 1553 627 opem
1577 588 1669 624 ferre,
1701 594 1737 618 ut
1759 588 1854 619 modo
1883 588 1960 628 ipsis
1982 589 2090 620 oculos
2114 590 2247 629 aperiat,
2279 599 2315 621 ac

1353 629 1559 670 prudentiam
1591 630 1624 660 in
1656 631 1751 662 rebus
1779 630 1931 672 gerendis
1961 631 2126 671 largiatur.
2158 632 2315 672 donisque

1326 673 1501 703 ¹omnibus
1542 673 1643 704 sancti
1683 674 1733 704 sui
1768 674 1901 714 spiritus
1942 674 2129 704 necessariis
2163 675 2314 711 instruat,

1354 716 1480 755 qnando
1515 715 1575 754 ipsi
1610 715 1729 755 placet:
1772 716 1865 747 modo
1899 716 1994 746 etiam
2031 716 2144 748 anxios
2179 717 2250 749 illos
2283 723 2315 748 et

1354 758 1452 788 animi
1485 757 1598 789 dubios
1628 769 1697 789 esse
1720 759 1822 789 sinat:
1853 764 1886 789 et
1915 765 2020 789 tamen
2045 759 2090 789 sie
2112 759 2258 799 impellat
2279 766 2315 791 ut

1353 801 1510 831 infantem
1540 801 1592 840 qui
1624 801 1766 832 nondum
1798 801 1944 832 incedere
1973 800 2060 832 solus
2090 807 2204 841 potest,
2235 808 2265 833 et
2296 813 2315 834 a

1355 849 1444 882 terno
1472 844 1659 881 sustinetur,
1681 851 1780 891 ‘pater
1810 845 1958 884 ignarum
1991 843 2062 874 viae
2085 850 2191 875 tamen
2216 855 2315 876 mauu

1354 886 1500 923 deducat,
1531 892 1563 916 et
1597 886 1628 916 in
1659 886 1743 917 viam
1774 893 1893 917 rectam
1925 886 2057 917 ductum
2090 897 2152 916 non
2177 886 2315 924 deserat,

1355 940 1393 959 ne
1424 911 1532 969 laps'us
1561 928 1620 959 sibi
1646 929 1766 959 malum
1797 934 1949 960 accersat.
1997 928 2045 959 Ita
2071 929 2159 960 Deus
2182 940 2216 961 se
2239 940 2316 970 erga

1358 981 1414 1002 nos
1437 972 1531 1011 gerit,
1555 978 1584 1002 et
1609 972 1755 1003 labentes
1779 978 1955 1002 sustentat:
1980 977 2011 1002 et
2035 973 2078 1002 ita
2103 973 2187 1012 regit
2210 978 2245 1003 ut
2267 980 2315 1003 ta·

1326 1020 1329 1040 ῒ
1353 1025 1427 1045 men
1458 1015 1575 1045 clausis
1606 1014 1708 1045 oculis
1732 1020 1764 1045 et
1793 1015 1924 1055 ignaros
1948 1024 2011 1054 quo
2035 1025 2146 1045 eamus
2170 1015 2316 1056 impellat

1353 1062 1383 1088 et
1414 1057 1559 1088 deducat.
1613 1057 1718 1097 Saepe
1748 1058 1855 1097 itaque
1885 1057 1976 1088 Deus
2015 1065 2142 1097 praeter
2171 1063 2315 1089 nostram

1353 1100 1546 1140 opinionem
1589 1106 1619 1130 et
1655 1100 1785 1140 ignaros
1818 1106 1954 1131 eventus
1988 1099 2092 1131 ducit:
2135 1107 2167 1131 et
2200 1110 2317 1133 areana

1353 1142 1489 1191 quade
1522 1143 1553 1173 vi
1585 1143 1678 1183 regit,
1708 1148 1744 1173 ut
1774 1142 1903 1173 tandem
1936 1142 1974 1173 ad
2005 1149 2152 1183 optatum
2183 1150 2312 1192 portum

1353 1186 1500 1226 ignorata
1542 1192 1650 1216 tamen
1692 1186 1760 1215 viae
1802 1191 1929 1216 nostrae
1970 1186 2093 1216 ratione
2136 1187 2313 1218 veniamus.

1353 1228 1402 1259 Ne
1426 1229 1532 1268 itaque
1556 1227 1773 1259 Ionathanum
1805 1229 1996 1259 temeritatis
2024 1238 2228 1260 accusemus:
2260 1229 2314 1260 sed

1353 1271 1442 1302 illum
1475 1271 1579 1311 potius
1610 1271 1750 1310 impulsu
1776 1271 1835 1301 Dei
1868 1278 2019 1311 tanquam
2042 1271 2259 1302 somniantem
2283 1277 2315 1303 et

1353 1319 1445 1344 extra
1476 1324 1510 1344 se
1541 1314 1676 1353 positum
1714 1313 1885 1344 credamus
1916 1324 2103 1354 aggressum
2135 1324 2214 1354 opus
2247 1325 2314 1345 om—

1354 1357 1431 1387 nino
1474 1356 1621 1387 divinum
1663 1362 1694 1387 et
1735 1356 2038 1387 extraordinarium.
2095 1356 2178 1387 Nam
2213 1367 2314 1397 quum

1355 1399 1449 1430 modo
1473 1399 1535 1430 huc
1558 1399 1650 1430 modo
1680 1398 1757 1430 illuc
1779 1399 1966 1439 impellitur,
1998 1405 2029 1430 et
2053 1399 2185 1439 ignarus
2207 1401 2314 1431 exitus

1356 1442 1563 1472 consiliorum
1596 1442 1716 1480 haeret,
1747 1448 1778 1472 et
1809 1441 1939 1472 taudem
1970 1442 2054 1472 viam
2088 1443 2214 1482 reperit.
2245 1453 2312 1474 om-

1355 1485 1431 1515 niuo
1467 1484 1613 1515 (livinum
1652 1494 1732 1524 opus
1769 1484 1867 1515 fuisse
1897 1491 1928 1515 et
1957 1484 1997 1515 ad
2028 1485 2107 1515 illud
2137 1487 2314 1516 excitatum

1354 1527 1569 1558 leuat-hanam
1599 1534 1722 1559 certum
1752 1533 1815 1558 est:
1851 1537 1955 1567 neque
1985 1528 2071 1558 enim
2100 1528 2126 1558 si
2162 1527 2314 1560 humanis

1353 1570 1495 1602 consiliis
1525 1570 1629 1601 locum
1653 1570 1801 1607 dedisset,
1832 1579 1973 1609 unquam
1996 1571 2198 1610 suscepisset,
2229 1570 2312 1611 quod

1354 1613 1451 1644 nullis
1485 1613 1635 1644 humanis
1667 1613 1787 1644 viribus
1815 1613 1923 1652 perfici
1948 1617 2082 1652 poterat.
2128 1612 2214 1652 Quid
2238 1623 2314 1654 ergo

1353 1656 1439 1687 aliud
1472 1655 1652 1691 dicendum,
1684 1665 1780 1696 quam
1812 1655 1894 1695 quod
1925 1661 2000 1686 ante
2028 1655 2130 1691 docui,
2160 1655 2312 1687 Ionatha-

1354 1709 1428 1729 num
1461 1699 1558 1729 fuisse
1590 1698 1677 1729 velut
1711 1704 1802 1729 extra
1831 1708 1866 1729 se
1889 1705 2026 1738 raptum,
2057 1709 2156 1738 quum
2181 1708 2258 1730 eura
2281 1704 2315 1730 et

1352 1741 1566 1772 sollieitudine
1598 1741 1721 1781 ingenti
1751 1747 1931 1781 urgeretur,
1967 1740 2092 1781 Deiqne
2128 1751 2226 1772 manu
2259 1741 2314 1772 de-

1353 1784 1495 1822 ductum,
1525 1789 1556 1814 et
1585 1784 1730 1815 hostibus
1759 1784 1918 1815 obiectum
1943 1783 2042 1814 veluti
2067 1783 2224 1824 quoddam
2250 1789 2313 1815 ter-

1353 1827 1599 1858 riculamentum
1634 1827 1668 1857 in
1703 1826 1807 1857 medio
1841 1827 1979 1867 agmine,
2015 1832 2050 1857 ut
2084 1826 2151 1857 solo
2182 1832 2314 1867 aspectu

1353 1870 1456 1901 territi
1493 1876 1524 1900 et
1554 1869 1687 1900 horrore
1727 1869 1862 1909 perculsi
1903 1869 2108 1909 diffugerent,
2150 1875 2181 1900 et
2221 1869 2314 1901 facile

1353 1913 1562 1944 internecioni
1595 1913 1758 1943 darentur.
1806 1912 1894 1942 Hine
1926 1913 2034 1952 itaque
2069 1912 2238 1948 discamus.
2272 1911 2313 1944 ad

1355 1956 1458 1986 Deum
1494 1955 1525 1986 in
1562 1955 1697 1986 summis
1738 1955 1896 1994 angustiis
1936 1955 2117 1995 confugere,
2158 1960 2190 1985 et
2222 1955 2313 1986 illum

1354 1998 1477 2038 precari
1501 2003 1536 2028 ut
1560 2003 1670 2028 nostra
1693 1997 1825 2028 consilia
1849 2002 1950 2037 regat,
1980 2007 2100 2037 suoque
2122 1997 2230 2028 favore
2254 2007 2313 2029 nos

1353 2041 1594 2080 complectatur,
1614 2046 1643 2070 et
1663 2051 1705 2070 ex
1724 2040 1882 2080 angustiis
1900 2044 1932 2070 et
1951 2040 2193 2070 difficultatibus
2211 2045 2312 2077 eruat,

1354 2094 1473 2123 suoque
1503 2083 1625 2114 lumine
1653 2082 1802 2120 illustret,
1835 2092 2012 2122 passusque
2050 2087 2177 2113 nostros
2211 2086 2311 2122 regat.

1355 2125 1449 2165 Quod
1479 2127 1505 2157 si
1537 2136 1595 2157 nos
1623 2125 1759 2156 deiicere
1782 2131 1813 2156 et
1837 2124 2008 2156 humiliare
2031 2125 2090 2164 ipsi
2116 2125 2219 2156 visum
2243 2126 2312 2156 fue-

1355 2171 1403 2205 rit,
1439 2174 1471 2199 et
1503 2168 1606 2200 veluti
1640 2177 1751 2199 caecos
1785 2168 1817 2198 in
1858 2167 1998 2198 tenebris
2038 2168 2213 2207 continere,
2249 2177 2313 2207 qua

1355 2211 1523 2252 disciplina
1568 2221 1663 2252 saepe
1707 2210 1899 2251 indigemus,
1946 2210 2157 2240 nihilominus
2203 2217 2310 2241 tamen

1354 2260 1501 2294 apertum
1531 2264 1600 2285 esse
1628 2254 1689 2294 ipsi
1717 2254 1840 2284 exitum
1865 2263 1904 2284 ex
1929 2253 2065 2283 miseriis
2089 2254 2206 2284 nostris
2229 2254 2311 2284 scia-

1356 2308 1441 2327 mus:
1472 2302 1504 2328 et
1526 2297 1649 2338 precari
1674 2307 1738 2327 non
1761 2296 1945 2327 desinamus
1969 2301 2004 2326 ut
2027 2295 2148 2326 virtute
2171 2306 2230 2326 sua
2254 2306 2312 2327 nos

1356 2341 1511 2370 sustineat
1542 2340 1576 2370 in
1607 2339 1773 2371 vocatione
1803 2338 1998 2370 incedentes.
2044 2339 2149 2377 Atque
2180 2339 2225 2369 ita
2254 2348 2312 2370 nos

1798 2392 1862 2412 uon
1897 2386 2021 2412 tantum
2057 2387 2093 2411 ut
2132 2381 2240 2412 oculos
2281 2386 2313 2412 et

1356 2424 1558 2463 prudentiam
1590 2424 1680 2455 nobis
1711 2423 1867 2465 largiatur
1897 2423 1935 2454 ad
1960 2423 2135 2454 videndum
2159 2423 2312 2463 quidquid

1355 2467 1500 2507 expedit:
1531 2467 1586 2498 sed
1618 2468 1713 2498 etiam
1745 2474 1779 2498 ut
1801 2476 1898 2507 quum
1923 2467 2027 2496 omnis
2050 2466 2173 2496 consilii
2196 2476 2312 2506 exper-

1357 2514 1403 2539 tes
1428 2510 1582 2541 fuerimus
1605 2515 1636 2541 et
1660 2517 1814 2550 tanquam
1838 2509 1921 2540 caeci
1946 2509 2173 2546 erraverimus,
2198 2509 2314 2540 nihilo-

1328 2546 1331 2568 1
1356 2552 1462 2583 minus
1492 2559 1598 2583 tamen
1632 2553 1699 2593 ipse
1730 2563 1788 2584 uos
1818 2552 1937 2583 virtute
1961 2561 2018 2581 sua
2042 2557 2141 2591 rogat,
2172 2558 2208 2582 ut
2231 2561 2312 2582 nun-

1357 2604 1450 2633 quam
1477 2606 1494 2625 a
1518 2595 1602 2626 hono
1626 2595 1822 2629 recedamus.
1846 2599 1877 2625 et
1899 2594 1969 2624 vias
1992 2604 2104 2624 omnes
2129 2600 2255 2625 nostras
2278 2594 2311 2624 in

1357 2637 1457 2676 ipsius
1482 2648 1612 2668 manum
1638 2643 1668 2669 et
1691 2637 1927 2678 providentiam
1953 2637 2146 2668 reiiciamus.
2173 2638 2218 2667 Ac
2241 2636 2312 2667 licet
