2551 3044
199 194 261 226 609

199 293 369 331 coguntur.
402 289 514 329 Neque
537 288 622 319 enim
637 286 721 328 apud
735 286 840 318 Deum
856 287 1031 327 quidquam
1046 288 1161 319 iuvant
1184 300 1188 327 ζ

197 333 352 364 orationis
374 332 480 370 flores,
504 336 557 362 aut
582 329 781 370 eloquentia;
811 329 866 361 sed
890 329 957 361 sola
982 330 1084 361 virtus
1108 341 1159 361 co-

198 386 267 407 ram
291 375 353 406 Dei
377 373 495 405 iudicio
519 384 575 404 nos
599 377 718 411 tuetur,
752 371 807 412 qui
831 382 934 412 neque
966 372 1033 403 falli
1058 383 1161 412 neque

198 417 311 458 decipi,
334 422 370 448 ut
393 416 549 456 homines,
573 419 686 455 potest.

282 460 499 490 Transeamus
518 457 556 488 ad
582 457 703 496 reliqua
723 456 858 487 Davidis
881 456 988 488 verba.
1018 457 1162 496 Quando-

197 503 320 544 quidem
342 501 516 533 tradiderat
545 502 571 531 te
595 499 708 530 Iehova
737 499 825 530 hodie
852 499 930 530 mihi
960 500 994 530 in
1022 509 1160 538 manum,

197 546 250 577 sed
273 545 360 576 nolui
383 543 545 574 immittere
566 552 693 573 manum
711 551 809 572 meam
832 542 866 572 ‘in
884 544 1007 572 unctum
1022 542 1160 574 Iehovae.

197 588 298 619 Porro
321 596 419 626 quum
444 584 551 616 David
575 584 620 615 ait
643 584 821 615 Dominum
846 583 1016 616 tradidisse
1041 585 1102 615 sibi
1125 585 1160 616 in

197 639 327 661 manum
352 627 502 659 Saulem:
527 637 592 658 non
617 626 864 667 intelligendum
889 631 936 658 est
959 628 1049 667 quasi
1075 627 1160 659 dice-

195 678 244 703 ret
267 671 327 703 sibi
350 681 369 702 a
394 671 461 701 Deo
493 670 687 710 permissum
720 669 853 701 Saulem
878 670 1071 708 interficere,
1103 670 1159 701 sed

194 714 365 745 hominum
388 713 540 753 opinione
563 712 594 743 id
619 713 678 743 sibi
703 712 838 744 licuisse.
864 711 959 751 Quod
983 718 1019 743 ut
1043 712 1158 744 melius

194 756 416 796 intelligamus
439 755 614 786 tenendum
639 760 686 786 est
703 755 824 786 variam
848 765 917 786 esse
941 755 1088 786 tradendi
1108 765 1157 786 ra-

194 799 327 838 tionem,
358 798 616 838 quandoquidem
648 807 881 838 nonnunquam
914 798 1002 829 Deus
1030 798 1157 829 hostem

193 842 226 873 in
251 851 383 872 manum
408 840 515 878 tradit,
539 850 610 871 cum
636 839 709 871 belli
729 845 872 880 tempore
892 841 1058 872 victoriam
1082 851 1155 872 con-

191 883 291 923 cedit,
325 890 357 915 et
387 884 477 924 quasi
508 893 606 913 manu
635 882 808 914 deductum
838 883 964 914 hostem
996 883 1156 915 voluntati

192 927 360 968 permittit.
406 925 530 957 Idcirco
554 925 660 956 Moses
686 925 840 965 populum
865 926 910 956 sic
933 925 1156 966 alloquebatur

192 969 349 1001 adversus
372 969 479 1000 hostes
502 973 710 1008 pugnantem,
733 973 769 998 ut
792 967 913 999 diceret
934 979 1025 1008 posse
1048 969 1155 1008 ipsum

193 1011 270 1043 dare
292 1012 504 1043 internecioni
519 1021 572 1042 eos
586 1010 742 1042 adversus
761 1021 840 1050 quos
862 1016 1063 1051 pugnarent:
1089 1011 1154 1042 bel-

192 1055 259 1086 lum
283 1054 369 1086 enim
398 1055 519 1084 iustum
551 1059 608 1088 est,
641 1059 673 1083 et
702 1054 770 1094 ipse
793 1053 883 1085 Deus
914 1053 1057 1094 gladium
1082 1065 1153 1094 per-

190 1097 292 1128 mittit
315 1102 346 1127 et
370 1101 563 1136 potestatem
593 1095 669 1127 facit
697 1096 805 1127 hostes
829 1096 936 1136 gladio
959 1096 1096 1127 feriendi
1122 1102 1154 1128 et

190 1139 415 1172 interficiendi.
437 1139 526 1170 Deus
549 1139 657 1178 itaque
680 1139 713 1169 in
736 1149 870 1169 manum
895 1139 994 1169 tradit
1007 1149 1059 1170 eos
1073 1150 1153 1179 quos

191 1182 281 1214 caedi
303 1182 385 1213 vult.
430 1181 711 1220 Quemadmodum
741 1182 932 1212 facinorosos
955 1182 988 1212 in
1011 1181 1152 1213 iudicum

192 1235 326 1256 manum
349 1224 457 1261 tradit,
488 1230 523 1255 ut
545 1224 578 1254 in
602 1224 744 1265 ipsorum
771 1224 895 1265 flagitia
917 1225 1091 1264 inquirant,
1121 1230 1154 1256 et

190 1278 248 1308 pro
285 1267 409 1299 meritis
439 1277 560 1306 poenas
591 1272 777 1307 reposcant,
815 1277 938 1307 suoque
974 1268 1153 1308 fungantur

191 1310 315 1342 officio:
346 1309 443 1340 veriti
466 1320 506 1340 ne
530 1310 556 1340 si
580 1310 774 1350 flagitiosum
797 1309 937 1340 inultum
961 1309 1151 1348 dimiserint,

191 1353 350 1384 rationem
375 1353 413 1383 ab
437 1352 516 1392 ipsis
539 1352 628 1383 Deus
652 1358 806 1392 reposcat.
831 1352 916 1384 Sunt
941 1353 1025 1384 enim
1057 1353 1152 1384 male-

190 1396 242 1427 fici
265 1401 420 1435 tanquam
441 1395 622 1435 depositum
636 1395 727 1426 cuius
740 1396 898 1426 rationem
922 1395 1007 1435 ipsos
1027 1400 1153 1436 oportet-

190 1438 261 1469 Deo
292 1437 441 1468 reddere:
475 1442 570 1477 atque
600 1438 679 1469 haec
712 1448 778 1469 una
807 1443 855 1469 est
885 1438 1034 1469 tradendi
1069 1440 1152 1470 ratio

189 1491 287 1521 quum
313 1480 404 1511 Deus
427 1485 635 1520 protestatem
660 1480 736 1512 facit
760 1480 896 1512 alicuius
917 1481 1080 1519 caedendi,
1105 1487 1150 1513 ta-

189 1523 318 1564 lemque
353 1533 444 1555 suam
477 1533 546 1554 esse
577 1523 777 1554 voluntatem
812 1534 876 1554 non
915 1524 1020 1555 dubiis
1049 1525 1151 1565 signis

190 1566 339 1597 ostendit.
372 1565 484 1596 Altera
508 1571 555 1596 est
578 1577 676 1606 quum
699 1567 788 1598 Deus
811 1566 939 1606 quidem
962 1567 1150 1598 facultatem

189 1608 343 1641 caedendi
366 1608 468 1640 hostis
491 1608 594 1647 offert,
618 1608 673 1640 sed
697 1620 760 1640 non
785 1614 893 1640 tamen
912 1610 987 1640 facit
1009 1615 1149 1650 potesta-

189 1656 263 1683 tem.
289 1652 397 1690 Quare
422 1661 497 1682 vero
521 1657 599 1684 tunc
621 1651 747 1683 tradere
766 1652 857 1683 Deus
880 1652 1021 1684 dicitur?
1045 1653 1149 1684 Nimi-

187 1705 259 1725 rum
272 1698 308 1725 ut
321 1694 477 1734 nosipsos
490 1695 644 1734 exploret,
663 1701 694 1725 et
708 1706 749 1726 an
769 1699 881 1734 sponte
895 1695 1014 1726 nostris
1028 1696 1149 1727 affecti-

186 1737 246 1769 bus
270 1736 417 1768 fraenum
440 1736 623 1768 iniiciamus
646 1742 827 1778 cognoscat.
852 1737 934 1768 Nam
958 1738 1054 1769 multi
1079 1739 1149 1778 qui-

188 1779 260 1811 dem
284 1790 378 1820 saepe
401 1790 469 1811 sese
493 1790 689 1821 magnopere
711 1780 939 1812 commendant
961 1781 987 1811 si
1002 1781 1149 1813 volunta-

187 1828 251 1853 tem
274 1823 367 1853 suam
391 1832 456 1853 non
481 1828 709 1862 exsequantur,
741 1827 773 1854 et
797 1823 942 1855 hostibus
966 1824 1047 1854 nihil
1071 1824 1149 1855 mali

183 1864 358 1896 intulerint
388 1875 492 1904 neque
522 1865 554 1896 in
585 1876 721 1906 persona
753 1876 855 1906 neque
884 1866 919 1896 in
942 1866 1149 1898 facultatibus

182 1907 393 1939 offenderint:
424 1907 479 1938 sed
510 1915 717 1948 praepostera
748 1908 939 1948 gloriatione
970 1909 1052 1949 quod
1082 1921 1148 1940 non

184 1951 226 1982 sit
259 1950 337 1990 ipsis
370 1949 477 1981 oblata
506 1951 739 1991 opportunitas,
774 1961 878 1991 neque
911 1951 996 1982 facta
1029 1962 1045 1982 a
1077 1952 1148 1984 Deo

184 1997 326 2033 potestas
358 1993 503 2024 inimicos
533 1993 718 2025 ulciscendi.
763 1994 855 2024 Tunc
884 1995 983 2034 igitur
1006 1995 1147 2026 maxime

185 2041 320 2076 apparet
342 2045 450 2066 coram
473 2036 542 2067 Deo
568 2037 694 2067 sincera
717 2042 828 2067 nostra
850 2048 927 2078 erga
956 2038 1057 2077 ipsius
1080 2038 1147 2069 cul-

185 2082 254 2109 tum
268 2078 425 2115 voluntas,
450 2082 482 2109 et
494 2089 571 2119 erga
590 2079 775 2119 proximum
790 2080 925 2117 dilectio,
952 2090 1052 2120 quum
1068 2080 1147 2111 nihil

184 2120 320 2160 impedit
331 2121 501 2160 quominus
524 2122 584 2161 ipsi
598 2132 780 2159 noceamus,
805 2128 836 2153 ct
855 2123 989 2154 iniurias
1013 2123 1145 2155 ulcisca-

185 2168 267 2200 mur,
297 2168 330 2194 et
352 2169 462 2194 tamen
492 2164 578 2195 ultro
600 2165 718 2196 nostris
749 2165 917 2196 affectibus
940 2166 1147 2206 imperamus,

186 2209 218 2236 et
240 2205 278 2236 ab
302 2207 388 2237 omni
411 2206 531 2237 iniuria
559 2207 766 2239 abstinemus.
813 2208 906 2240 Licet
934 2209 1033 2249 igitur
1057 2208 1147 2240 Deus

186 2258 420 2288 nonnunquam
443 2249 554 2280 hostes
578 2256 704 2281 nostros
726 2250 773 2281 ita
790 2249 906 2287 deiicit,
932 2257 963 2282 et
986 2252 1017 2282 in
1032 2262 1146 2283 manus

185 2295 312 2321 nostras
323 2291 430 2330 tradit,
453 2299 489 2323 ut
502 2292 649 2324 videatur
662 2293 748 2334 ipsos
767 2293 900 2324 tollendi
913 2294 1020 2325 oblata
1031 2304 1145 2334 oppor—

185 2332 323 2364 tunitas:
359 2343 422 2364 non
451 2334 523 2366 ideo
553 2340 661 2366 tamen
693 2337 728 2367 fit
758 2341 898 2376 potestas
928 2336 962 2367 in
993 2338 1077 2377 ipsos
1105 2348 1146 2368 ex

187 2375 285 2407 animi
309 2376 409 2406 nostri
432 2376 564 2408 libidine
577 2378 755 2409 saeviendi:
781 2379 834 2410 sed
859 2380 965 2419 potius
978 2380 1024 2411 sic
1036 2380 1146 2420 explo-
1172 2399 1175 2416 =,

188 2428 299 2449 ramur
321 2428 339 2448 a
361 2417 431 2449 Deo
455 2430 495 2450 an
518 2421 556 2452 ab
579 2421 680 2461 ipsius
702 2422 872 2453 voluntate
892 2423 996 2462 potius
1015 2433 1111 2463 quam
1129 2433 1147 2453 a
1173 2451 1174 2463 ,

1173 2467 1174 2475 ¹
1199 2463 1374 2494 inimicum.
1400 2463 1486 2494 Hinc
1509 2463 1614 2502 itaque
1638 2462 1850 2493 necessariam
1874 2461 1966 2493 nobis
1989 2468 2019 2492 et
2042 2462 2155 2494 utilem

189 2460 308 2492 nostris
332 2460 497 2492 affectibus
527 2463 586 2494 toti
616 2464 821 2504 pendeamus,
854 2470 889 2495 ut
912 2475 929 2496 a
952 2465 1037 2496 malo
1061 2465 1146 2505 quod

188 2502 352 2543 prohibuit
375 2503 600 2537 abstineamus.
635 2507 686 2537 Ita
709 2506 788 2538 Saul
812 2507 843 2538 in
868 2518 984 2539 manus
1008 2507 1147 2539 Davidis

188 2545 327 2576 traditus
351 2550 407 2582 est,
432 2546 514 2585 quod
534 2557 573 2578 ex
596 2548 674 2588 ipsis
690 2556 861 2581 contextus
874 2550 981 2582 verbis
1005 2555 1145 2590 apparet,

831 194 878 226 IN
901 193 927 226 Ι.
954 195 1040 226 LBI.
1065 195 1263 228 SAMUEL.
1289 197 1384 230 CAP.
1409 199 1537 230 XXVI.

188 2588 304 2636 quibus
326 2587 442 2636 dicitur
465 2588 555 2637 Deus
579 2601 727 2622 somnum
751 2593 923 2624 immisisse
947 2594 980 2623 in
1005 2593 1145 2629 Saulem,

188 2635 220 2662 et
254 2641 285 2662 m
318 2641 506 2662 universum
542 2633 642 2672 ipsius
676 2635 860 2666 exercitum.

288 2681 398 2708 Calvini
412 2689 505 2715 opera.
543 2683 602 2710 Vol.
617 2683 712 2711 XXX.

906 2635 1029 2667 Idcirco
1059 2636 1146 2667 enim
1172 2656 1173 2663 η

2113 202 2177 233 610

1213 295 1344 321 vocatur
1367 301 1498 322 somnus
1523 293 1595 332 Dei,
1623 303 1688 323 non
1713 297 1841 324 tantum
1866 292 1936 324 ideo
1959 293 2043 333 quod
2064 294 2176 326 certis-

1213 332 1329 363 simum
1354 338 1400 365 est
1426 335 1564 374 quietem
1589 335 1676 365 illam
1699 345 1794 375 quam
1820 335 1909 367 Deus
1940 335 1994 366 dat
2020 335 2060 367 ad
2091 337 2176 368 vires

1213 376 1399 407 reficiendas
1423 383 1460 407 ut
1482 376 1597 408 diurno
1622 377 1724 408 labori
1748 377 1908 410 sufficiant
1933 378 2081 410 divinum
2106 389 2176 412 esse

1212 415 1349 448 donum:
1374 424 1406 449 et
1429 419 1592 459 singulare
1617 420 1768 452 bonitatis
1792 421 1892 460 ipsius
1915 431 1991 462 erga
2014 432 2073 453 nos
2085 422 2175 453 testi-

1213 460 1369 500 monium,
1400 471 1464 491 non
1496 462 1601 493 minus
1633 473 1728 502 quam
1760 462 1867 494 cibum
1899 468 1931 494 et
1960 468 2072 504 potum
2105 474 2175 496 esse

1213 511 1372 533 somnum.
1397 503 1461 534 Sed
1487 505 1536 535 hic
1560 505 1620 535 alia
1642 506 1679 535 fit
1699 506 1803 536 somni
1827 506 1958 545 mentio,
1982 517 2098 546 nempe
2122 517 2173 539 so-

1212 544 1298 583 poris
1321 545 1496 584 cuiusdam,
1527 558 1588 586 quo
1611 548 1700 578 Deus
1730 553 1793 579 tam
1821 547 1952 579 Saulem
1982 559 2077 588 quam
2102 550 2174 580 uni-

1213 596 1341 617 versum
1365 588 1465 628 ipsius
1489 590 1665 620 exercitum
1679 591 1846 630 oppressit,
1871 597 1902 621 et
1915 596 2071 631 tanquam
2093 592 2173 623 mal-

1212 628 1261 659 leo
1296 631 1468 669 percussit,
1502 638 1537 662 ut
1571 642 1700 671 prorsus
1734 633 1946 673 obstupuerit.
1992 633 2047 665 Sic
2084 635 2173 667 enim

1212 671 1292 702 solet
1316 672 1402 704 Deus
1429 673 1478 704 vel
1510 674 1700 705 liberaturus
1731 686 1787 706 nos
1812 686 1828 706 e
1852 675 2002 716 periculis
2036 677 2172 717 vigilan-

1212 718 1259 744 tes
1303 720 1333 745 et
1364 721 1500 747 attentos
1536 717 1684 747 reddere:
1723 718 1773 748 vel
1816 724 1929 749 contra
1960 728 2172 758 oppressurus

1211 756 1345 796 ignavos
1369 764 1401 788 et
1424 758 1569 798 stupidos
1595 760 1729 796 efficere,
1761 761 1924 791 oculorum
1957 761 2056 792 aciem
2081 762 2170 792 fran-

1209 809 1293 838 gere,
1318 800 1448 832 auribus
1468 806 1630 841 stuporem
1655 803 1781 840 inferre,
1807 803 1944 843 denique
1964 813 2077 835 sensus
2100 814 2167 835 om·

1209 852 1267 872 nes
1289 842 1418 874 inutiles
1441 844 1581 875 reddere.
1623 844 1815 885 Quanquam
1839 851 1967 885 praeter
1990 845 2078 878 hunc
2100 851 2168 878 stu-

1209 894 1318 923 porem
1343 886 1424 917 alius
1447 887 1542 917 etiam
1566 888 1685 918 accedit
1710 888 1822 927 dequo
1835 889 1995 928 scriptura
2015 888 2168 929 loquitur,

1208 936 1306 966 quum
1332 928 1461 959 divinae
1492 929 1571 969 legis
1604 931 1880 970 contemptoribus
1904 930 1993 961 Deus
2017 932 2166 971 spiritum

1207 971 1348 1009 stuporis
1372 971 1591 1002 immissurum
1616 973 1768 1013 minatur,
1799 977 1834 1003 ut
1857 973 2008 1004 ostendat
2031 984 2064 1004 se
2087 973 2168 1015 legis

1207 1022 1284 1042 suae
1307 1018 1542 1054 contemptores
1563 1015 1607 1045 sic
1630 1016 1829 1054 puniturum,
1854 1022 1891 1046 ut
1902 1026 2032 1046 sensum
2047 1016 2168 1048 adimat

1208 1059 1239 1084 et
1262 1055 1295 1085 in
1320 1055 1412 1086 bruta
1436 1057 1613 1088 animantia
1637 1058 1851 1089 transformet.
1884 1058 1948 1089 Sed
1974 1058 2025 1090 hic
2047 1058 2085 1090 de
2109 1069 2166 1090 na·

1206 1097 1304 1128 turali
1328 1109 1439 1129 somno
1463 1099 1499 1129 fit
1523 1100 1652 1138 mentio,
1680 1111 1740 1140 quo
1765 1100 1842 1131 Saul
1867 1110 1939 1131 cum
1964 1101 2031 1132 suis
2055 1101 2165 1132 militi-

1207 1139 1265 1170 bus
1288 1141 1333 1171 sic
1357 1152 1529 1181 oppressus
1553 1148 1609 1179 est,
1642 1148 1676 1173 ut
1700 1142 1781 1173 nihil
1804 1143 1949 1180 senserit,
1974 1154 2077 1183 neque
2096 1144 2165 1174 ani·

1206 1182 1424 1222 madverterit,
1448 1195 1545 1224 quum
1570 1185 1602 1215 in
1623 1186 1721 1225 ipsius
1745 1192 1847 1216 castra
1868 1185 1974 1216 David
1999 1186 2165 1226 ingressus

1207 1230 1264 1256 est.
1290 1226 1361 1257 Non
1387 1227 1480 1258 aliter
1495 1228 1597 1258 Deum
1623 1228 1768 1258 videmus
1791 1239 1831 1259 ex
1844 1228 1960 1259 Adami
1983 1228 2164 1260 sub÷tantia

1207 1268 1375 1300 mulierem
1406 1269 1620 1301 formaturam
1653 1281 1797 1310 soporem
1823 1271 1924 1301 altum
1945 1271 1977 1301 in
2000 1271 2163 1303 Adamum

1205 1310 1362 1349 iniecisse,
1387 1313 1440 1352 qni
1460 1313 1586 1352 quidem
1607 1323 1740 1344 somnus
1759 1313 1913 1344 naturalis
1938 1313 2012 1344 fuit:
2033 1314 2087 1344 sed
2101 1324 2162 1354 quo

1206 1357 1312 1384 tamen
1338 1355 1426 1386 Deus
1451 1355 1670 1386 insensibilem
1702 1355 1863 1386 hominem
1889 1355 2035 1393 reddidit,
2065 1361 2101 1387 ut
2123 1356 2163 1388 de

1205 1396 1273 1435 ipso
1296 1397 1399 1436 sopito
1422 1398 1564 1429 mulieris
1595 1408 1709 1438 corpus
1733 1398 1895 1429 educeret:
1927 1399 1972 1430 sic
2003 1399 2062 1430 hoc
2093 1399 2161 1430 loco

1206 1438 1323 1469 dicitur
1336 1439 1399 1470 Dei
1422 1451 1553 1471 somnus
1576 1441 1606 1471 in
1624 1440 1753 1472 Saulem
1777 1440 1934 1478 incidisse,
1959 1441 2042 1480 quod
2064 1441 2162 1473 vellet

1207 1481 1294 1513 Deus
1317 1482 1420 1522 ipsum
1443 1483 1474 1514 in
1490 1482 1597 1514 Saulis
1620 1494 1734 1514 manus
1759 1482 1893 1514 tradere.
1919 1483 2002 1514 Nam
2022 1484 2049 1514 si
2067 1488 2160 1515 natu<

1205 1524 1281 1554 ralis
1314 1525 1367 1555 ille
1400 1530 1433 1556 et
1465 1526 1646 1557 communis
1681 1536 1813 1557 somnus
1847 1526 1977 1564 fuisset,
2017 1526 2161 1566 profecto

1206 1565 1337 1598 Saulem
1362 1568 1461 1599 altum
1486 1579 1635 1599 somnum
1660 1568 1870 1599 dormientem
1883 1567 2012 1608 quidam
2036 1579 2075 1599 ex
2100 1569 2158 1600 tri·

1203 1609 1262 1640 bus
1286 1610 1452 1641 hominum
1477 1611 1616 1642 millibus
1636 1611 1851 1651 evigilassent,
1875 1620 1934 1641 nec
1950 1611 2081 1651 impune
2093 1611 2160 1642 Da-

1204 1652 1309 1683 videm
1334 1654 1426 1685 unico
1441 1653 1539 1684 milite
1552 1654 1738 1685 comitatum
1763 1654 1794 1684 in
1809 1657 1912 1684 castra
1936 1659 2158 1693 penetrantem

1204 1695 1408 1727 dimisissent.
1455 1695 1519 1728 Sed
1543 1707 1641 1736 quum
1666 1697 1767 1727 instar
1790 1701 1976 1727 truncorum
2000 1697 2158 1728 iacuerint

1202 1738 1267 1768 alto
1301 1749 1412 1769 somno
1446 1739 1561 1777 obruti,
1595 1749 1634 1770 ex
1667 1750 1702 1770 eo
1735 1744 1866 1779 apparet
1900 1738 2006 1769 Deum
2037 1739 2158 1771 Davidi

1201 1781 1401 1812 occasionem
1426 1782 1555 1821 quidem
1578 1782 1662 1812 hosti
1686 1780 1829 1819 nocendi,
1853 1780 1908 1812 sed
1933 1791 1995 1812 non
2019 1787 2159 1821 potesta-

1201 1829 1264 1854 tem
1290 1823 1423 1861 dedisse,
1451 1828 1482 1855 et
1505 1824 1693 1864 patientiam
1723 1825 1790 1855 eius
1813 1824 2007 1863 explorasse.
2053 1824 2159 1863 Quam

1200 1865 1239 1897 ob
1263 1877 1390 1898 causam
1422 1867 1516 1898 etiam
1542 1866 1649 1898 David
1673 1867 1724 1905 ait,
1755 1877 1788 1897 se
1818 1865 1961 1897 noluisse
1983 1866 2159 1898 immittere

1201 1919 1330 1940 manum
1356 1909 1386 1940 in
1411 1916 1543 1940 unctum
1568 1909 1709 1940 Domini.
1739 1908 1962 1949 Cognoscebat
1985 1910 2070 1940 enim
2093 1920 2158 1941 non

1200 1951 1297 1982 licere
1319 1952 1377 1983 sibi
1403 1953 1487 1992 regis
1506 1962 1674 1992 personam
1695 1952 1824 1988 violare,
1855 1961 2063 1991 quaecunque
2086 1959 2157 1983 tan-

1201 1994 1273 2025 dem
1297 2005 1365 2025 sese
1388 1995 1516 2025 offerret
1547 1995 1678 2030 occasio,
1709 1994 1790 2034 quod
1815 2004 1831 2024 a
1864 1994 2004 2024 Domino
2034 2005 2156 2026 sacram

1201 2037 1288 2067 illam
1310 2038 1493 2068 unctionem
1518 2037 1698 2077 accepisset.
1725 2038 1896 2067 Caeterum
1929 2037 1967 2067 de
1990 2037 2053 2067 ista
2077 2048 2156 2069 unc—

1201 2080 1285 2110 tione
1315 2081 1462 2120 superius
1493 2081 1627 2120 egimus,
1655 2085 1686 2110 et
1711 2080 1876 2110 docuimus
1907 2079 2034 2119 signum
2060 2080 2156 2112 fuisse

1173 2125 1174 2129 ’
1201 2123 1325 2153 visibile
1349 2123 1455 2163 regiae
1479 2123 1655 2163 dignitatis.
1679 2122 1760 2152 Nam
1785 2122 1843 2151 etsi
1868 2132 1931 2152 non
1955 2127 2024 2152 erat
2047 2122 2156 2154 Saulis

1200 2176 1336 2205 regnum
1360 2170 1561 2205 perpetuum,
1591 2166 1679 2196 Deus
1703 2170 1809 2195 tamen
1832 2164 1880 2194 illi
1903 2168 2026 2195 tantam
2050 2164 2154 2206 digni-

1200 2213 1297 2239 tatem
1322 2214 1353 2238 et
1376 2208 1579 2238 autoritatem
1604 2208 1642 2237 ad
1663 2212 1790 2247 tempus
1809 2212 2017 2245 concesserat,
2041 2213 2075 2238 ut
2098 2218 2153 2247 po-

1199 2251 1294 2290 pulus
1317 2250 1422 2290 ipsum
1437 2255 1638 2281 revereretur
1658 2250 1814 2289 tantisper
1827 2249 1903 2280 dum
1926 2249 1954 2280 is
1970 2250 2154 2281 mitteretur

1199 2294 1253 2333 qui
1277 2298 1347 2323 erat
1370 2292 1502 2323 Domini
1526 2293 1627 2323 nostri
1652 2292 1723 2323 Iesu
1743 2292 1866 2322 Christi
1888 2292 1990 2332 figura
2013 2291 2152 2324 futurus.

1198 2336 1268 2366 Hoc
1291 2335 1390 2376 igitur
1412 2335 1518 2366 David
1542 2336 1639 2375 probe
1662 2345 1805 2374 noscens,
1836 2334 1975 2365 abstinet
2003 2335 2041 2365 ab
2065 2336 2152 2367 omni

1198 2378 1314 2409 iniuria
1345 2378 1378 2408 in
1410 2379 1471 2409 Dei
1503 2378 1699 2408 voluntatem
1730 2378 1883 2414 intentus,
1915 2387 2010 2416 quam
2034 2378 2156 2410 violare

1199 2423 1287 2451 nefas
1311 2420 1455 2459 ducebat,
1480 2420 1578 2451 donec
1601 2421 1668 2460 ipse
1681 2420 1770 2450 Deus
1793 2430 1891 2450 manu
1916 2430 1972 2450 sua
1995 2425 2157 2452 coerceret

1200 2506 1377 2536 doctrinam
1402 2506 1432 2536 in
1453 2516 1570 2546 genere
1589 2505 1728 2545 primum
1749 2504 1948 2545 colligamus,
1973 2515 2089 2545 nempe
2101 2515 2154 2538 eos

1199 2559 1308 2579 omnes
1338 2548 1392 2587 qui
1422 2548 1459 2578 de
1484 2547 1606 2579 Christi
1634 2548 1764 2578 nomine
1793 2546 1945 2578 dicuntur
1968 2547 2154 2588 Christiani,

1172 2597 1173 2614 ³
1199 2591 1260 2621 Dei
1285 2597 1397 2622 unctos
1422 2601 1498 2628 esse,
1522 2597 1552 2621 et
1577 2589 1804 2621 abstinendum
1827 2600 1896 2621 esse
1920 2590 1958 2620 ab
1972 2590 2061 2620 omni
2084 2601 2154 2621 mo·-

1200 2634 1291 2665 lestia
1304 2638 1335 2664 et
1354 2633 1481 2671 iniuria,
1506 2643 1545 2663 ne
1558 2633 1618 2664 Dei
1642 2633 1744 2672 ipsius
1767 2633 1969 2663 maiestatem
1982 2641 2012 2663 et
2026 2633 2153 2674 asylum

1916 2682 1949 2708 39
