2551 3044
389 224 449 255 3057
1198 218 1396 251 HOMILIA
1421 218 1561 251 LXXV.
2301 221 2361 252 368

393 327 460 349 cum
479 319 568 355 putre
592 324 664 344 meo.
710 312 834 352 Quibus
859 313 997 352 primuni
1023 311 1118 343 Pacis
1141 312 1255 350 verbis,
1287 313 1352 344 Da·

394 359 461 389 vidi
485 360 587 388 fausta
611 356 718 386 omnia
742 363 899 395 precatur,
925 356 998 385 licet
1020 355 1080 386 sibi
1096 355 1155 394 ipsi
1179 354 1352 387 detrimen·

393 410 462 432 tosa
487 401 657 431 videantur
688 398 854 428 hominum
877 398 1036 437 opinione.
1080 397 1124 428 Et
1152 397 1279 438 quidem
1303 408 1351 429 se-

393 443 523 484 quentia
548 441 659 473 verba:
683 440 724 471 Et
747 441 787 471 si!
802 439 955 471 Dominus
978 443 1082 480 tecum,
1105 441 1185 472 sicut
1205 441 1268 480 fuit
1285 452 1351 472 cum
1376 472 1378 477 ,

387 490 478 526 putre
501 494 575 522 meo,
599 484 702 524 magis
726 482 830 513 adhuc
852 481 931 513 illud
955 483 1150 523 exprimunt.
1184 483 1268 515 Nam
1289 484 1352 515 illis
1376 507 1377 515 ,

394 529 519 560 videtur
547 527 677 558 omniuo
708 525 826 556 Davidi
857 524 970 556 cedere
1000 524 1188 566 dignitatem
1219 527 1350 566 regiam,

393 583 456 602 non
481 576 623 602 coaetus:
656 568 710 599 sed
733 568 826 604 ultro,
857 568 1009 607 quoniam
1032 578 1102 600 eam
1126 579 1194 600 esse
1219 568 1350 599 Domini
1376 595 1377 602 ,

981 610 1097 642 Davidi
1129 611 1211 642 cedit
1245 612 1350 651 regiae
1376 623 1377 649 j

394 618 592 644 Voluntatem
617 621 804 651 persuasum
830 610 934 641 habet.

394 656 560 698 dignitatis
591 663 687 685 omne
716 653 776 689 ius,
811 652 894 693 quod
919 652 1026 684 Saulis
1055 654 1175 685 familia
1207 663 1350 694 repetere

393 709 486 741 posse
505 697 689 729 videbatur:
714 696 803 736 quasi
823 695 957 727 diceret:
984 696 1070 728 Deus
1089 706 1146 736 per
1165 696 1349 728 Samuelem

393 741 542 783 patefecit
575 751 608 771 se
641 740 723 779 patri
759 748 829 769 meo
864 748 1000 778 reguum
1033 739 1275 779 abrogaturum,
1310 750 1348 768 en

393 796 453 825 ego
482 783 593 814 volens
625 781 753 813 Domini
788 781 950 813 decretum
985 781 1127 816 admitto,
1164 783 1244 822 putri
1280 792 1349 812 meo

393 829 563 867 abrogetur
596 825 778 864 imperium,
820 823 900 854 mihi
934 824 1034 864 ipsius
1065 824 1250 862 successori,
1291 825 1347 854 toti

393 870 531 909 denique
565 867 721 899 familiae:
756 873 791 898 tu
825 865 932 898 David
967 874 1109 907 regnato,
1145 875 1178 897 tu
1212 867 1348 907 gratiam

394 912 525 943 Domini
558 912 588 942 in
613 910 767 941 familiam
799 914 942 940 nostram
966 915 1061 940 antea
1083 909 1230 940 collatam
1263 909 1349 940 solus

394 955 546 987 obtineto.

396 1171 464 1201 rius
486 1166 677 1208 ingreditur,
699 1175 798 1205 quum
817 1165 871 1202 ait,
894 1165 958 1196 sive
979 1175 1029 1205 eqo
1048 1166 1160 1203 vixero,
1184 1165 1247 1196 sive
1269 1174 1348 1194 mor-

394 1215 467 1244 tuus
486 1211 584 1250 fuero,
614 1208 826 1239 misericordia
856 1210 938 1238 utere
966 1217 1038 1247 erya
1063 1218 1160 1251 arwam
1181 1207 1347 1246 s'mniliam.

395 1253 521 1294 Quibus
541 1251 646 1283 verbis
669 1250 867 1281 Ionathanus
891 1251 1029 1290 primum
1055 1249 1214 1280 Davidem
1237 1259 1347 1289 preca·
1374 1274 1376 1285 ,

395 1303 456 1333 tur,
480 1302 515 1328 ut
537 1296 565 1326 si
588 1299 748 1334 superstes
773 1293 868 1324 fuerit
891 1293 967 1332 ipse,
1000 1292 1105 1323 David
1135 1293 1234 1332 ipsius
1258 1292 1350 1322 mise·
1374 1290 1376 1316 ἒ

396 1346 518 1372 reatur:
550 1338 600 1368 sin
624 1346 700 1367 vero
726 1334 814 1367 Deus
838 1335 940 1375 ipsum
971 1345 988 1366 e
1011 1335 1094 1366 vivis
1117 1334 1270 1366 excedere
1294 1344 1348 1365 vo-

395 1382 502 1418 luerit,
532 1379 627 1411 fidem
658 1384 767 1409 tamen
800 1388 877 1418 erga
907 1383 1004 1408 totam
1038 1388 1128 1408 snam
1159 1377 1288 1407 domum
1318 1381 1350 1407 et

395 1425 549 1457 familiam
572 1422 716 1454 retineat.
762 1421 868 1461 Atque
899 1420 968 1451 istis
997 1419 1232 1451 conditionibus
1254 1419 1349 1450 Iona-

395 1468 514 1498 thanus
546 1471 578 1497 et
601 1462 708 1496 David
737 1463 910 1495 amicitiam
938 1463 1022 1494 inter
1052 1474 1085 1493 se
1108 1463 1263 1494 iurarunt.
1309 1461 1347 1492 In

395 1509 513 1550 quibus
542 1507 643 1548 ipsius
674 1505 746 1537 fidei
776 1506 984 1537 manifestum
1009 1506 1227 1536 testimonium
1251 1514 1347 1544 appa-

396 1559 453 1588 ret,
484 1561 583 1591 quum
607 1547 766 1580 Davidem
798 1554 889 1589 rogat
917 1554 952 1579 ut
975 1548 1025 1579 sui
1048 1554 1079 1579 et
1101 1558 1232 1580 suorum
1258 1548 1348 1578 mise-

396 1600 519 1626 reatur:
550 1590 808 1633 quandoquidem
839 1596 915 1622 tunc
946 1590 1070 1621 nullum
1101 1597 1169 1622 erat
1192 1600 1349 1630 apparens

396 1637 550 1668 indicium
575 1634 732 1666 Davidem
757 1638 976 1674 regnaturum.
1021 1632 1251 1664 Verumtamen
1277 1633 1350 1663 licet

395 1679 597 1711 Ionathanus
638 1676 746 1707 omnia
782 1675 891 1707 videat
923 1676 1098 1713 contraria,
1140 1675 1349 1706 nihilominus

395 1731 583 1763 persuasum
613 1719 709 1750 habet
736 1719 804 1749 fore
834 1724 869 1749 ut
897 1719 985 1749 Deus
1018 1725 1080 1750 stet
1110 1718 1283 1758 promissis,
1318 1724 1350 1748 et

395 1768 523 1804 praeter
556 1762 699 1794 omnium
733 1761 1006 1801 exspectationem
1048 1762 1187 1802 impleat.
1244 1761 1349 1800 Atque

395 1807 473 1838 haec
503 1807 536 1837 in
567 1805 682 1836 animis
710 1804 828 1835 nostris
858 1803 971 1844 regula
993 1804 1154 1844 generalis
1184 1803 1277 1834 debet
1299 1804 1348 1833 in—

396 1850 538 1886 haerere,
564 1857 622 1878 nos
645 1851 801 1886 oportere,
825 1851 861 1877 ut
884 1846 982 1877 verbo
1007 1847 1066 1877 Dei
1090 1846 1234 1881 fidamus,
1259 1851 1291 1876 et
1314 1846 1347 1876 in

396 1902 432 1923 eo
463 1890 734 1931 conquiescamus,
769 1888 876 1920 oculos
901 1889 940 1920 ab
970 1889 1008 1920 iis
1031 1889 1182 1920 omnibus
1204 1895 1349 1919 avertere

395 1945 476 1975 quae
509 1933 711 1965 extrinsecus
744 1937 907 1971 apparent.
953 1931 1036 1962 Nam
1071 1933 1095 1962 si
1128 1931 1188 1962 Dei
1219 1931 1348 1970 promis-

396 1978 501 2008 siones
524 1986 563 2007 ex
587 1975 627 2007 iis
648 1973 756 2006 metiri
778 1974 933 2005 vellemus
955 1985 1036 2014 quae
1059 1975 1092 2004 in
1115 1973 1221 2005 oculos
1244 1974 1349 2004 incur-

396 2025 487 2051 runt:
518 2022 643 2050 certum
672 2022 720 2048 est
750 2026 813 2047 non
844 2016 938 2047 modo
968 2027 1031 2047 non
1062 2017 1287 2048 confirmatum
1311 2016 1348 2046 iri

395 2061 491 2093 fidem
519 2064 671 2097 nostram,
701 2059 756 2090 sed
787 2059 892 2099 potius
922 2058 1175 2091 labefactandam
1204 2064 1235 2089 et
1259 2067 1348 2089 aver·

395 2104 527 2136 tendam
560 2113 580 2134 a
613 2102 732 2134 divinis
760 2101 933 2142 promissis.
989 2100 1206 2140 Quamobrem
1235 2101 1350 2131 animis

396 2145 560 2187 infigenda
583 2145 661 2176 haec
684 2144 829 2176 doctrina
852 2149 908 2182 est,
941 2154 1055 2184 nempe
1078 2154 1279 2183 summopere
1303 2153 1350 2173 ca-

397 2189 538 2221 vendum
569 2199 609 2219 ne
639 2187 718 2219 fides
741 2193 849 2218 nostra
878 2186 1016 2224 vacillet,
1046 2197 1143 2226 quum
1176 2186 1353 2217 videbimur

398 2241 527 2272 operam
558 2231 671 2262 lusisse
702 2230 734 2261 in
760 2229 829 2260 Deo
852 2234 1025 2269 sperantes,
1056 2228 1140 2269 quod
1164 2239 1197 2259 re
1221 2229 1288 2268 ipsa
1311 2229 1352 2258 sit

396 2275 614 2315 patefacturus
649 2283 702 2304 eos
737 2272 789 2313 qui
823 2272 928 2312 ipsum
963 2273 996 2303 in
1031 2272 1166 2302 veritate
1199 2271 1353 2301 invocant

397 2326 562 2356 nunquam
603 2326 660 2346 sua
694 2325 749 2355 spe
790 2314 948 2346 frustrari.
1004 2314 1148 2346 Maxime
1182 2324 1257 2344 vero
1291 2313 1353 2343 ista

398 2360 560 2401 pertinent
595 2358 632 2389 ad
666 2357 794 2389 Domini
827 2358 925 2388 nostri
957 2357 1029 2388 Iesu
1061 2356 1183 2388 Christi
1217 2366 1351 2396 regnum

398 2403 488 2433 cuius
507 2401 613 2431 David
639 2401 697 2431 fuit
721 2401 832 2441 figura.
876 2399 1154 2439 Quemadmodum
1178 2398 1263 2429 enim
1288 2399 1351 2428 Da—

399 2445 451 2475 vid
487 2443 559 2474 licet
595 2444 715 2483 regiam
758 2443 948 2483 dignitatern
989 2442 1132 2481 adeptus,
1175 2440 1287 2471 multis
1321 2447 1353 2470 et

400 2487 498 2517 variis
521 2485 756 2517 calamitatibus
779 2485 840 2516 fuit
863 2485 1007 2522 afflictus,
1036 2490 1068 2515 et
1092 2484 1200 2515 multis
1222 2493 1351 2523 oppres·
1378 2484 1379 2487 ’

399 2529 541 2561 sionibus
565 2534 597 2559 et
620 2528 815 2569 ignominiae
838 2528 1012 2567 expositus,
1043 2533 1077 2558 ut
1100 2526 1245 2566 pluribus
1267 2525 1353 2556 dein-

400 2582 473 2611 ceps
504 2570 697 2602 videbimus:
730 2571 773 2601 ita
805 2570 936 2601 Domini
967 2569 1042 2601 Iesu
1064 2569 1184 2601 Christi
1219 2578 1353 2609 regnum

401 2623 493 2654 ¹saepe
516 2612 662 2644 videmus
684 2613 849 2644 hominum
873 2612 1006 2652 pedibus
1037 2612 1136 2644 veluti
1166 2610 1354 2650 conculcari,

400 2662 429 2687 et
453 2657 485 2687 in
509 2666 581 2686 eum
606 2655 716 2687 venire
745 2660 975 2695 contemptum,
1007 2660 1041 2686 ut
1063 2664 1193 2695 prorsus
1224 2653 1351 2685 abolen-

592 953 643 984 Ex
667 952 781 993 quibus
803 951 882 983 satis
905 958 1037 992 apparet
1066 952 1233 983 manifeste
1263 951 1347 991 quod
1374 967 1375 978 η

394 998 490 1039 paulo
512 1002 586 1027 ante
609 995 710 1036 attigi,
734 1004 849 1035 nempe
872 994 1088 1025 Ionathanum
1108 1005 1141 1025 se
1161 995 1263 1034 ipsum
1285 1003 1348 1023 non
1374 994 1375 1025 i

395 1040 589 1081 respexisse:
623 1038 678 1070 sed
708 1048 726 1068 a
750 1036 810 1068 Dei
840 1037 1006 1068 voluntate
1037 1044 1138 1067 totum
1163 1036 1349 1076 dependisse
1374 1059 1375 1079 ζ

394 1083 561 1123 eidemque
583 1081 766 1122 permisisse
790 1090 832 1117 se,
864 1085 899 1110 ut
930 1079 968 1110 de
991 1081 1059 1119 ipso
1085 1080 1170 1110 Deus
1193 1085 1348 1110 statueret
1374 1106 1375 1123 ,

394 1125 476 1167 quod
500 1134 637 1165 aequum
671 1129 703 1154 et
730 1123 852 1154 iustum
880 1121 1046 1154 iudicaret.
1092 1122 1179 1161 Quin
1212 1128 1242 1152 et
1266 1121 1347 1151 ulte·
1374 1135 1375 1154 ;

1374 1166 1375 1172 ’
1403 1163 1489 1204 ligno
1518 1163 1663 1203 pendens
1694 1162 1764 1203 lege
1786 1161 1849 1194 Dei
1872 1162 2103 1200 declarabatur,
2135 1169 2167 1194 et
2190 1170 2296 1196 tamen
2320 1165 2360 1196 ad

1378 313 1480 343 idum
1518 312 1674 347 videatur,
1709 317 1739 341 et
1775 315 1929 349 perpetua
1962 310 2122 342 oblivione
2153 312 2363 344 obruendum.

1378 370 1379 383 l
1406 355 1493 387 Sane
1524 354 1673 386 Christus
1707 354 1774 392 ipse
1807 353 1840 383 in
1875 362 2013 392 persona
2046 363 2103 384 sua
2137 365 2200 386 non
2233 357 2363 395 patitur,

1378 399 1379 404 ’
1404 396 1668 438 quemadmodum
1700 405 1797 434 quum
1828 395 1861 426 in
1885 395 1979 426 terris
2002 404 2200 428 versaretur:
2232 407 2363 430 verum—

1405 448 1510 471 tamen
1540 439 1614 470 lieet
1643 438 1675 468 in
1700 437 1761 468 Dei
1792 437 1893 477 patris
1922 437 2057 478 gloriam
2087 446 2225 476 evectuS,
2261 447 2293 471 et
2328 442 2362 472 in

1404 490 1551 513 aeternas
1574 480 1665 512 sedes
1688 486 1834 520 receptus
1857 480 1908 516 sit,
1940 491 2074 521 regnum
2098 482 2199 521 ipsius
2222 482 2306 522 quod
2329 484 2361 515 in

1404 525 1453 556 his
1476 525 1570 556 terris
1594 523 1715 563 colligit
1739 528 1803 553 tam
1826 522 1930 554 debile
1952 529 1985 554 et
2004 529 2068 554 tam
2087 523 2253 556 infirmum
2274 526 2362 557 vide-

1404 575 1466 605 tur,
1489 574 1521 598 ut
1538 567 1593 597 vix
1618 565 1709 596 nobis
1732 565 1874 605 polliceri
1897 565 2073 597 audeamus
2096 572 2182 598 certo
2204 568 2305 608 ipsius
2328 569 2361 600 in

1403 611 1533 641 incertis
1564 608 1658 639 rebus
1682 608 1852 639 auxilium:
1886 608 1948 639 nisi
1977 609 2011 639 in
2036 608 2097 640 Dei
2127 611 2359 650 promissiones

1404 652 1621 692 respiciamus,
1652 657 1682 682 et
1712 650 1806 682 fidem
1828 657 1968 682 nostram
2000 652 2031 682 iu
2056 652 2133 692 ipsis
2156 663 2360 693 reponamus.

1404 695 1472 726 Hoc
1507 694 1534 725 si
1569 693 1684 724 animis
1717 693 1835 725 nostris
1868 692 1965 725 altius
1998 694 2160 731 insederit,
2204 696 2361 728 latronem

1403 738 1491 768 illum
1516 746 1706 768 conversum
1730 736 1938 774 imitabimur,
1968 736 2021 776 qui
2053 742 2117 768 tam
2148 738 2359 770 excellentem

1402 779 1633 811 confessionem
1657 778 1766 815 edidit,
1796 784 1832 809 ut
1854 779 2030 810 multorum
2054 785 2233 820 martyrum
2264 781 2359 813 fidem

1403 823 1495 863 longe
1525 827 1660 861 superet.
1713 821 1824 862 Neque
1853 831 1931 852 vero
1961 821 2082 862 pudere
2111 833 2168 853 nos
2199 822 2293 855 debet
2314 824 2361 855 la·

1403 865 1484 896 troni
1515 864 1560 894 illi
1592 863 1733 904 adiungi,
1765 864 1819 904 qui
1850 875 1916 894 non
1946 864 2040 895 modo
2064 864 2198 896 Petrum
2229 872 2261 896 et
2284 866 2357 898 reli-

1375 912 1376 916 ’
1402 918 1480 948 quos
1503 906 1672 946 apostolos,
1702 905 1758 938 sed
1787 916 1899 938 omnes
1921 911 2086 938 creaturas
2108 909 2281 948 superavit.
2327 909 2360 941 Is

1402 951 1486 981 enim
1512 949 1690 980 Dominum
1721 953 1866 980 nostrum
1890 949 1996 980 Iesum
2021 949 2188 982 Christum
2211 951 2243 982 in
2266 961 2362 984 cruce

1402 992 1594 1033 pendentem
1635 992 1830 1029 intuebatur,
1871 992 1923 1023 cui
1964 998 2092 1023 tantum
2124 1000 2293 1033 supererat
2326 1001 2361 1025 ut

1402 1036 1552 1066 ultimum
1575 1034 1721 1074 spiritum
1742 1034 1882 1071 duceret,
1907 1041 1939 1066 et
1957 1045 2116 1066 summam
2137 1035 2264 1067 videbat
2284 1047 2362 1068 non-

1403 1078 1495 1108 modo
1534 1077 1746 1117 ignominiam
1788 1077 1888 1117 ipsius
1922 1087 2028 1109 coram
2070 1077 2268 1116 hominibus,
2308 1079 2364 1111 sed

1402 1122 1497 1151 otiam
1521 1119 1777 1151 maledictionem
1809 1130 1916 1151 coram
1947 1119 2027 1159 Deo,
2058 1121 2108 1152 cui
2139 1121 2299 1153 obnoxius
2329 1123 2362 1153 in

1401 1207 1506 1246 ipsum
1529 1215 1705 1237 conversus
1727 1205 1788 1236 ait:
1822 1204 1950 1237 Obsecro
1971 1215 2085 1237 memor
2104 1209 2165 1238 esto
2186 1207 2245 1238 mei
2264 1217 2359 1247 quum

1403 1249 1434 1279 in
1455 1258 1580 1289 reynum
1601 1250 1687 1279 tuum
1709 1248 1836 1279 veneris.
1880 1248 1943 1280 Ubi
1974 1258 2050 1279 vero
2073 1248 2195 1280 Christi
2224 1260 2360 1291 regnum

1402 1292 1585 1331 investigat,
1608 1291 1699 1321 cuius
1722 1290 1850 1321 nullum
1872 1297 1940 1322 erat
1962 1290 2141 1323 indicium?
2176 1291 2245 1323 Nae
2267 1293 2295 1324 si
2319 1303 2360 1324 ex

1402 1344 1459 1365 suo
1483 1344 1578 1365 sensu
1609 1332 1689 1364 illud
1712 1333 1922 1372 aestimasset,
1952 1334 2026 1365 licet
2055 1334 2087 1365 iu
2111 1334 2181 1375 ipsa
2204 1334 2267 1366 Dei
2288 1335 2360 1376 lege

1402 1382 1501 1407 totam
1535 1381 1671 1407 aetatem
1705 1376 1972 1416 consumpsisset,
2005 1386 2068 1407 non
2103 1377 2259 1417 potuisset
2292 1382 2358 1409 tam

1401 1419 1571 1451 excellenti
1595 1418 1657 1450 fide
1680 1418 1857 1449 Dominum
1881 1420 2032 1459 profiteri.
2071 1419 2116 1450 At
2134 1420 2285 1452 miseram
2304 1420 2360 1452 ille

1402 1463 1502 1493 vitam
1525 1467 1643 1502 egerat,
1675 1466 1706 1492 et
1734 1462 1837 1492 instar
1858 1461 1936 1492 ferri
1959 1467 2125 1503 grassatus
2148 1462 2260 1501 fuerat,
2291 1473 2358 1495 mo-

1402 1510 1508 1535 mento
1542 1514 1619 1535 vero
1651 1504 1825 1535 Dominum
1867 1510 2014 1536 nostrum
2047 1504 2156 1536 Iesum
2190 1504 2359 1538 Christum

1400 1547 1544 1588 agnoscit
1574 1557 1683 1587 regem
1713 1553 1745 1577 et
1775 1554 1981 1584 servatorem,
2015 1549 2107 1587 quasi
2136 1547 2242 1579 coelos
2271 1548 2359 1589 ipsos

1401 1594 1598 1629 penetrasset
1631 1590 1762 1630 eiusque
1795 1590 2021 1629 perfectionem
2056 1590 2087 1621 in
2117 1590 2157 1621 iis
2187 1589 2360 1628 didicisset,

1400 1633 1474 1664 licet
1496 1643 1569 1664 eum
1592 1642 1609 1663 e
1631 1632 1720 1673 ligno
1739 1632 1941 1672 pendentem,
1966 1637 1997 1664 et
2019 1632 2178 1664 infelicem
2199 1643 2236 1666 ac
2259 1633 2359 1665 male-

1401 1675 1533 1707 dictioni
1555 1675 1730 1706 obnoxium
1753 1675 1914 1715 corporeis
1938 1675 2038 1707 oculis
2061 1676 2251 1708 intueretur.
2291 1676 2359 1708 Nos

1400 1719 1507 1758 itaque
1530 1718 1787 1750 conformitatem
1811 1723 1844 1748 et
1866 1717 2111 1749 similitudinem
2129 1718 2224 1750 istam
2247 1718 2359 1751 sedulo

1400 1762 1583 1792 intueamur
1606 1766 1638 1791 et
1659 1760 1852 1791 meditemur
1874 1761 1965 1801 regni
1995 1760 2144 1800 davidici,
2173 1766 2205 1792 et
2227 1761 2360 1793 Domini

1401 1804 1501 1835 nostri
1526 1803 1599 1834 Iesu
1622 1802 1755 1840 Christi,
1787 1803 1818 1833 in
1849 1813 1912 1843 quo
1942 1808 1990 1834 est
2013 1804 2191 1844 figurarum
2214 1804 2360 1836 omnium

1401 1846 1546 1886 impletio
1578 1851 1610 1877 et
1631 1845 1914 1885 complementum.
1958 1846 2007 1878 Ac
2036 1847 2062 1877 si
2086 1845 2287 1878 Ionathanus
2313 1847 2359 1878 af-

1401 1889 1485 1919 flicto
1509 1896 1539 1919 et
1562 1889 1677 1920 iacenti
1700 1887 1818 1919 Davidi
1842 1888 1976 1928 supplex
2007 1890 2108 1921 factus
2131 1895 2187 1927 est,
2217 1890 2359 1930 rogavit-

1401 1942 1462 1971 que
1486 1936 1521 1962 ut
1539 1930 1789 1962 misericordiam
1810 1936 1974 1962 exerceret
1992 1941 2070 1972 erga
2087 1942 2121 1963 se
2143 1936 2176 1962 et
2194 1931 2359 1970 familiam,

1401 1984 1500 2013 quum
1534 1975 1567 2004 in
1602 1974 1724 2014 regiam
1758 1972 1950 2013 dignitatem
1985 1975 2133 2012 venisset,
2167 1985 2226 2006 nos
2259 1975 2358 2006 confi-

1375 2033 1376 2038 =
1402 2017 1514 2047 denter
1537 2016 1576 2047 ad
1599 2016 1767 2048 Christum
1792 2016 1852 2047 Dei
1883 2016 1986 2047 filium
2009 2017 2181 2048 Dominum
2213 2021 2359 2049 nostrum

1403 2060 1435 2089 in
1459 2059 1595 2100 gloriam
1626 2069 1718 2090 suam
1750 2065 1911 2099 receptum
1943 2058 2139 2097 accedamus,
2165 2064 2198 2090 et
2226 2060 2259 2090 in
2289 2060 2358 2100 ipso

1403 2101 1551 2133 fiduciam
1575 2112 1700 2132 omnem
1725 2107 1866 2132 nostram
1886 2101 2086 2139 collocemus,
2110 2101 2242 2133 minime
2264 2101 2359 2133 dubi-

1404 2150 1508 2175 tantes
1531 2145 1606 2184 quin
1631 2155 1688 2175 nos
1710 2144 1743 2174 in
1767 2154 1857 2174 suam
1882 2144 2015 2175 tutelam
2046 2150 2078 2175 et
2103 2144 2285 2176 clientelam
2310 2155 2358 2176 re-

1403 2192 1521 2226 ceptos,
1552 2187 1620 2227 ipse
1642 2187 1694 2227 qui
1721 2192 1864 2217 nostram
1887 2186 2023 2217 salutem
2048 2187 2189 2227 perfecit,
2220 2187 2358 2228 benigne

1405 2230 1560 2269 respiciat,
1586 2229 1750 2269 nostrique
1774 2229 1974 2267 misereatur,
2005 2229 2031 2259 si
2055 2230 2087 2260 in
2111 2230 2180 2270 ipso
2202 2229 2358 2270 gaudjum

1404 2283 1496 2302 omne
1525 2281 1668 2303 nostrum
1699 2271 1973 2303 collocaverimus:
2008 2277 2039 2302 et
2068 2272 2101 2303 in
2132 2282 2225 2304 suum
2247 2271 2360 2305 foedus

1405 2320 1546 2354 receptos
1570 2320 1705 2352 tueatur,
1735 2320 1766 2344 et
1796 2314 1829 2344 in
1852 2313 1951 2345 finem
1975 2324 2076 2354 usque
2099 2314 2161 2346 Dei
2183 2315 2286 2356 patris
2308 2314 2359 2346 sui

1405 2368 1478 2396 erga
1504 2368 1559 2387 nos
1583 2356 1820 2388 misericordias
1843 2357 2017 2388 continuet.

1490 2400 1532 2429 Et.
1544 2400 1582 2430 de
1595 2399 1768 2430 Ionathani
1779 2398 2002 2438 deprecatione
2014 2399 2178 2437 hactenus,
2191 2400 2223 2431 in
2235 2410 2299 2440 qua
2313 2405 2357 2431 ta-

1406 2451 1476 2471 men
1491 2441 1594 2473 adhuc
1606 2441 1807 2473 observanda
1821 2451 1883 2472 vox
1896 2441 1966 2473 illa:
1987 2441 2207 2474 Misericordia
2218 2442 2358 2481 Domini,

1404 2484 1494 2514 cuius
1515 2484 1565 2516 hic
1583 2495 1695 2516 seusus
1715 2495 1784 2515 esse
1803 2490 1915 2524 potest,
1936 2485 2025 2524 quasi
2041 2484 2236 2516 Ionathanus
2252 2485 2358 2516 Deum

1406 2533 1598 2565 precaretur,
1630 2532 1663 2558 ut
1693 2527 1866 2558 bonitatem
1897 2537 1986 2558 suam
2015 2537 2091 2567 erga
2119 2537 2152 2558 se
2179 2533 2358 2559 exerceret:

1405 2568 1459 2599 sod
1495 2569 1578 2599 illam
1615 2574 1756 2610 praestat
1789 2569 1828 2600 ad
1863 2569 2083 2600 iusiurandum
2107 2569 2235 2610 referre,
2269 2570 2359 2611 quasi

1408 2610 1562 2641 Davidem
1587 2612 1772 2648 obtestetur,
1796 2616 1828 2643 et
1850 2611 1890 2643 ad
1909 2611 2156 2643 misericordiam
2178 2612 2284 2644 flectat
2302 2623 2359 2653 per

1379 2667 1381 2677 ·
1406 2653 1620 2685 iuramentum
1641 2655 1701 2685 Dei
1721 2654 1850 2686 nomine
1868 2660 2074 2694 conceptum:
2093 2660 2129 2686 ut
2144 2660 2255 2695 pergat
2266 2655 2358 2686 illum

2475 2391 2499 2496 »κῶζ’

2474 2692 2482 2711 “·
2471 2569 2498 2680 *τι
2471 2499 2498 2559 ι*-
