2551 3044
415 213 478 244 439
1221 211 1421 243 HOMILIA
1447 212 1611 244 LXXXI.
2343 209 2406 241 440

416 307 622 347 spoliaretur,
652 306 790 337 multum
821 313 927 336 autem
961 307 1114 346 temporis
1145 306 1314 337 effluxerat
1344 305 1384 336 ab

415 349 471 380 illa
496 348 723 388 praedictione,
745 354 781 379 ut
805 359 888 379 vana
913 349 1010 379 fuisse
1033 349 1217 380 videretur:
1241 349 1295 380 sed
1316 356 1385 379 tan-

416 391 487 422 dem
516 391 657 421 ostendit
682 402 715 421 re
737 392 805 430 ipsa
829 401 862 421 sc
887 391 1013 422 decreto
1044 402 1102 422 suo
1127 392 1221 423 finem
1250 392 1384 428 adferre,

416 441 446 464 et
471 444 636 473 nunquam
662 444 763 464 vanas
792 440 847 464 aut
871 434 979 465 irritas
1008 444 1078 465 esse
1108 444 1182 465 suas
1211 435 1385 465 commina-

417 476 530 507 tiones.
576 476 695 515 Quare,
726 486 824 516 quum
853 476 940 507 Deus
965 476 1085 517 aliquid
1109 477 1301 517 promiserit.
1329 488 1384 517 pa-

418 520 535 549 tienter
559 518 780 558 impletionem
806 527 1045 559 exspectemus:
1070 529 1173 559 neque
1193 519 1271 551 adeo
1294 520 1383 550 stulti

415 567 446 592 et
460 568 604 592 amentes
616 561 717 592 simus
735 568 772 592 ut
792 562 850 601 ipsi
865 568 993 602 tempus
1014 562 1062 592 vel
1084 562 1195 593 horam
1208 564 1384 603 praefigere

416 604 572 635 velimus:
603 604 657 634 scd
681 603 744 635 fide
772 605 805 635 in
830 604 891 635 Dei
916 605 1137 644 promissionis
1166 606 1322 643 nitamur,
1353 611 1384 636 et

416 647 603 687 patientiam
636 652 778 677 nostram
818 647 980 687 explorari
1012 648 1166 686 sciamus,
1204 654 1237 679 ut
1275 655 1382 679 monet

417 690 514 721 ctiam
539 689 713 729 apostolus.
760 690 801 720 Et
826 690 966 721 vicissim
991 689 1062 720 Deo
1087 701 1143 721 nos
1165 691 1384 723 comminatio-

417 731 511 763 nibus
546 738 687 762 terrcnto
718 733 762 763 sic
786 733 854 763 cius
877 732 995 764 iudicia
1019 739 1214 771 metuamus,
1246 744 1286 764 ne
1309 733 1384 764 hinc

417 775 450 806 in
465 774 704 814 deportationem
729 781 759 805 et
775 774 989 806 diffidentiam
1012 775 1199 814 incidamus,
1222 776 1295 807 inde
1309 785 1384 806 vero

416 817 563 849 socordia
587 823 617 847 et
642 818 773 857 ignavia
787 817 999 856 desideamus,
1023 819 1112 858 quasi
1133 819 1316 850 divinorum
1341 819 1386 848 iu-

418 859 575 891 diciorum
600 860 705 891 minas
728 861 944 898 evaserimus,
975 861 1058 901 quod
1082 862 1114 892 in
1143 862 1261 893 multos
1284 871 1385 891 annos

418 902 474 933 illa
508 902 679 933 distulerit.
723 902 838 943 Neque
867 904 952 934 enim
978 904 1050 935 licet
1083 914 1186 935 annus
1215 915 1300 935 unus
1330 908 1385 934 aut

417 945 515 983 alter,
542 945 589 975 vel
615 945 711 976 etiam
737 945 845 977 decem
869 951 902 977 et
921 946 1058 987 amplius
1082 948 1285 980 effluxerint,
1314 946 1385 976 ideo

416 987 478 1018 Dei
503 998 634 1018 manum
660 989 831 1020 evasimus.
877 988 970 1025 Nam,
995 996 1028 1020 ut
1047 990 1090 1020 ait
1110 990 1274 1029 propheta,
1299 988 1385 1019 mille

415 1031 491 1061 anni
516 1040 621 1061 coram
644 1031 785 1062 Domino
807 1036 884 1062 sunt
907 1032 1007 1063 instar
1031 1033 1128 1063 unius
1152 1032 1224 1063 dici.
1262 1031 1384 1070 Quam-

414 1073 522 1104 obrem
555 1074 580 1104 si
613 1084 678 1105 non
702 1074 808 1113 primo
838 1084 964 1114 quoque
993 1080 1137 1114 tempore
1168 1075 1294 1115 magnis
1317 1074 1384 1104 icti-

414 1115 474 1147 bus
504 1126 562 1147 nos
595 1116 763 1156 opprimit,
798 1127 840 1147 ne
870 1116 1035 1148 meliorem
1067 1117 1136 1148 ideo
1165 1117 1384 1149 conditionem

416 1163 561 1189 nostram
585 1159 796 1190 arbitremur:
825 1159 880 1190 sed
905 1159 944 1190 ad
968 1160 1144 1190 remedium
1168 1159 1250 1199 quod
1276 1160 1309 1190 in
1333 1169 1384 1189 sa-

415 1201 478 1232 cris
501 1201 692 1242 proponitur
714 1201 949 1241 confugiamus,
974 1213 1089 1243 nempe
1109 1210 1143 1233 ut
1167 1213 1238 1234 cum
1260 1202 1382 1243 gemitu

416 1249 449 1275 et
483 1243 636 1285 lacrymis
667 1244 726 1275 sub
764 1245 865 1284 ipsius
896 1251 1027 1285 potente
1059 1255 1153 1276 manu
1186 1245 1383 1281 deiiciamur,

416 1296 551 1326 eamque
575 1286 712 1318 assiduis
730 1287 880 1326 precibus
900 1298 1079 1328 urgeamus,
1105 1292 1141 1318 ut
1153 1298 1244 1319 suam
1261 1299 1279 1319 a
1293 1287 1384 1319 nobis

416 1329 593 1360 vindictam
619 1335 651 1360 et
671 1329 969 1361 condemnationem
999 1336 1134 1362 avertat.
1179 1331 1223 1361 Et
1253 1331 1313 1362 hoc
1335 1331 1383 1370 ip-

417 1382 489 1403 sum
516 1382 573 1403 nos
596 1372 716 1403 Paulus
747 1371 856 1411 docet,
888 1383 985 1413 quum
1010 1373 1117 1404 Deum
1149 1373 1225 1404 dicit
1255 1383 1314 1404 nos
1344 1372 1383 1404 ad

417 1420 546 1454 tempus
575 1419 814 1454 exspectantem
847 1416 984 1446 invitare
1007 1415 1046 1446 ad
1070 1417 1321 1456 poenitent-iam,
1353 1421 1385 1447 et

417 1457 518 1488 otium
533 1457 610 1488 dare
633 1457 672 1487 ad
685 1458 790 1497 ipsum
814 1458 1036 1499 confugiendi:
1060 1460 1151 1490 cuius
1169 1460 1194 1489 si
1213 1459 1385 1490 abutamur

418 1499 590 1541 patientia,
620 1500 686 1531 fore
716 1506 754 1531 ut
777 1501 908 1531 nimiam
942 1507 1084 1532 nostram
1115 1501 1383 1542 ingratitudinem

418 1542 564 1574 severius
596 1542 779 1574 ulciscatur.
829 1543 939 1582 Quare
975 1554 1073 1584 quum
1110 1545 1197 1576 Deus
1234 1544 1385 1585 loquutus

418 1591 476 1622 est,
509 1584 669 1615 discamus
690 1584 809 1616 dictum
832 1586 935 1626 ipsius
959 1596 1016 1627 pro
1039 1597 1074 1618 re
1101 1587 1228 1618 decreta
1250 1593 1282 1618 et
1305 1588 1383 1618 irre-

418 1626 556 1658 vocabili
579 1627 710 1658 haberc:
740 1639 776 1660 ac
800 1629 933 1668 proinde
961 1630 987 1660 si
1011 1640 1044 1660 00
1074 1630 1164 1661 nobis
1187 1636 1383 1662 servatorem

419 1670 487 1701 fore
510 1670 670 1709 pollicitus
693 1671 743 1708 sit,
767 1676 800 1702 et
812 1671 967 1702 auxilium
991 1672 1026 1702 in
1039 1673 1133 1704 rebus
1156 1673 1284 1704 afflictis
1307 1672 1383 1704 alla-

419 1717 549 1744 turum:
572 1718 660 1744 certo
683 1714 824 1753 persuasi
849 1715 958 1748 simus.
982 1725 1146 1754 nunquam
1166 1716 1270 1755 ipsum
1294 1716 1386 1746 nobis

419 1754 618 1786 defuturum.
663 1756 724 1787 Sin
748 1767 824 1787 vero
838 1757 978 1788 minatus
988 1758 1094 1796 fuerit,
1118 1758 1157 1789 ad
1170 1759 1270 1798 ipsius
1282 1759 1386 1789 minas

418 1807 688 1837 commoveamur,
711 1804 743 1830 et
766 1799 954 1830 horreamus
976 1800 1077 1840 ipsius
1099 1800 1225 1837 iudicia,
1250 1806 1281 1832 et
1304 1811 1386 1832 nun-

419 1850 527 1880 quam,
543 1840 603 1871 nisi
617 1841 748 1872 inventa
760 1842 846 1882 apud
860 1842 963 1883 ipsum
979 1843 1092 1883 gratia,
1112 1844 1386 1884 conquiescamus,

420 1883 574 1914 certiores
597 1883 669 1914 facti
694 1883 733 1915 de
755 1890 958 1924 peccatorum
982 1891 1164 1917 nostrorum
1188 1886 1385 1918 remissione.

421 1925 496 1964 Qua
519 1926 643 1957 ratione
665 1926 730 1963 fiet,
754 1931 791 1958 ut
812 1928 880 1959 01110
903 1928 951 1958 ira
973 1933 1140 1959 avertatur
1162 1938 1180 1959 a
1204 1929 1302 1961 nobis.

509 1967 665 2008 Sequitur
686 1969 834 2009 deinceps
858 1970 985 2001 nullum
1009 1970 1047 2001 de
1069 1970 1178 2002 Saulis
1197 1971 1389 2004 satellitibus

423 2010 566 2042 voluisse
585 2021 717 2042 manum
740 2013 772 2043 in
787 2013 918 2044 Domini
942 2013 1125 2045 sacerdotes
1144 2015 1285 2046 iniicere.
1316 2014 1388 2053 Qua

423 2063 463 2085 ex
484 2064 518 2084 re
537 2061 671 2094 apparet
684 2055 789 2086 Deum
811 2055 950 2088 voluisse
968 2057 1074 2097 ipsum
1093 2056 1306 2088 condemnare
1323 2068 1390 2098 pro-

424 2096 504 2137 priis
527 2095 773 2129 domesticorum
797 2099 851 2138 qui
875 2099 934 2139 ipsi
959 2099 1140 2130 militabant
1163 2100 1333 2139 suffragiis,
1360 2106 1390 2131 et

425 2139 480 2179 qui
503 2144 641 2180 tyranno
669 2150 759 2171 suam
783 2151 911 2180 operam
935 2141 1095 2178 locabant,
1130 2143 1225 2179 Deus,
1252 2143 1390 2182 inquam,

425 2181 498 2213 illos
522 2192 590 2212 esse
614 2182 717 2213 voluit-
733 2182 842 2214 Saulis
865 2183 994 2221 iudices,
1018 2195 1115 2224 quum
1141 2185 1172 2215 in
1188 2185 1318 2215 Domini
1343 2196 1391 2217 sa-

425 2224 571 2256 cerdotes
593 2235 707 2257 manus
737 2226 869 2258 iniicere
892 2227 1073 2258 noluerunt.
1120 2227 1190 2259 Etsi
1223 2238 1298 2258 vero
1328 2238 1391 2259 non

426 2271 504 2299 sunt
525 2267 597 2299 ideo
621 2268 801 2300 sacerdotes
824 2269 959 2310 liberati,
983 2281 1086 2310 neque
1108 2270 1221 2301 melior
1240 2270 1323 2302 facta
1345 2276 1393 2302 cst

427 2310 569 2350 ipsorum
595 2310 751 2348 conditio,
787 2311 884 2343 Saule
907 2323 971 2344 non
995 2313 1130 2352 placato,
1165 2313 1255 2344 Deus
1284 2317 1391 2344 tamen

428 2363 468 2384 ex
500 2358 590 2391 parte
621 2353 797 2385 sacerdotio
826 2355 1009 2386 conciliavit
1040 2356 1262 2393 autoritatem,
1293 2366 1391 2396 quum

427 2395 584 2427 satellites
607 2397 685 2437 regii
717 2397 840 2437 rapinis
869 2402 901 2429 et
923 2398 1207 2438 compilationibus
1235 2409 1271 2430 ac
1298 2399 1394 2429 latro-

429 2438 524 2470 ciniis
554 2440 689 2477 assucti,
723 2446 763 2481 et
785 2440 868 2472 male
897 2441 999 2472 feriati
1038 2441 1185 2472 homines
1221 2441 1395 2472 noluerunt

430 2486 540 2512 tamen
564 2482 716 2514 mandato
740 2484 825 2523 regis
855 2483 894 2514 de
918 2484 1149 2515 interficiendis
1177 2483 1396 2516 sacerdotibus

430 2524 661 2563 obtemperare,
685 2525 740 2557 sed
765 2536 878 2557 manus
901 2536 920 2557 a
943 2533 1006 2557 tam
1031 2527 1165 2558 immani
1189 2526 1308 2558 scelere
1325 2527 1395 2558 abs-

431 2567 611 2597 tinuerunt.
658 2569 763 2608 Atque
798 2569 857 2599 hac
887 2570 1009 2600 ratione
1038 2570 1214 2601 sacerdotio
1244 2579 1302 2600 sua
1325 2569 1394 2610 dig-

431 2610 515 2640 nitas
538 2614 569 2639 et
599 2609 703 2641 honor
727 2617 773 2642 est
804 2617 1004 2644 reservatus:
1034 2617 1065 2643 et
1094 2613 1221 2643 interim
1247 2611 1329 2644 Saul
1359 2623 1395 2644 eo

431 2652 538 2682 minus
568 2653 760 2685 excusabilis
789 2654 890 2685 factus
922 2660 985 2692 est,
1023 2666 1121 2695 quum
1152 2665 1211 2686 sua
1245 2654 1395 2686 mandata

1437 306 1516 337 vidit
1540 313 1576 337 ut
1589 305 1710 336 iniusta
1734 305 1822 336 reiici
1847 304 2089 336 asatellitibus:
2113 305 2226 344 etipse
2241 304 2406 335 nihilomi

1437 359 1497 380 nus
1510 349 1541 379 in
1556 349 1733 389 pervicacia
1743 347 1895 388 perstitit.
1909 346 2007 378 Solus
2020 347 2065 378 illi
2078 347 2223 388 perfidus
2233 347 2407 378 Idumaeus

1436 391 1528 431 Doeg
1552 390 1726 431 superfuit,
1759 389 1854 421 homo
1878 390 2031 430 profanus
2057 397 2087 421 et
2111 389 2315 427 incredulus,
2345 390 2406 420 ini-

1436 435 1537 465 micus
1556 434 1618 464 Dei
1642 438 1673 463 et
1699 433 1779 473 legis
1803 433 1902 473 ipsius
1925 442 1961 465 ac
1981 443 2080 473 purae
2110 433 2288 473 religionis:
2320 432 2407 463 solus

1437 477 1524 507 illius
1548 475 1671 506 libidini
1696 475 1813 515 paruit.
1851 475 1894 506 Et
1917 476 2046 506 interim
2071 477 2139 516 ipse
2166 475 2212 507 sic
2234 475 2284 506 sui
2307 475 2407 514 ipsius

1437 519 1644 555 obliviscitur,
1676 524 1712 548 ut
1734 517 1917 549 sacerdotes
1940 519 2075 550 interfici
2100 517 2216 549 iubeat,
2261 517 2408 548 Debebat

1437 567 1542 593 autem
1566 561 1619 591 illc
1631 560 1716 600 apud
1740 571 1773 592 se
1796 561 1946 601 cogitare,
1971 572 2034 592 non
2048 571 2141 601 posse
2154 562 2238 591 inter
2257 560 2405 591 homines

1437 610 1563 635 tantum
1600 604 1724 634 facinus
1761 603 1900 634 inultum
1935 614 2116 642 remanere,
2147 609 2180 634 et
2212 603 2406 644 sanguinem

1410 647 1605 687 innoxium
1645 646 1752 677 fusum
1783 647 1963 684 intuentes,
1998 647 2030 677 in
2063 646 2209 686 Doegum
2247 647 2405 686 impetum

1437 690 1590 720 facturos:
1615 689 1707 719 Tune
1730 688 1889 729 improbe,
1913 689 2108 729 inquientes,
2138 690 2184 720 ita
2213 689 2274 720 Dei
2305 688 2406 728 ipsius

1437 732 1641 763 sanctitatem
1665 731 1848 771 profanabis
1870 732 2021 771 impune,
2046 738 2078 763 et
2100 737 2337 763 sacrosanctam
2362 731 2407 770 ip-

1437 775 1504 806 sius
1529 775 1632 814 legem
1657 773 1903 814 pessumdabis?
1950 774 2071 805 Debuit
2092 775 2201 814 itaque
2225 781 2289 804 tam
2314 773 2406 814 Doeg

1436 827 1532 857 quam
1562 818 1630 856 ipse
1661 816 1739 847 Saul
1773 817 1880 857 populi
1913 817 2088 847 tumultum
2119 816 2309 847 formidare:
2339 815 2405 852 sed,

1410 891 1412 901 l
1438 866 1473 890 ut
1496 865 1570 890 ante
1594 859 1670 897 dixi,
1701 860 1840 890 furiosus
1863 867 1932 891 erat
1958 866 1991 890 ct
2013 860 2163 890 insanus:
2194 865 2226 890 et
2249 865 2357 889 tamen
2389 867 2408 889 a

1437 902 1507 933 Deo
1530 902 1635 934 factus
1658 908 1707 933 est
1730 902 1966 933 inexcusabilis.
2013 902 2187 934 Caeterum
2218 901 2312 942 Doeg
2340 907 2405 932 tam

1437 953 1606 985 promptus
1630 944 1669 975 ad
1693 945 1815 976 iussum
1829 945 1910 976 illud
1934 945 2185 985 exsequendum,
2209 944 2288 975 satis
2300 948 2407 975 osten-

1438 987 1484 1017 dit
1515 998 1548 1018 se
1572 998 1680 1018 rerum
1711 989 1857 1019 omnium
1883 988 2072 1019 confusione
2102 993 2134 1018 et
2163 986 2406 1027 perturbatione

1437 1031 1554 1061 mirum
1569 1031 1601 1061 in
1625 1029 1759 1061 modum
1773 1030 1939 1062 delectari:
1964 1036 1995 1061 et
2018 1030 2209 1062 crudelitate
2222 1039 2279 1061 sua
2293 1038 2406 1069 super-

1437 1073 1542 1109 biisse,
1567 1073 1605 1103 ad
1620 1072 1682 1104 Dei
1703 1073 1838 1113 gloriam
1859 1073 1885 1104 si
1904 1080 2011 1113 posset
2026 1073 2226 1109 abolendam,
2252 1078 2284 1103 et
2302 1078 2407 1103 totum

1436 1115 1559 1147 cultum
1572 1115 1634 1146 Dci
1657 1116 1726 1155 lege
1750 1116 1994 1156 praescriptum,
2017 1126 2071 1147 sus
2084 1116 2187 1155 deque
2207 1114 2406 1146 vertendum.

1436 1159 1544 1198 Atque
1568 1158 1624 1189 illa
1646 1159 1708 1189 fuit
1733 1159 1835 1199 Doegi
1859 1169 1960 1190 mens.
2005 1158 2100 1198 Quod
2126 1168 2201 1190 vero
2224 1158 2315 1189 Deus
2336 1167 2408 1197 per-

1436 1201 1538 1232 mittit
1556 1201 1698 1232 habenas
1722 1201 1824 1241 ipsius
1840 1201 2033 1240 crudelitati,
2057 1203 2139 1232 mira
2159 1211 2210 1232 res
2228 1201 2346 1232 iterum
2359 1199 2406 1230 vi

1437 1244 1581 1280 debitur,
1611 1249 1643 1274 et
1666 1244 1787 1275 nostris
1810 1244 1956 1275 sensibus
1980 1244 2199 1282 dissentanea,
2227 1249 2259 1275 et
2281 1253 2321 1274 ex
2345 1251 2408 1283 qua

1437 1287 1468 1317 in
1504 1297 1668 1318 summum
1707 1292 1869 1326 stuporem
1909 1287 2099 1318 incidamus.
2156 1286 2287 1318 Fierine
2327 1294 2407 1316 vero

1437 1335 1551 1369 potest,
1575 1335 1612 1360 ut
1628 1330 1718 1361 Deus
1741 1335 1807 1361 tam
1831 1329 2014 1370 improbum
2039 1329 2202 1361 hominem
2216 1328 2407 1360 Idumaeum

1437 1372 1622 1413 permiserit
1645 1378 1699 1402 aut
1723 1372 1862 1404 voluerit
1884 1373 1916 1403 in
1941 1382 2047 1404 saeros
2065 1371 2248 1403 sacerdotes
2273 1371 2406 1408 irruere,

1438 1420 1471 1446 et
1501 1420 1549 1446 tot
1586 1416 1774 1446 innocentes
1808 1415 1904 1447 simul
1942 1414 2125 1447 trucidare?
2178 1417 2226 1446 Ac
2259 1413 2284 1445 si
2315 1413 2407 1444 Deus

1438 1458 1551 1489 mundi
1575 1457 1673 1488 iudex
1696 1462 1761 1495 est,
1785 1463 1818 1489 et
1840 1457 2059 1498 dispensator,
2084 1456 2243 1497 quomodo
2267 1466 2307 1487 ne
2329 1465 2406 1488 con-

1438 1501 1579 1542 tingeret
1601 1510 1665 1531 non
1689 1500 1882 1540 impedivit?
1928 1501 1980 1531 En
2009 1505 2044 1531 ut
2067 1501 2222 1531 adversus
2244 1498 2350 1530 Deum
2374 1503 2408 1530 et

1437 1543 1507 1575 eius
1530 1543 1648 1574 iudicia
1671 1543 1764 1574 facile
1787 1543 1940 1574 mortales
1963 1543 2205 1580 contenderent,
2229 1547 2263 1573 et
2273 1542 2308 1573 in
2321 1540 2407 1573 blas-

1437 1586 1573 1627 phemas
1596 1596 1692 1618 voces
1705 1586 1903 1617 devenirent.
1949 1585 2015 1618 Sed
2039 1586 2204 1617 sitantum
2228 1583 2322 1616 nobis
2334 1593 2407 1625 per

1438 1630 1616 1667 mittamus,
1640 1633 1677 1659 ut
1689 1628 1856 1669 plerosque
1869 1630 2020 1669 profanos
2037 1629 2184 1659 homines
2199 1627 2408 1660 consuevisse

1438 1671 1533 1703 hodie
1557 1671 1718 1710 videmus,
1748 1676 1871 1704 certum
1896 1677 1946 1703 est
1977 1673 2062 1703 viam
2085 1671 2125 1703 ad
2150 1671 2280 1702 nimiam
2307 1669 2406 1701 auda-

1437 1715 1520 1747 ciam
1543 1724 1622 1751 esse
1653 1724 1736 1754 quae
1758 1714 1888 1746 tandem
1913 1714 2068 1746 adversus
2090 1714 2198 1754 ipsum
2222 1713 2328 1745 Deum
2348 1721 2408 1744 nos

1438 1758 1607 1797 insurgere
1631 1757 1735 1795 faciat,
1752 1763 1784 1788 01
1806 1757 1990 1797 opinionem
2013 1757 2052 1788 de
2073 1757 2143 1788 Deo
2166 1756 2290 1788 iniiciat
2311 1755 2407 1787 sinis-

1437 1805 1537 1831 tram:
1575 1810 1640 1830 non
1678 1810 1748 1831 esse
1783 1800 1937 1831 nimirum
1968 1800 2106 1840 amplius
2139 1799 2201 1840 ipsi
2231 1797 2407 1837 fidendum,

1438 1853 1543 1883 neque
1567 1842 1606 1874 ad
1625 1843 1731 1883 ipsum
1756 1843 1894 1883 amplius
1913 1843 1946 1874 in
1970 1843 2065 1874 rebus
2083 1842 2194 1873 arduis
2216 1841 2408 1882 confugien-

1439 1886 1533 1917 dum:
1557 1895 1660 1925 neque
1683 1885 1822 1926 denique
1844 1885 1983 1925 amplius
2005 1884 2234 1922 invocandum,
2258 1889 2296 1915 ut
2313 1882 2408 1915 multi

1438 1932 1677 1968 contemptores
1700 1928 1751 1959 1110
1780 1928 1961 1960 rationibus
1988 1927 2028 1959 ad
2058 1938 2152 1959 omne
2179 1928 2338 1968 flagitium
2362 1926 2408 1958 fe-

1439 1975 1558 2002 runtur
1587 1981 1643 2011 spe
1675 1971 1893 2011 impunitatis,
1924 1981 2020 2011 quam
2045 1981 2084 2002 ex
2115 1971 2223 2011 pravis
2245 1970 2310 2001 illis
2339 1969 2408 2001 suis

1441 2014 1733 2054 imaginationibus
1763 2013 1953 2045 hauserunt.
1997 2013 2216 2053 Quamobrem
2246 2022 2308 2053 quo
2333 2022 2407 2053 pro-

1441 2057 1554 2089 clivior
1576 2062 1626 2088 est
1649 2057 1681 2087 in
1703 2056 1782 2088 haee
1800 2057 1923 2097 flagitia
1941 2056 2061 2097 lapsus,
2085 2067 2122 2088 eo
2141 2055 2322 2088 accuratius
2340 2054 2412 2087 doc-

1443 2099 1530 2131 trina
1543 2109 1625 2140 quae
1639 2098 1729 2131 nobis
1741 2099 1792 2131 hic
1805 2099 1995 2139 proponitur
2009 2105 2059 2130 est
2071 2098 2273 2136 meditanda
2294 2107 2412 2139 nempe

1443 2149 1478 2173 ut
1508 2153 1581 2174 cum
1613 2142 1741 2173 silentio
1770 2147 1802 2173 et
1825 2143 1940 2173 timore
1963 2141 2071 2173 Deum
2101 2141 2354 2181 praestolemur,
2383 2139 2412 2172 si

1444 2196 1506 2216 non
1531 2186 1635 2225 primo
1658 2195 1785 2225 quoque
1807 2190 1953 2224 tempore
1975 2194 2009 2215 se
2038 2183 2160 2215 nostris
2186 2183 2333 2215 hostibus
2355 2192 2412 2224 op-

1444 2229 1544 2268 ponit,
1568 2233 1600 2259 et
1623 2227 1779 2258 auxilium
1804 2227 1923 2258 adfert:
1947 2227 2047 2258 immo
2066 2227 2093 2258 si
2115 2225 2274 2267 permittit
2296 2225 2413 2266 impios

1444 2270 1482 2301 ad
1514 2276 1659 2310 optatum
1689 2271 1787 2301 finem
1817 2279 1875 2301 sua
1901 2269 2057 2300 immania
2087 2269 2221 2301 consilia
2244 2268 2412 2305 deducere,

1444 2315 1534 2353 quasi
1558 2313 1618 2353 ipsi
1643 2313 1713 2344 Deo
1731 2312 1957 2353 probarentur,
1986 2322 2049 2343 non
2073 2320 2181 2343 autem
2204 2321 2264 2343 nos
2295 2311 2349 2352 qui
2372 2311 2412 2343 ab

1444 2356 1522 2396 ipsis
1545 2356 1730 2396 affligimur.
1774 2355 1857 2387 Cum
1872 2354 2000 2386 Davide
2024 2365 2100 2386 vcro
2124 2354 2229 2386 dicere
2241 2354 2412 2392 discamus,

1446 2399 1586 2430 Domine
1598 2398 1791 2436 obmutesco,
1815 2398 1967 2438 quoniam
1981 2402 2016 2429 tu
2031 2397 2142 2429 fecisti.
2174 2397 2217 2428 Et
2230 2396 2359 2428 Psalmo
2370 2396 2412 2429 52

1446 2447 1523 2473 tunc
1545 2441 1680 2473 candem
1704 2441 1884 2472 doctrinam
1914 2451 1948 2472 se
1971 2440 2160 2471 meditatum
2193 2439 2349 2480 ostendit,
2379 2447 2413 2471 et

1446 2484 1485 2514 ad
1509 2495 1602 2515 usum
1627 2494 1720 2515 suum
1745 2493 1930 2523 revocasse,
1962 2493 2060 2523 quum
2092 2483 2152 2513 ait:
2183 2482 2332 2523 Doegum
2355 2481 2412 2514 ho

1446 2527 1565 2557 minem
1586 2527 1721 2568 impium
1746 2526 1844 2558 fuisse
1867 2526 1920 2566 qui
1944 2536 2006 2557 non
2038 2526 2145 2566 posuit
2167 2525 2201 2556 in
2225 2524 2294 2557 Deo
2320 2535 2413 2556 suam

1447 2569 1605 2607 fiduciam,
1629 2569 1686 2601 sed
1708 2570 1742 2600 in
1767 2568 1942 2600 honoribus
1955 2573 1988 2599 01
2010 2568 2161 2608 potentia,
2186 2572 2218 2599 et
2237 2568 2267 2598 in
2288 2567 2413 2599 malitia

1447 2621 1503 2642 sua
1527 2612 1717 2644 fortificatus
1740 2617 1803 2643 est:
1828 2611 1883 2643 sed
1913 2611 2042 2642 tandem
2067 2611 2132 2642 fore
2155 2615 2193 2642 ut
2215 2610 2410 2642 eradicetur:

1447 2665 1481 2686 se
1505 2665 1581 2685 vero
1605 2655 1636 2686 in
1662 2656 1732 2686 Deo
1755 2665 1844 2695 spem
1868 2654 2028 2695 posuisse:
2052 2664 2088 2685 ac
2101 2652 2235 2694 proinde
2258 2653 2326 2684 fore
2340 2656 2411 2684 tan-
