2551 3044
222 164 263 195 65
869 160 917 191 IN
941 161 966 192 Ι.
990 160 1078 192 LIB.
1104 160 1299 192 SAMUEL.
1323 161 1419 193 OAP.
1444 162 1536 193 XIV.
2146 164 2187 194 6ss

222 257 276 298 qui
303 257 375 297 fecit
405 256 534 288 salutem
556 256 634 288 hanc
656 265 798 295 maynam
821 254 854 286 in
876 253 987 295 Israel,
1016 255 1068 287 hoc
1090 255 1178 294 uefas

222 302 276 340 est,
299 299 373 331 vivit
395 299 559 337 Dominus,
583 299 612 330 si
633 297 771 330 ceciderit
787 296 920 336 capillus
941 297 977 328 de
994 298 1092 337 capite
1113 297 1179 328 eius

223 343 257 373 in
280 344 403 380 terram,
426 342 500 381 quia
522 351 589 373 cum
614 340 676 373 Deo
704 342 847 380 operatus
874 342 918 371 est
947 339 1042 371 hodie.
1088 339 1178 371 Libe-

222 385 305 416 ravit
345 394 413 425 erqo
451 384 588 423 populus
628 382 781 414 Ionatkart
820 384 854 413 ut
897 392 957 414 uon
1001 384 1177 414 moreretur.

223 427 272 459 46.
298 427 490 466 Recessitque
515 426 601 464 Saul,
624 435 676 457 rzec
690 427 893 466 persequutus
914 427 957 456 cst
975 424 1177 463 Plzfilistliiim,

217 480 312 510 porro
336 469 529 500 Pliilisthiim
551 468 691 500 abierunt
713 468 747 499 iu
771 467 836 499 loca
857 477 925 498 sua.
949 467 999 499 47.
1034 467 1077 499 Et
1099 466 1179 499 Saul

222 512 398 551 confirmato
425 521 518 551 regyuo
545 521 639 550 super
662 510 772 548 Israel,
795 509 958 550 pugmabac
980 521 1039 550 per
1068 510 1177 542 circui-

222 557 286 585 tum
315 554 478 585 adversum
508 564 609 585 omnes
634 553 774 584 inimicos
801 553 876 590 eius,
906 555 1008 584 coutra
1032 553 1133 591 Moab,
1152 555 1178 584 et

221 596 303 636 tilios
326 596 467 636 Ammon,
491 598 518 627 et
539 596 648 632 Edem,
673 598 699 626 et
720 605 804 636 reyes
823 594 910 632 Soba,
935 598 962 626 et
980 595 1176 634 Philistaeos,

222 641 248 670 et
275 648 453 678 quocunque
482 649 513 670 sc
541 640 680 678 verterat,
710 637 883 677 superabat.
928 638 979 669 48.
1006 637 1177 678 Gonyreya-

220 683 308 720 toque
340 682 471 712 exercitu
498 681 651 720 percussit
677 680 813 720 Amalec,
844 682 870 711 et
899 681 979 712 eruit
1008 680 1110 712 Israel
1141 679 1178 711 de

221 734 317 755 mauu
338 726 528 755 vastatorum
550 724 624 755 eius.
648 723 699 754 49.
724 722 863 754 Fuerunt
884 726 984 755 autem
1003 723 1065 762 filii·
1089 721 1176 763 Saul,

222 765 380 804 Ιοηαίῑιαε,
407 769 433 797 et
456 766 560 797 Icssui
583 768 609 797 et
633 765 812 802 Mdchisua,
842 767 869 796 et
898 766 1021 797 uomina
1043 766 1177 797 duarum

219 808 360 848 filiarum
382 809 457 846 θέας,
486 818 593 840 nomeu
610 808 841 849 primoyenitae,
874 808 988 847 Merob,
1021 811 1048 840 et
1069 817 1177 839 nomen

219 852 351 883 minoris
381 851 505 882 Mickoz.
550 851 599 882 50.
630 851 672 882 Et
704 860 809 882 nomen
838 851 947 882 uxoris
977 850 1056 882 Saul
1082 850 1177 882 Achi-

220 904 320 932 naam,
352 893 421 932 filia
452 893 632 933 Aclzsimaas,
666 896 693 925 et
725 903 832 924 uomerz
856 894 1013 933 principis
1044 893 1177 924 militiae

220 937 287 967 eius
309 936 417 967 Abner
435 936 520 975 filius
545 936 610 966 Ner
629 936 783 974 patruelis
807 935 892 967 Saul.
937 937 986 968 51.
1010 935 1109 967 Porro
1132 936 1176 967 eis

217 979 280 1019 fuit
303 982 394 1017 pater
426 978 514 1017 Saul,
544 981 571 1009 et
603 978 669 1010 Ner
693 981 785 1017 pater
816 978 928 1016 Abuer,
961 979 1048 1018 silius
1077 978 1175 1009 Abiel.

219 1021 269 1052 52.
292 1020 374 1053 Erat
396 1024 496 1052 autem
526 1021 639 1052 bellum
661 1023 769 1060 potens
798 1021 961 1052 adversum
990 1021 1176 1053 Plzilistaeos

218 1064 357 1095 omuibus
378 1062 486 1095 diebus
511 1062 598 1102 Saul,
628 1074 700 1094 uam
731 1073 934 1104 quemcunque
955 1064 1075 1095 viderat
1099 1063 1176 1095 Saul

219 1107 321 1138 virum
348 1107 458 1147 fortem
490 1108 516 1136 et
544 1109 652 1145 aptum
680 1106 722 1137 ad
743 1106 911 1146 praelium,
944 1106 1079 1138 sociabat
1107 1116 1176 1138 eum

219 1149 290 1181 sibi.

303 1234 467 1265 Historiae
496 1239 627 1273 coeptae
664 1234 779 1265 seriem
816 1233 1083 1274 persequentibus
1119 1235 1175 1267 ob-

220 1276 424 1317 servandum,
456 1275 587 1308 Saulem
617 1287 672 1317 spe
701 1287 758 1307 sua
787 1276 952 1313 excidisse,
982 1288 1079 1317 quum
1102 1287 1174 1318 pro-

218 1320 308 1351 iectis
331 1320 470 1350 sortibus
492 1319 560 1359 ipse
583 1329 655 1350 cum
675 1319 739 1350 filio
760 1319 826 1350 eius
845 1318 1063 1359 deprehensus
1081 1324 1174 1358 esset,

218 1362 358 1403 populus
382 1366 490 1393 autem
513 1361 679 1393 absolutus
703 1373 721 1392 a
743 1362 845 1402 culpa,
869 1371 931 1402 qua
953 1363 1041 1394 Deus
1063 1362 1097 1394 in
1120 1373 1175 1403 po*

218 1405 331 1446 pulum
362 1404 468 1435 fuerat
497 1409 700 1443 provocatus.
746 1404 846 1436 Porro
876 1415 938 1436 non
971 1405 1102 1437 dubium
1126 1410 1175 1437 est

219 1447 295 1488 quin
319 1447 409 1478 Deus
431 1448 476 1478 ita
503 1447 641 1478 voluerit
664 1446 793 1478 Saulem
826 1448 981 1488 castigare
1011 1459 1051 1479 ne
1080 1448 1174 1489 plena

220 1490 355 1521 victoria
377 1489 415 1521 de
439 1490 594 1527 hostibus,
618 1489 691 1521 licet
710 1500 828 1531 magna
848 1495 954 1531 strage
977 1490 1066 1528 fusis,
1091 1491 1173 1522 frue-

218 1538 316 1564 retur.
372 1532 455 1563 Nam
500 1532 572 1563 licet
613 1532 703 1564 Deus
745 1533 965 1564 Israelitarum
1011 1534 1172 1571 misertus,

218 1575 387 1606 victoriam
417 1574 577 1615 insignem
606 1575 684 1615 ipsis
715 1575 879 1613 concessit,
913 1575 1099 1616 imperfecta
1128 1581 1171 1608 ta-

218 1629 291 1649 men
322 1618 392 1655 fuit,
423 1622 552 1658 propter
581 1617 689 1649 Saulis
718 1623 893 1658 peccatum,
924 1618 1007 1658 quod
1036 1619 1173 1650 nimium

218 1671 371 1702 praeceps
404 1661 438 1691 in
477 1660 639 1691 offerendo
678 1661 844 1699 sacrificio,
885 1671 948 1692 non
989 1665 1173 1702 exspectato

219 1703 379 1743 Samuele,
402 1702 524 1734 fuisset.
559 1703 611 1733 Ex
635 1702 747 1742 quibus
771 1708 901 1743 apparet
917 1704 1021 1735 Deum
1044 1714 1173 1744 parcere

219 1745 347 1786 quidem
371 1755 603 1785 nonnunquam
635 1745 675 1776 iis
698 1746 751 1786 qui
780 1751 962 1786 peccarunt,
992 1746 1047 1777 sed
1071 1746 1115 1778 ita
1137 1751 1173 1778 ut

218 1788 377 1829 quandam
401 1789 633 1828 correptionem
657 1794 809 1825 reservet,
833 1789 890 1820 etsi
914 1799 979 1820 non
1003 1794 1076 1830 agat
1099 1799 1171 1820 cum

217 1831 296 1872 ipsis
326 1841 451 1861 summo
481 1831 559 1867 iure,
591 1841 694 1870 neque
724 1831 833 1861 statim
865 1831 917 1862 ubi
949 1836 997 1862 est
1026 1832 1065 1864 ab
1094 1832 1172 1872 ipsis

217 1878 400 1914 peccatum:
420 1873 474 1905 sed
495 1873 641 1913 quamvis
660 1873 788 1904 differat
806 1873 967 1911 iudicium,
987 1880 1172 1906 nontamen

218 1917 344 1947 auferre
367 1926 501 1956 poenam
526 1916 605 1955 quin
629 1921 751 1955 partem
776 1916 914 1956 aliquam
939 1917 1041 1948 divini
1063 1918 1170 1949 iudicii

219 1959 369 1990 sentiant.
395 1960 501 1999 Atque
524 1959 569 1989 ita
593 1968 650 1989 nos
669 1963 793 1998 oportet
812 1959 873 1990 Dei
892 1959 1007 1991 iudicia
1029 1966 1171 2001 repetere

218 2001 314 2033 altius
337 2011 433 2042 quam
457 2001 631 2032 soleamus:
664 2001 712 2032 Ea
735 2002 819 2032 enim
839 2006 886 2032 est
909 2001 1075 2034 hominum
1099 2014 1170 2043 pra-

218 2045 311 2082 vitas,
345 2049 381 2075 ut
411 2044 471 2074 nisi
505 2044 536 2074 in
570 2043 677 2074 oculos
712 2043 823 2074 divina
855 2044 972 2076 iudicia
1004 2045 1171 2078 incurrant

218 2087 487 2126 manifestissime,
515 2096 645 2126 prorsus
668 2086 857 2126 caecutiant,
885 2090 917 2118 et
940 2087 978 2119 de
999 2088 1171 2120 imminen-

218 2129 304 2160 tibus
334 2130 444 2169 poenis
476 2139 639 2169 nunquam
670 2129 820 2168 cogitent,
851 2130 971 2169 sibique
999 2141 1069 2162 cum
1102 2132 1170 2163 Deo

218 2182 287 2202 rem
316 2182 385 2203 esse
412 2171 605 2211 persuadere
636 2178 810 2211 nequeant:
842 2177 873 2203 at
902 2173 984 2212 quod
1006 2173 1099 2214 longe
1123 2179 1171 2206 est

219 2213 359 2246 deterius
398 2214 612 2254 praesentiam
654 2214 754 2254 ipsius
794 2215 903 2255 fugere
954 2226 1009 2255 pro
1048 2216 1170 2249 viribus

218 2261 384 2295 conentur,
414 2262 446 2287 et
477 2267 545 2287 sese
568 2256 601 2287 in
625 2257 743 2287 multos
767 2257 894 2297 laqueos
916 2258 1052 2289 induant
1076 2260 1106 2290 in
1131 2260 1170 2291 iis

219 2299 394 2339 caligantes
417 2299 452 2330 in
475 2299 589 2339 quibus
613 2299 903 2338 perspicacissimos
926 2310 995 2332 esse
1018 2303 1169 2341 oportuit.

220 2341 371 2381 Exempli
391 2343 505 2382 gratia,
528 2342 554 2372 si
574 2341 662 2372 Deus
685 2342 717 2372 in
739 2341 821 2372 diem
841 2353 938 2374 unum
959 2348 1014 2374 aut
1032 2344 1169 2376 alterum

221 2384 328 2415 differt
351 2394 424 2414 eum
447 2384 606 2424 corripere
630 2384 683 2423 qui
704 2384 811 2424 aliqua
833 2385 865 2416 in
885 2396 919 2416 re
937 2386 1044 2427 lapsus
1063 2387 1169 2425 fuerit,

219 2426 354 2457 oblitum
377 2427 496 2466 peccati
519 2426 605 2457 illius
624 2426 731 2457 Deum
754 2428 813 2458 sibi
836 2428 1049 2468 persuadebit,
1073 2440 1170 2470 seque

218 2479 384 2509 nunquam
407 2470 560 2500 rationem
585 2479 691 2500 coram
714 2469 782 2509 ipso
805 2470 1014 2503 redditurum.
1060 2472 1123 2504 Sed
1143 2473 1171 2504 si

218 2516 290 2552 post
319 2511 448 2551 aliquod
484 2516 610 2552 tempus
642 2512 780 2543 eundem
814 2513 976 2552 afflixerit,
1009 2514 1071 2546 Dei
1103 2526 1171 2547 cor-

219 2554 393 2585 rectionem
421 2553 508 2585 illam
532 2565 601 2585 esse
631 2564 833 2595 nequaquam
858 2555 916 2587 sibi
939 2557 1022 2589 sinet
1045 2568 1172 2597 persua-

220 2596 304 2628 deri:
334 2597 389 2628 sed
413 2601 468 2627 aut
498 2597 664 2628 fortuitum
689 2597 826 2638 aliquem
856 2608 962 2630 casum
986 2610 1054 2631 esse
1078 2600 1171 2641 dicet,

323 2647 430 2673 Gali-ini
442 2654 531 2680 opera.
557 2648 617 2674 Vol.
631 2647 727 2675 XXX.

1230 258 1283 284 aut
1308 254 1464 286 adversus
1485 256 1590 287 Deum
1614 256 1816 298 obloquetur.
1849 258 1897 290 En
1924 258 2080 300 quomodo
2103 258 2186 290 sole-

1229 300 1285 327 ant
1303 296 1449 329 homincs
1472 298 1560 330 abuti
1584 299 1644 330 Dei
1668 301 1831 340 patientia.
1855 301 1955 342 Atqui
1979 302 2070 333 Deus
2093 300 2186 333 diffe-

1229 350 1302 370 rens
1325 350 1454 380 poenas,
1485 341 1538 372 dat
1567 341 1655 374 nobis
1685 344 1785 374 otium
1809 343 1848 375 ad
1872 355 1905 376 se
1929 343 2121 382 revertendi,
2151 350 2183 376 et

1229 391 1334 412 coram
1364 383 1434 422 ipso
1467 394 1522 414 nos
1552 383 1754 423 humiliandi,
1788 390 1824 417 ut
1857 387 1970 418 melior
2005 387 2045 418 sit
2076 391 2186 418 nostra

1229 424 1370 455 conditio
1411 426 1479 465 ipso
1513 425 1551 456 do
1583 437 1640 458 sua
1674 429 1843 459 severitate
1878 430 2072 461 remittente.
2119 429 2185 462 Sed

1229 472 1340 497 contra
1368 467 1512 500 homines
1554 469 1627 500 inde
1657 471 1855 503 occasionem
1886 472 1918 503 in
1950 472 2088 512 peccatis
2111 482 2184 512 per-

1229 509 1397 540 severandi
1422 511 1568 550 capiunt:
1591 516 1622 541 et
1642 512 1710 543 Deo
1730 513 1818 544 velut
1837 514 2012 546 auriculam
2033 514 2185 553 vellente,

1229 555 1261 582 et
1283 562 1322 583 ex
1345 558 1549 592 peccatorum
1574 560 1706 585 veterno
1729 556 1899 595 excitante,
1930 566 1966 588 ac
1989 557 2091 597 signis
2114 558 2184 598 qui·

1229 593 1361 625 busdam
1386 595 1580 627 admonente
1602 600 1639 627 ut
1663 597 1740 629 vitia
1763 598 1913 630 detestari
1937 598 2070 640 discant,
2102 599 2186 631 frae-

1229 647 1304 667 num
1329 647 1422 668 suum
1446 637 1544 668 veluti
1569 639 1724 671 mandunt
1744 646 1775 672 et
1794 641 1957 673 arrodunt.
1982 646 2014 673 et
2033 641 2183 674 dentibus

1228 679 1421 716 insrendent,
1446 685 1478 710 et
1500 691 1694 721 magnopere
1716 689 1897 715 aestuantes
1921 684 1952 715 in
1977 685 2082 716 varias
2106 695 2182 725 que—

1228 722 1312 752 relas
1342 722 1505 753 incidunt:
1537 723 1626 754 Vah!
1652 735 1702 755 me
1725 726 1841 757 misero
1865 726 1939 766 quid
1964 726 2042 758 fiet?
2088 727 2184 759 Unde

1228 764 1289 795 ista
1318 764 1396 795 mihi
1420 765 1647 805 contigerunt?
1671 767 1765 798 Mene
1795 768 1926 809 reliquis
1947 769 2183 801 infeliciorem?

1228 805 1338 845 Quare
1361 817 1412 838 me
1431 808 1520 839 Deus
1544 819 1605 839 non
1626 809 1720 850 eripit
1738 821 1777 841 cx
1797 812 1894 842 tantis
1913 811 2007 843 malis
2026 812 2181 852 repente?

1228 859 1321 881 mene
1344 849 1382 880 ad
1407 849 1660 891 desperationem
1684 853 1847 893 impellere
1871 854 2010 895 gaudet?
2050 855 2099 886 Eo
2122 855 2183 896 igi—

1228 895 1282 922 tur
1311 893 1489 924 accuratius
1512 903 1661 933 praesens
1685 895 1818 927 historia
1848 896 2033 928 meditanda
2060 902 2118 935 est,
2148 898 2183 928 in

1227 944 1291 974 qua
1315 934 1459 966 videmus
1483 935 1588 966 Deum
1619 938 1800 977 permisisse
1824 938 2039 970 Ionathanum
2070 939 2184 971 adver-

1227 987 1283 1008 sus
1305 977 1408 1017 patris
1431 978 1517 1009 illam
1540 980 1789 1011 exsecrationem
1813 991 1952 1021 peccare,
1976 987 2014 1013 ut
2036 987 2128 1023 pater
2146 983 2181 1014 in

1228 1019 1400 1051 discrimen
1423 1026 1532 1052 vocato
1555 1021 1620 1052 filio
1644 1021 1753 1054 durius
1775 1024 1954 1063 puniretur.
1979 1024 2182 1057 Ionathanus

1228 1062 1313 1094 enim
1337 1066 1450 1103 postea
1480 1063 1607 1104 quidem
1639 1070 1766 1104 ereptus
1799 1070 1846 1097 est
1876 1077 1893 1097 a
1923 1067 2034 1098 mortis
2069 1067 2182 1099 discri-

1228 1105 1325 1143 mine,
1345 1106 1497 1145 quoniam
1511 1106 1600 1138 Deus
1615 1106 1720 1138 Saulis
1739 1108 1877 1139 furorem
1897 1113 2049 1150 tanquam
2070 1110 2180 1142 fraeno

1228 1147 1379 1185 cohibuit,
1411 1149 1527 1189 populo
1558 1149 1782 1189 intercedente,
1816 1155 1849 1182 et
1879 1150 1986 1183 Saulis
2016 1152 2180 1185 conatibus

1229 1201 1297 1222 sese
1320 1196 1515 1231 opponente:
1547 1197 1768 1224 verumtamen
1798 1193 2008 1226 nihilominus
2038 1195 2179 1235 oportuit

1230 1232 1360 1265 Saulem
1381 1234 1419 1265 ab
1439 1234 1642 1275 insequendis
1660 1235 1805 1267 hostibus
1823 1236 2008 1268 Philistaeis
2026 1242 2180 1278 tanquam

1228 1276 1344 1307 iniecta
1374 1287 1499 1308 remora
1533 1277 1672 1315 retineri,
1707 1278 1837 1318 eiusque
1865 1279 2031 1310 victoriam
2061 1280 2179 1321 imper—

1229 1318 1345 1350 fectam
1370 1323 1402 1350 et
1424 1319 1524 1350 veluti
1554 1320 1749 1351 dimidiatam
1780 1321 1859 1360 fieri,
1890 1321 1971 1362 quod
1996 1323 2101 1354 Deum
2129 1324 2178 1355 ni—

1227 1361 1327 1392 mium
1351 1362 1540 1393 festinanter
1562 1363 1743 1394 sacrificans
1766 1364 1908 1404 graviter
1931 1365 2124 1397 offendisset.

1312 1404 1451 1445 Reliqua
1480 1415 1556 1436 vero
1578 1406 1641 1436 iam
1670 1405 1832 1446 sigillatim
1862 1406 2090 1448 expendamus.
2135 1409 2179 1440 Et

1227 1447 1260 1478 in
1283 1447 1396 1487 primis
1420 1448 1561 1478 maxima
1583 1447 1677 1479 huius
1700 1448 1808 1488 populi
1836 1459 1912 1489 erga
1942 1460 2049 1491 regem
2081 1461 2177 1491 appa-

1227 1494 1277 1520 ret
1306 1491 1496 1528 reverentia,
1531 1491 1667 1531 singulis
1696 1491 1969 1523 consentientibus
2002 1493 2036 1523 in
2069 1492 2177 1525 Saulis

1227 1532 1375 1564 edictum.
1420 1533 1505 1564 Nam
1528 1533 1602 1564 licet
1624 1533 1679 1564 illa
1702 1535 1859 1564 sententia
1881 1534 1994 1566 fuisset
2026 1537 2178 1575 severior,

1226 1585 1259 1606 se
1293 1586 1333 1606 ne
1365 1576 1494 1616 proprio
1527 1575 1653 1615 quidem
1688 1576 1751 1607 filio
1785 1577 1998 1616 parciturum:
2041 1578 2178 1619 populus

1225 1622 1333 1648 tamen
1357 1619 1465 1650 verbis
1488 1618 1572 1649 illius
1596 1629 1745 1649 assensus
1768 1624 1824 1655 est,
1858 1624 1889 1649 et
1919 1630 2012 1651 nemo
2040 1631 2079 1651 ex
2111 1626 2177 1652 toto

1224 1661 1342 1701 populo
1365 1666 1413 1692 est
1435 1661 1633 1701 obloquutus.
1677 1661 1746 1691 Nae
1768 1661 1802 1691 in
1833 1666 1922 1692 tanta
1956 1663 2066 1702 populi
2093 1664 2175 1694 mul-

1223 1703 1371 1741 titudine,
1403 1714 1561 1735 summam
1586 1703 1728 1743 oportuit
1750 1714 1817 1735 esse
1840 1714 1916 1744 erga
1939 1715 2047 1746 regem
2070 1705 2175 1738 obser-

1223 1746 1379 1786 vantiam,
1410 1754 1445 1778 ut
1469 1752 1533 1777 tam
1557 1745 1679 1786 placide
1702 1746 1840 1777 edictum
1864 1747 1943 1777 illud
1968 1748 2174 1788 reciperetur,

1223 1799 1284 1828 quo
1306 1790 1399 1820 iussit
1422 1800 1532 1820 omnes
1555 1789 1688 1829 angulos
1711 1789 1817 1829 populi
1841 1789 1998 1821 accedere.
2033 1790 2096 1822 Per
2118 1801 2174 1822 an-

1223 1832 1314 1872 gulos
1348 1842 1423 1862 vero
1457 1832 1627 1872 aliquando
1660 1831 1884 1872 intelliguntur
1917 1831 2012 1864 duces
2054 1834 2173 1873 populi,

1223 1874 1306 1914 quod
1327 1874 1393 1906 sint
1415 1875 1500 1905 illius
1524 1874 1623 1905 veluti
1646 1874 1750 1905 robur.
1776 1874 1818 1904 Et
1840 1875 1884 1905 sic
1909 1874 1988 1905 solet
2011 1875 2088 1907 haec
2112 1887 2175 1908 vox

1222 1917 1339 1958 anyuli,
1369 1917 1401 1948 in
1432 1917 1530 1948 sacris
1560 1917 1716 1957 usurpari,
1744 1921 1799 1947 aut
1828 1926 1885 1956 pro
1915 1916 2026 1948 robore
2054 1919 2173 1958 populi,

1223 1965 1277 1991 aut
1318 1971 1375 2000 pro
1415 1960 1566 1991 universo
1608 1969 1754 1999 corpore:
1797 1960 1886 1991 cuius
1929 1960 2172 2000 significationis

1223 2003 1406 2043 exemplum
1431 2007 1519 2033 extat
1541 2002 1612 2033 Iud.
1637 2002 1685 2033 20.
1733 2001 1794 2033 Sed
1818 2001 1869 2031 hie
1892 2012 1948 2041 per
1971 2003 2103 2042 angulos
2126 2004 2175 2035 in-

1223 2045 1322 2077 dicari
1357 2045 1507 2076 videntur
1537 2045 1765 2082 extremitates,
1799 2044 1886 2074 velut
1916 2044 2011 2083 dicas,
2046 2046 2085 2077 ab
2118 2057 2175 2078 ex—

1222 2093 1323 2119 tremo
1346 2088 1385 2120 ad
1410 2093 1598 2119 extremum.
1643 2088 1695 2118 Ex
1725 2097 1786 2127 quo
1809 2093 1940 2126 apparet
1963 2092 2061 2119 totam
2085 2088 2175 2120 illam

1221 2131 1332 2172 populi
1356 2129 1594 2162 multitudinem
1619 2139 1681 2160 non
1707 2129 1798 2160 aliter
1821 2133 1960 2160 coactam
1985 2139 2021 2161 ac
2044 2131 2070 2162 si
2090 2142 2174 2163 unus

1223 2178 1279 2205 aut
1301 2173 1383 2204 alter
1413 2178 1538 2203 tantum
1572 2173 1664 2203 homo
1695 2172 1862 2202 adfuisset:
1895 2177 1924 2202 et
1955 2172 2039 2212 quod
2069 2175 2173 2214 magis

1222 2216 1412 2251 mirandum,
1448 2215 1530 2256 quod
1562 2215 1667 2245 nullus
1697 2214 1878 2254 obloquitur
1912 2219 1967 2245 aut
2000 2217 2174 2256 respondet

1222 2259 1323 2296 Sauli,
1358 2258 1413 2290 sed
1444 2257 1567 2298 placide
1598 2257 1777 2297 acquiescit,
1811 2256 1909 2288 donec
1943 2257 2071 2288 tandem
2102 2258 2173 2290 Deo

1221 2302 1405 2342 impellente
1434 2300 1648 2331 Ionathanum
1681 2299 1815 2339 populus
1844 2309 1861 2329 e
1891 2299 2030 2338 periculo
2060 2302 2173 2333 mortis

1221 2345 1326 2384 eripit.
1372 2344 1457 2375 Sane
1481 2342 1633 2382 quidquid
1656 2342 1707 2372 hic
1731 2342 1785 2372 fiat
1809 2342 1912 2372 omnis
1936 2342 2027 2373 huius
2051 2344 2172 2382 peccati

1221 2398 1323 2428 poena
1346 2388 1379 2417 in
1398 2386 1528 2417 Saulem
1553 2384 1681 2416 recidit:
1705 2394 1798 2424 quem
1818 2383 1908 2415 Deus
1930 2395 1969 2415 ex
1992 2391 2082 2425 parte
2106 2387 2174 2426 qui-

1222 2430 1292 2461 dem
1317 2430 1462 2466 honorat,
1492 2427 1546 2458 sed
1570 2427 1620 2458 cui
1644 2432 1749 2457 tamen
1781 2427 1811 2457 in
1843 2426 1980 2458 dedecus
2010 2438 2172 2460 summum

1221 2473 1318 2503 etiam
1342 2471 1445 2502 honor
1467 2471 1520 2501 ille
1543 2469 1688 2500 vertitur.
1735 2469 1962 2508 Deprehensus
1995 2480 2069 2501 vero
2093 2470 2175 2502 Saul

1222 2525 1294 2547 cum
1317 2514 1383 2545 filio
1402 2513 1591 2550 Ionathano,
1614 2517 1645 2542 et
1663 2511 1779 2551 populo
1799 2512 1940 2549 liberato,
1964 2512 2173 2545 nihilominus

1223 2558 1255 2588 in
1280 2557 1427 2587 instituto
1451 2556 1563 2595 pergit,
1593 2554 1762 2593 sortirique
1792 2555 1876 2585 inter
1905 2565 1938 2585 se
1959 2561 1991 2586 et-
2021 2555 2175 2587 Ionatha-

1225 2610 1301 2631 num
1325 2599 1426 2630 filium
1450 2598 1548 2629 iubet.
1593 2596 1665 2636 Qua
1689 2597 1721 2627 in
1752 2607 1786 2627 re
1815 2602 1947 2637 apparet
1978 2602 2177 2639 quantopere
