<?xml version="1.0" encoding="UTF-8"?>
<!DOCTYPE html PUBLIC "-//W3C//DTD XHTML 1.0 Transitional//EN"
    "http://www.w3.org/TR/xhtml1/DTD/xhtml1-transitional.dtd">
<html xmlns="http://www.w3.org/1999/xhtml" xml:lang="en" lang="en">
 <head>
  <title>
</title>
<meta http-equiv="Content-Type" content="text/html;charset=utf-8" />
  <meta name='ocr-system' content='tesseract 3.04.00' />
  <meta name='ocr-capabilities' content='ocr_page ocr_carea ocr_par ocr_line ocrx_word'/>
</head>
<body>
  <div class='ocr_page' id='page_1' title='image "./ioanniscalviniop30calv_0256.png"; bbox 0 0 2551 3044; ppageno 0'>
   <div class='ocr_carea' id='block_1_1' title="bbox 410 198 2402 243">
    <p class='ocr_par' dir='ltr' id='par_1_1' title="bbox 410 198 2402 243">
     <span class='ocr_line' id='line_1_1' title="bbox 410 198 2402 243; baseline -0.006 0"><span class='ocrx_word' id='word_1_1' title='bbox 410 213 469 243; x_wconf 69' lang='lat'><strong>491</strong></span> <span class='ocrx_word' id='word_1_2' title='bbox 1199 203 1402 236; x_wconf 71' lang='lat' dir='ltr'>HOMILIA</span> <span class='ocrx_word' id='word_1_3' title='bbox 1425 203 1621 236; x_wconf 79' lang='lat' dir='ltr'>LXXXVI.</span> <span class='ocrx_word' id='word_1_4' title='bbox 2338 198 2402 232; x_wconf 88' lang='grc'><strong>492</strong></span> 
     </span>
    </p>
   </div>
   <div class='ocr_carea' id='block_1_2' title="bbox 413 295 2400 347">
    <p class='ocr_par' dir='ltr' id='par_1_2' title="bbox 413 295 2400 347">
     <span class='ocr_line' id='line_1_2' title="bbox 413 295 2400 347; baseline -0.007 -9"><span class='ocrx_word' id='word_1_5' title='bbox 413 307 482 338; x_wconf 53' lang='lat' dir='ltr'><strong>dari</strong></span> <span class='ocrx_word' id='word_1_6' title='bbox 501 306 596 336; x_wconf 69' lang='lat' dir='ltr'><strong>mim:</strong></span> <span class='ocrx_word' id='word_1_7' title='bbox 623 304 692 335; x_wconf 70' lang='lat' dir='ltr'><strong>Xon</strong></span> <span class='ocrx_word' id='word_1_8' title='bbox 712 304 871 335; x_wconf 50' lang='lat' dir='ltr'><strong>alendam</strong></span> <span class='ocrx_word' id='word_1_9' title='bbox 891 313 1016 334; x_wconf 71' lang='lat' dir='ltr'><strong>”tanum</strong></span> <span class='ocrx_word' id='word_1_10' title='bbox 1040 311 1135 332; x_wconf 63' lang='lat' dir='ltr'><strong>nanum</strong></span> <span class='ocrx_word' id='word_1_11' title='bbox 1161 299 1379 332; x_wconf 77' lang='lat' dir='ltr'><strong>inDominum</strong></span> <span class='ocrx_word' id='word_1_12' title='bbox 1403 306 1406 347; x_wconf 47' lang='grc' dir='ltr'>ᾖ</span> <span class='ocrx_word' id='word_1_13' title='bbox 1433 307 1510 329; x_wconf 90' lang='lat' dir='ltr'><strong>vero</strong></span> <span class='ocrx_word' id='word_1_14' title='bbox 1530 303 1641 328; x_wconf 89' lang='lat' dir='ltr'><strong>contra</strong></span> <span class='ocrx_word' id='word_1_15' title='bbox 1662 296 1765 327; x_wconf 88' lang='lat' dir='ltr'><strong>modis</strong></span> <span class='ocrx_word' id='word_1_16' title='bbox 1789 295 1939 328; x_wconf 87' lang='lat' dir='ltr'><strong>omnibus</strong></span> <span class='ocrx_word' id='word_1_17' title='bbox 1962 295 2190 336; x_wconf 78' lang='lat' dir='ltr'><strong>quaerendam,</strong></span> <span class='ocrx_word' id='word_1_18' title='bbox 2213 295 2400 334; x_wconf 81' lang='lat' dir='ltr'><strong>animasque</strong></span> 
     </span>
    </p>
   </div>
   <div class='ocr_carea' id='block_1_3' title="bbox 408 342 1380 720">
    <p class='ocr_par' dir='ltr' id='par_1_3' title="bbox 408 342 1380 720">
     <span class='ocr_line' id='line_1_3' title="bbox 414 342 1378 386; baseline -0.007 -7"><span class='ocrx_word' id='word_1_19' title='bbox 414 358 520 386; x_wconf 70' lang='lat' dir='ltr'><strong>metam,</strong></span> <span class='ocrx_word' id='word_1_20' title='bbox 550 348 625 386; x_wconf 67' lang='lat' dir='ltr'><strong>quia</strong></span> <span class='ocrx_word' id='word_1_21' title='bbox 651 346 792 377; x_wconf 52' lang='lat' dir='ltr'><strong>Cla-&#39;atus</strong></span> <span class='ocrx_word' id='word_1_22' title='bbox 815 345 946 376; x_wconf 75' lang='lat' dir='ltr'><strong>Domini</strong></span> <span class='ocrx_word' id='word_1_23' title='bbox 976 348 1027 376; x_wconf 73' lang='lat' dir='ltr'><strong>est.</strong></span> <span class='ocrx_word' id='word_1_24' title='bbox 1075 344 1123 374; x_wconf 75' lang='lat'><strong>12.</strong></span> <span class='ocrx_word' id='word_1_25' title='bbox 1158 343 1240 382; x_wconf 79' lang='lat' dir='ltr'><strong>Quin</strong></span> <span class='ocrx_word' id='word_1_26' title='bbox 1265 342 1378 381; x_wconf 75' lang='lat' dir='ltr'><strong>potius,</strong></span> 
     </span>
     <span class='ocr_line' id='line_1_4' title="bbox 408 385 1380 430; baseline -0.006 -9"><span class='ocrx_word' id='word_1_27' title='bbox 408 393 499 430; x_wconf 72' lang='lat' dir='ltr'><strong>pater</strong></span> <span class='ocrx_word' id='word_1_28' title='bbox 530 390 582 429; x_wconf 85' lang='lat' dir='ltr'><strong>mi,</strong></span> <span class='ocrx_word' id='word_1_29' title='bbox 614 389 680 420; x_wconf 76' lang='lat' dir='ltr'><strong>vide</strong></span> <span class='ocrx_word' id='word_1_30' title='bbox 709 391 735 419; x_wconf 71' lang='lat' dir='ltr'><strong>ec</strong></span> <span class='ocrx_word' id='word_1_31' title='bbox 764 398 906 428; x_wconf 73' lang='lat' dir='ltr'><strong>cnynosce</strong></span> <span class='ocrx_word' id='word_1_32' title='bbox 935 398 1022 419; x_wconf 80' lang='lat' dir='ltr'><strong>oram</strong></span> <span class='ocrx_word' id='word_1_33' title='bbox 1048 386 1219 425; x_wconf 72' lang='lat' dir='ltr'><strong>chlamydi-s</strong></span> <span class='ocrx_word' id='word_1_34' title='bbox 1253 387 1324 416; x_wconf 77' lang='lat' dir='ltr'><strong>tuae</strong></span> <span class='ocrx_word' id='word_1_35' title='bbox 1347 385 1380 415; x_wconf 73' lang='lat' dir='ltr'><strong>in</strong></span> 
     </span>
     <span class='ocr_line' id='line_1_5' title="bbox 413 427 1380 471; baseline -0.006 -8"><span class='ocrx_word' id='word_1_36' title='bbox 413 443 507 463; x_wconf 81' lang='lat' dir='ltr'><strong>mauu</strong></span> <span class='ocrx_word' id='word_1_37' title='bbox 547 441 628 463; x_wconf 75' lang='lat' dir='ltr'><strong>ntea:</strong></span> <span class='ocrx_word' id='word_1_38' title='bbox 665 432 813 471; x_wconf 64' lang='lat' dir='ltr'><strong>quoniam</strong></span> <span class='ocrx_word' id='word_1_39' title='bbox 851 441 945 470; x_wconf 75' lang='lat' dir='ltr'><strong>quum</strong></span> <span class='ocrx_word' id='word_1_40' title='bbox 970 429 1224 470; x_wconf 71' lang='lat' dir='ltr'><strong><em>praescinderem</em></strong></span> <span class='ocrx_word' id='word_1_41' title='bbox 1253 427 1380 458; x_wconf 78' lang='lat' dir='ltr'><strong>summi-</strong></span> 
     </span>
     <span class='ocr_line' id='line_1_6' title="bbox 413 473 1380 514; baseline -0.006 -8"><span class='ocrx_word' id='word_1_42' title='bbox 413 478 503 506; x_wconf 74' lang='lat' dir='ltr'><strong>tatem</strong></span> <span class='ocrx_word' id='word_1_43' title='bbox 532 475 704 514; x_wconf 76' lang='lat' dir='ltr'><em>chlamydis</em></span> <span class='ocrx_word' id='word_1_44' title='bbox 734 477 813 508; x_wconf 77' lang='lat' dir='ltr'><strong>tuac.</strong></span> <span class='ocrx_word' id='word_1_45' title='bbox 845 473 930 504; x_wconf 78' lang='lat' dir='ltr'><strong>nolui</strong></span> <span class='ocrx_word' id='word_1_46' title='bbox 952 473 1110 504; x_wconf 61' lang='lat' dir='ltr'><strong>extciulerc</strong></span> <span class='ocrx_word' id='word_1_47' title='bbox 1133 480 1260 502; x_wconf 69' lang='lat' dir='ltr'><strong>mianum</strong></span> <span class='ocrx_word' id='word_1_48' title='bbox 1282 480 1380 501; x_wconf 80' lang='lat' dir='ltr'><strong>meam</strong></span> 
     </span>
     <span class='ocr_line' id='line_1_7' title="bbox 416 514 1380 555; baseline -0.006 -7"><span class='ocrx_word' id='word_1_49' title='bbox 416 519 447 549; x_wconf 78' lang='lat' dir='ltr'><strong>in</strong></span> <span class='ocrx_word' id='word_1_50' title='bbox 471 522 513 548; x_wconf 73' lang='lat' dir='ltr'><strong>lc:</strong></span> <span class='ocrx_word' id='word_1_51' title='bbox 538 517 749 548; x_wconf 72' lang='lat' dir='ltr'><strong>animadverte</strong></span> <span class='ocrx_word' id='word_1_52' title='bbox 772 519 798 547; x_wconf 78' lang='lat' dir='ltr'><strong>e!</strong></span> <span class='ocrx_word' id='word_1_53' title='bbox 822 516 889 547; x_wconf 71' lang='lat' dir='ltr'><strong>vide</strong></span> <span class='ocrx_word' id='word_1_54' title='bbox 911 517 1057 555; x_wconf 79' lang='lat' dir='ltr'><strong>quoniam</strong></span> <span class='ocrx_word' id='word_1_55' title='bbox 1080 525 1139 545; x_wconf 83' lang='lat' dir='ltr'><strong>non</strong></span> <span class='ocrx_word' id='word_1_56' title='bbox 1163 516 1208 545; x_wconf 78' lang='lat' dir='ltr'><strong>est</strong></span> <span class='ocrx_word' id='word_1_57' title='bbox 1231 514 1263 544; x_wconf 76' lang='lat' dir='ltr'><strong>in</strong></span> <span class='ocrx_word' id='word_1_58' title='bbox 1285 522 1380 543; x_wconf 72' lang='lat' dir='ltr'><strong>marm</strong></span> 
     </span>
     <span class='ocr_line' id='line_1_8' title="bbox 414 557 1380 598; baseline -0.006 -7"><span class='ocrx_word' id='word_1_59' title='bbox 414 571 481 591; x_wconf 74' lang='lat' dir='ltr'><strong>mea</strong></span> <span class='ocrx_word' id='word_1_60' title='bbox 504 560 630 597; x_wconf 76' lang='lat' dir='ltr'><strong>nmlwn,</strong></span> <span class='ocrx_word' id='word_1_61' title='bbox 661 570 754 598; x_wconf 62' lang='lat' dir='ltr'><strong>neque</strong></span> <span class='ocrx_word' id='word_1_62' title='bbox 779 559 939 598; x_wconf 76' lang='lat' dir='ltr'><strong>iniquitas,</strong></span> <span class='ocrx_word' id='word_1_63' title='bbox 971 568 1063 598; x_wconf 69' lang='lat' dir='ltr'><strong>neque</strong></span> <span class='ocrx_word' id='word_1_64' title='bbox 1080 557 1206 597; x_wconf 74' lang='lat' dir='ltr'><strong>peccavi</strong></span> <span class='ocrx_word' id='word_1_65' title='bbox 1227 557 1261 587; x_wconf 78' lang='lat' dir='ltr'><strong>in</strong></span> <span class='ocrx_word' id='word_1_66' title='bbox 1284 559 1325 586; x_wconf 81' lang='lat' dir='ltr'><strong>Ie:</strong></span> <span class='ocrx_word' id='word_1_67' title='bbox 1347 557 1380 585; x_wconf 74' lang='lat' dir='ltr'><strong>tu</strong></span> 
     </span>
     <span class='ocr_line' id='line_1_9' title="bbox 415 599 1378 638; baseline -0.006 -4"><span class='ocrx_word' id='word_1_68' title='bbox 415 606 519 634; x_wconf 72' lang='lat' dir='ltr'><strong>autem</strong></span> <span class='ocrx_word' id='word_1_69' title='bbox 561 603 727 633; x_wconf 66' lang='lat' dir='ltr'><strong>insidiaris</strong></span> <span class='ocrx_word' id='word_1_70' title='bbox 766 601 889 632; x_wconf 78' lang='lat' dir='ltr'><strong>animae</strong></span> <span class='ocrx_word' id='word_1_71' title='bbox 930 611 1012 631; x_wconf 78' lang='lat' dir='ltr'><strong>meac</strong></span> <span class='ocrx_word' id='word_1_72' title='bbox 1055 603 1088 631; x_wconf 76' lang='lat' dir='ltr'><strong>ul</strong></span> <span class='ocrx_word' id='word_1_73' title='bbox 1132 599 1258 638; x_wconf 81' lang='lat' dir='ltr'><strong><em>auferas</em></strong></span> <span class='ocrx_word' id='word_1_74' title='bbox 1301 608 1378 629; x_wconf 77' lang='lat' dir='ltr'><strong>earn.</strong></span> 
     </span>
     <span class='ocr_line' id='line_1_10' title="bbox 418 642 1380 681; baseline -0.007 -4"><span class='ocrx_word' id='word_1_75' title='bbox 418 646 465 677; x_wconf 87' lang='lat'><strong>13.</strong></span> <span class='ocrx_word' id='word_1_76' title='bbox 492 646 610 677; x_wconf 73' lang='lat' dir='ltr'><strong>Iudice!</strong></span> <span class='ocrx_word' id='word_1_77' title='bbox 632 644 791 676; x_wconf 76' lang='lat' dir='ltr'><em>Dominus</em></span> <span class='ocrx_word' id='word_1_78' title='bbox 821 645 901 675; x_wconf 76' lang='lat' dir='ltr'><strong>inler</strong></span> <span class='ocrx_word' id='word_1_79' title='bbox 924 654 969 674; x_wconf 84' lang='lat' dir='ltr'><strong>me</strong></span> <span class='ocrx_word' id='word_1_80' title='bbox 991 646 1017 674; x_wconf 77' lang='lat' dir='ltr'><strong>et</strong></span> <span class='ocrx_word' id='word_1_81' title='bbox 1039 646 1076 681; x_wconf 79' lang='lat' dir='ltr'><strong>te,</strong></span> <span class='ocrx_word' id='word_1_82' title='bbox 1099 645 1127 674; x_wconf 74' lang='lat' dir='ltr'><strong>et</strong></span> <span class='ocrx_word' id='word_1_83' title='bbox 1147 642 1313 673; x_wconf 77' lang='lat' dir='ltr'><strong>ulciscatur</strong></span> <span class='ocrx_word' id='word_1_84' title='bbox 1335 650 1380 670; x_wconf 85' lang='lat' dir='ltr'><strong>mc</strong></span> 
     </span>
     <span class='ocr_line' id='line_1_11' title="bbox 417 685 1303 720; baseline -0.007 0"><span class='ocrx_word' id='word_1_85' title='bbox 417 688 573 720; x_wconf 66' lang='lat' dir='ltr'><strong>Dominus·</strong></span> <span class='ocrx_word' id='word_1_86' title='bbox 596 698 634 718; x_wconf 64' lang='lat' dir='ltr'><strong>cx</strong></span> <span class='ocrx_word' id='word_1_87' title='bbox 656 690 699 719; x_wconf 82' lang='lat' dir='ltr'><strong>te:</strong></span> <span class='ocrx_word' id='word_1_88' title='bbox 719 696 832 718; x_wconf 69' lang='lat' dir='ltr'><strong>„tanus</strong></span> <span class='ocrx_word' id='word_1_89' title='bbox 855 689 955 718; x_wconf 78' lang='lat' dir='ltr'><strong>autem</strong></span> <span class='ocrx_word' id='word_1_90' title='bbox 979 695 1046 717; x_wconf 84' lang='lat' dir='ltr'><strong>mea</strong></span> <span class='ocrx_word' id='word_1_91' title='bbox 1069 695 1129 717; x_wconf 82' lang='lat' dir='ltr'><strong>non</strong></span> <span class='ocrx_word' id='word_1_92' title='bbox 1151 685 1192 716; x_wconf 79' lang='lat' dir='ltr'><strong>sit</strong></span> <span class='ocrx_word' id='word_1_93' title='bbox 1215 685 1245 716; x_wconf 81' lang='lat' dir='ltr'><strong>in</strong></span> <span class='ocrx_word' id='word_1_94' title='bbox 1269 687 1303 714; x_wconf 76' lang='lat' dir='ltr'><strong>te.</strong></span> 
     </span>
    </p>
   </div>
   <div class='ocr_carea' id='block_1_4' title="bbox 415 769 1381 900">
    <p class='ocr_par' dir='ltr' id='par_1_4' title="bbox 415 769 1381 900">
     <span class='ocr_line' id='line_1_12' title="bbox 501 769 1381 805; baseline -0.006 -1"><span class='ocrx_word' id='word_1_95' title='bbox 501 773 665 805; x_wconf 82' lang='lat' dir='ltr'><strong>Hesterna</strong></span> <span class='ocrx_word' id='word_1_96' title='bbox 691 773 844 804; x_wconf 78' lang='lat' dir='ltr'>concione</span> <span class='ocrx_word' id='word_1_97' title='bbox 868 771 1038 803; x_wconf 78' lang='lat' dir='ltr'><strong>didicimus</strong></span> <span class='ocrx_word' id='word_1_98' title='bbox 1057 781 1120 802; x_wconf 92' lang='lat' dir='ltr'><strong>nou</strong></span> <span class='ocrx_word' id='word_1_99' title='bbox 1139 769 1288 802; x_wconf 86' lang='lat' dir='ltr'><strong>sufficere</strong></span> <span class='ocrx_word' id='word_1_100' title='bbox 1311 769 1338 800; x_wconf 91' lang='lat' dir='ltr'><strong>si</strong></span> <span class='ocrx_word' id='word_1_101' title='bbox 1363 779 1381 798; x_wconf 87' lang='lat' dir='ltr'><strong>a</strong></span> 
     </span>
     <span class='ocr_line' id='line_1_13' title="bbox 416 811 1379 852; baseline -0.005 -5"><span class='ocrx_word' id='word_1_102' title='bbox 416 816 500 848; x_wconf 86' lang='lat' dir='ltr'><strong>malo</strong></span> <span class='ocrx_word' id='word_1_103' title='bbox 531 815 768 852; x_wconf 83' lang='lat' dir='ltr'><strong>abstineamus;</strong></span> <span class='ocrx_word' id='word_1_104' title='bbox 798 814 854 846; x_wconf 89' lang='lat' dir='ltr'><strong>sed</strong></span> <span class='ocrx_word' id='word_1_105' title='bbox 884 815 983 846; x_wconf 85' lang='lat' dir='ltr'><strong>etiam</strong></span> <span class='ocrx_word' id='word_1_106' title='bbox 1011 824 1139 845; x_wconf 91' lang='lat' dir='ltr'><strong>omnem</strong></span> <span class='ocrx_word' id='word_1_107' title='bbox 1163 811 1379 843; x_wconf 81' lang='lat' dir='ltr'><strong>adhibendam</strong></span> 
     </span>
     <span class='ocr_line' id='line_1_14' title="bbox 415 856 1379 900; baseline -0.006 -10"><span class='ocrx_word' id='word_1_108' title='bbox 415 869 546 900; x_wconf 89' lang='lat' dir='ltr'><strong>operam</strong></span> <span class='ocrx_word' id='word_1_109' title='bbox 580 865 610 889; x_wconf 83' lang='lat' dir='ltr'><strong>et</strong></span> <span class='ocrx_word' id='word_1_110' title='bbox 645 857 845 899; x_wconf 87' lang='lat' dir='ltr'><strong>diligentiam</strong></span> <span class='ocrx_word' id='word_1_111' title='bbox 882 863 918 888; x_wconf 87' lang='lat' dir='ltr'><strong>ut</strong></span> <span class='ocrx_word' id='word_1_112' title='bbox 952 856 1097 888; x_wconf 87' lang='lat' dir='ltr'><strong>labentes</strong></span> <span class='ocrx_word' id='word_1_113' title='bbox 1133 856 1315 896; x_wconf 86' lang='lat' dir='ltr'><strong>erigamus,</strong></span> <span class='ocrx_word' id='word_1_114' title='bbox 1349 861 1379 884; x_wconf 89' lang='lat' dir='ltr'><strong>et</strong></span> 
     </span>
    </p>
   </div>
   <div class='ocr_carea' id='block_1_5' title="bbox 417 898 1409 943">
    <p class='ocr_par' dir='ltr' id='par_1_5' title="bbox 417 898 1409 943">
     <span class='ocr_line' id='line_1_15' title="bbox 417 898 1409 943; baseline -0.008 -10"><span class='ocrx_word' id='word_1_115' title='bbox 417 912 518 943; x_wconf 87' lang='lat' dir='ltr'><strong>prava</strong></span> <span class='ocrx_word' id='word_1_116' title='bbox 551 900 682 932; x_wconf 87' lang='lat' dir='ltr'><strong>consilia</strong></span> <span class='ocrx_word' id='word_1_117' title='bbox 713 900 873 941; x_wconf 77' lang='lat' dir='ltr'><strong>agitantes</strong></span> <span class='ocrx_word' id='word_1_118' title='bbox 904 910 961 940; x_wconf 89' lang='lat' dir='ltr'><strong>pro</strong></span> <span class='ocrx_word' id='word_1_119' title='bbox 1001 900 1122 930; x_wconf 85' lang='lat' dir='ltr'><strong>viribus</strong></span> <span class='ocrx_word' id='word_1_120' title='bbox 1152 898 1380 938; x_wconf 88' lang='lat' dir='ltr'><strong>impediamus:</strong></span> <span class='ocrx_word' id='word_1_121' title='bbox 1407 905 1409 924; x_wconf 67' lang='lat' dir='ltr'><strong><em>z</em></strong></span> 
     </span>
    </p>
   </div>
   <div class='ocr_carea' id='block_1_6' title="bbox 417 941 1382 1068">
    <p class='ocr_par' dir='ltr' id='par_1_6' title="bbox 417 941 1382 1068">
     <span class='ocr_line' id='line_1_16' title="bbox 418 941 1382 984; baseline -0.006 -9"><span class='ocrx_word' id='word_1_122' title='bbox 418 945 501 976; x_wconf 90' lang='lat' dir='ltr'><strong>etin</strong></span> <span class='ocrx_word' id='word_1_123' title='bbox 522 944 634 984; x_wconf 88' lang='lat' dir='ltr'><strong>primis</strong></span> <span class='ocrx_word' id='word_1_124' title='bbox 658 954 698 974; x_wconf 92' lang='lat' dir='ltr'><strong>ne</strong></span> <span class='ocrx_word' id='word_1_125' title='bbox 719 953 778 974; x_wconf 87' lang='lat' dir='ltr'><strong>nos</strong></span> <span class='ocrx_word' id='word_1_126' title='bbox 810 943 885 974; x_wconf 83' lang='lat' dir='ltr'><strong>ullis</strong></span> <span class='ocrx_word' id='word_1_127' title='bbox 917 942 1094 975; x_wconf 87' lang='lat' dir='ltr'><strong>rationibus</strong></span> <span class='ocrx_word' id='word_1_128' title='bbox 1127 941 1296 972; x_wconf 81' lang='lat' dir='ltr'><strong>verborum</strong></span> <span class='ocrx_word' id='word_1_129' title='bbox 1329 950 1382 969; x_wconf 84' lang='lat' dir='ltr'><strong>ve·</strong></span> 
     </span>
     <span class='ocr_line' id='line_1_17' title="bbox 418 982 1382 1023; baseline -0.006 -5"><span class='ocrx_word' id='word_1_130' title='bbox 418 987 584 1019; x_wconf 78' lang='lat' dir='ltr'><strong>lenociniis</strong></span> <span class='ocrx_word' id='word_1_131' title='bbox 613 997 631 1017; x_wconf 89' lang='lat' dir='ltr'><strong>a</strong></span> <span class='ocrx_word' id='word_1_132' title='bbox 662 993 749 1018; x_wconf 86' lang='lat' dir='ltr'><strong>recta</strong></span> <span class='ocrx_word' id='word_1_133' title='bbox 773 987 825 1017; x_wconf 88' lang='lat' dir='ltr'><strong>via</strong></span> <span class='ocrx_word' id='word_1_134' title='bbox 847 985 975 1023; x_wconf 89' lang='lat' dir='ltr'><strong>deduci,</strong></span> <span class='ocrx_word' id='word_1_135' title='bbox 1004 992 1059 1016; x_wconf 86' lang='lat' dir='ltr'><strong>aut</strong></span> <span class='ocrx_word' id='word_1_136' title='bbox 1082 983 1121 1014; x_wconf 81' lang='lat' dir='ltr'><strong>ad</strong></span> <span class='ocrx_word' id='word_1_137' title='bbox 1145 984 1265 1014; x_wconf 88' lang='lat' dir='ltr'><strong>malum</strong></span> <span class='ocrx_word' id='word_1_138' title='bbox 1298 982 1382 1013; x_wconf 85' lang='lat' dir='ltr'><strong>trahi</strong></span> 
     </span>
     <span class='ocr_line' id='line_1_18' title="bbox 417 1024 1382 1068; baseline -0.006 -7"><span class='ocrx_word' id='word_1_139' title='bbox 417 1031 571 1062; x_wconf 88' lang='lat' dir='ltr'><strong>sinamus.</strong></span> <span class='ocrx_word' id='word_1_140' title='bbox 595 1028 688 1060; x_wconf 81' lang='lat' dir='ltr'>Istud</span> <span class='ocrx_word' id='word_1_141' title='bbox 708 1033 816 1060; x_wconf 88' lang='lat' dir='ltr'><strong>autem</strong></span> <span class='ocrx_word' id='word_1_142' title='bbox 835 1028 984 1068; x_wconf 83' lang='lat' dir='ltr'><strong>exemplo</strong></span> <span class='ocrx_word' id='word_1_143' title='bbox 997 1026 1133 1058; x_wconf 83' lang='lat' dir='ltr'><strong>Davidis</strong></span> <span class='ocrx_word' id='word_1_144' title='bbox 1152 1024 1382 1058; x_wconf 87' lang='lat' dir='ltr'><strong>addiscendum</strong></span> 
     </span>
    </p>
   </div>
   <div class='ocr_carea' id='block_1_7' title="bbox 418 1068 1411 1112">
    <p class='ocr_par' dir='ltr' id='par_1_7' title="bbox 418 1068 1411 1112">
     <span class='ocr_line' id='line_1_19' title="bbox 418 1068 1411 1112; baseline -0.007 -8"><span class='ocrx_word' id='word_1_145' title='bbox 418 1073 618 1109; x_wconf 86' lang='lat' dir='ltr'><strong>monuimus,</strong></span> <span class='ocrx_word' id='word_1_146' title='bbox 661 1072 716 1112; x_wconf 92' lang='lat' dir='ltr'><strong>qui</strong></span> <span class='ocrx_word' id='word_1_147' title='bbox 750 1082 814 1103; x_wconf 92' lang='lat' dir='ltr'><strong>non</strong></span> <span class='ocrx_word' id='word_1_148' title='bbox 847 1070 943 1102; x_wconf 90' lang='lat' dir='ltr'><strong>modo</strong></span> <span class='ocrx_word' id='word_1_149' title='bbox 977 1081 1093 1101; x_wconf 88' lang='lat' dir='ltr'><strong>manus</strong></span> <span class='ocrx_word' id='word_1_150' title='bbox 1127 1080 1145 1100; x_wconf 89' lang='lat' dir='ltr'><strong>a</strong></span> <span class='ocrx_word' id='word_1_151' title='bbox 1179 1068 1258 1100; x_wconf 84' lang='lat' dir='ltr'><strong>Saul</strong></span> <span class='ocrx_word' id='word_1_152' title='bbox 1294 1068 1411 1098; x_wconf 66' lang='lat' dir='ltr'><strong>hoste*</strong></span> 
     </span>
    </p>
   </div>
   <div class='ocr_carea' id='block_1_8' title="bbox 418 1112 1388 1498">
    <p class='ocr_par' dir='ltr' id='par_1_8' title="bbox 418 1112 1388 1498">
     <span class='ocr_line' id='line_1_20' title="bbox 418 1112 1385 1147; baseline -0.006 0"><span class='ocrx_word' id='word_1_153' title='bbox 418 1115 493 1147; x_wconf 89' lang='lat' dir='ltr'><strong>licet</strong></span> <span class='ocrx_word' id='word_1_154' title='bbox 517 1114 726 1146; x_wconf 84' lang='lat' dir='ltr'><strong>infestissimo</strong></span> <span class='ocrx_word' id='word_1_155' title='bbox 749 1114 922 1145; x_wconf 80' lang='lat' dir='ltr'><strong>abstinuit:</strong></span> <span class='ocrx_word' id='word_1_156' title='bbox 946 1112 1001 1145; x_wconf 90' lang='lat' dir='ltr'><strong>sed</strong></span> <span class='ocrx_word' id='word_1_157' title='bbox 1025 1123 1154 1144; x_wconf 88' lang='lat' dir='ltr'><strong>suorum</strong></span> <span class='ocrx_word' id='word_1_158' title='bbox 1179 1112 1275 1142; x_wconf 86' lang='lat' dir='ltr'><strong>ctiam</strong></span> <span class='ocrx_word' id='word_1_159' title='bbox 1299 1120 1385 1142; x_wconf 85' lang='lat' dir='ltr'><strong>com-</strong></span> 
     </span>
     <span class='ocr_line' id='line_1_21' title="bbox 420 1153 1385 1197; baseline -0.007 -8"><span class='ocrx_word' id='word_1_160' title='bbox 420 1158 605 1190; x_wconf 87' lang='lat' dir='ltr'><strong>militonum</strong></span> <span class='ocrx_word' id='word_1_161' title='bbox 619 1157 744 1188; x_wconf 88' lang='lat' dir='ltr'><strong>animos</strong></span> <span class='ocrx_word' id='word_1_162' title='bbox 755 1157 889 1197; x_wconf 72' lang='lat' dir='ltr'><strong>fregisse</strong></span> <span class='ocrx_word' id='word_1_163' title='bbox 902 1156 1028 1192; x_wconf 80' lang='lat' dir='ltr'><strong>dicitury</strong></span> <span class='ocrx_word' id='word_1_164' title='bbox 1042 1155 1097 1195; x_wconf 91' lang='lat' dir='ltr'><strong>qui</strong></span> <span class='ocrx_word' id='word_1_165' title='bbox 1111 1160 1219 1186; x_wconf 87' lang='lat' dir='ltr'><strong>tamen</strong></span> <span class='ocrx_word' id='word_1_166' title='bbox 1232 1153 1385 1194; x_wconf 80' lang='lat' dir='ltr'><strong>speciosis</strong></span> 
     </span>
     <span class='ocr_line' id='line_1_22' title="bbox 421 1194 1385 1238; baseline -0.007 -6"><span class='ocrx_word' id='word_1_167' title='bbox 421 1201 481 1233; x_wconf 89' lang='lat' dir='ltr'><strong>niti</strong></span> <span class='ocrx_word' id='word_1_168' title='bbox 512 1200 692 1232; x_wconf 88' lang='lat' dir='ltr'><strong>rationibus</strong></span> <span class='ocrx_word' id='word_1_169' title='bbox 719 1198 922 1236; x_wconf 87' lang='lat' dir='ltr'><strong>videbantur,</strong></span> <span class='ocrx_word' id='word_1_170' title='bbox 951 1206 982 1229; x_wconf 87' lang='lat' dir='ltr'><strong>et</strong></span> <span class='ocrx_word' id='word_1_171' title='bbox 1006 1207 1201 1238; x_wconf 83' lang='lat' dir='ltr'><strong>magnopere</strong></span> <span class='ocrx_word' id='word_1_172' title='bbox 1226 1194 1385 1226; x_wconf 77' lang='lat' dir='ltr'><strong>Davidem</strong></span> 
     </span>
     <span class='ocr_line' id='line_1_23' title="bbox 421 1239 1385 1276; baseline -0.008 0"><span class='ocrx_word' id='word_1_173' title='bbox 421 1243 641 1276; x_wconf 81' lang='lat' dir='ltr'><strong>stimulabant.</strong></span> <span class='ocrx_word' id='word_1_174' title='bbox 668 1242 751 1274; x_wconf 85' lang='lat' dir='ltr'><strong>Nam</strong></span> <span class='ocrx_word' id='word_1_175' title='bbox 773 1242 901 1274; x_wconf 80' lang='lat' dir='ltr'><strong>aiebant</strong></span> <span class='ocrx_word' id='word_1_176' title='bbox 914 1240 1046 1273; x_wconf 84' lang='lat' dir='ltr'><strong>Saulem</strong></span> <span class='ocrx_word' id='word_1_177' title='bbox 1067 1241 1101 1271; x_wconf 91' lang='lat' dir='ltr'><strong>in</strong></span> <span class='ocrx_word' id='word_1_178' title='bbox 1114 1239 1250 1270; x_wconf 82' lang='lat' dir='ltr'><strong>Davidis</strong></span> <span class='ocrx_word' id='word_1_179' title='bbox 1270 1248 1385 1269; x_wconf 87' lang='lat' dir='ltr'><strong>manus</strong></span> 
     </span>
     <span class='ocr_line' id='line_1_24' title="bbox 421 1283 1386 1326; baseline -0.007 -8"><span class='ocrx_word' id='word_1_180' title='bbox 421 1286 532 1318; x_wconf 81' lang='lat' dir='ltr'><strong>divina</strong></span> <span class='ocrx_word' id='word_1_181' title='bbox 561 1284 765 1326; x_wconf 88' lang='lat' dir='ltr'><strong>providentia</strong></span> <span class='ocrx_word' id='word_1_182' title='bbox 789 1284 952 1316; x_wconf 80' lang='lat' dir='ltr'><strong>incidisse:</strong></span> <span class='ocrx_word' id='word_1_183' title='bbox 983 1290 1110 1323; x_wconf 89' lang='lat' dir='ltr'><strong>tempus</strong></span> <span class='ocrx_word' id='word_1_184' title='bbox 1133 1283 1300 1313; x_wconf 87' lang='lat' dir='ltr'><strong>advenisse</strong></span> <span class='ocrx_word' id='word_1_185' title='bbox 1323 1291 1386 1320; x_wconf 91' lang='lat' dir='ltr'><strong>quo</strong></span> 
     </span>
     <span class='ocr_line' id='line_1_25' title="bbox 421 1325 1385 1362; baseline -0.007 -1"><span class='ocrx_word' id='word_1_186' title='bbox 421 1328 521 1362; x_wconf 89' lang='lat' dir='ltr'><strong>semel</strong></span> <span class='ocrx_word' id='word_1_187' title='bbox 551 1339 592 1359; x_wconf 78' lang='lat' dir='ltr'><strong>ex</strong></span> <span class='ocrx_word' id='word_1_188' title='bbox 615 1333 662 1359; x_wconf 88' lang='lat' dir='ltr'><strong>tot</strong></span> <span class='ocrx_word' id='word_1_189' title='bbox 684 1328 822 1359; x_wconf 88' lang='lat' dir='ltr'><strong>miseriis</strong></span> <span class='ocrx_word' id='word_1_190' title='bbox 845 1334 875 1358; x_wconf 89' lang='lat' dir='ltr'><strong>et</strong></span> <span class='ocrx_word' id='word_1_191' title='bbox 899 1326 1133 1358; x_wconf 83' lang='lat' dir='ltr'><strong>calamitatibus</strong></span> <span class='ocrx_word' id='word_1_192' title='bbox 1155 1325 1385 1356; x_wconf 86' lang='lat' dir='ltr'><strong>liberarentur:</strong></span> 
     </span>
     <span class='ocr_line' id='line_1_26' title="bbox 423 1366 1387 1412; baseline -0.006 -9"><span class='ocrx_word' id='word_1_193' title='bbox 423 1371 562 1412; x_wconf 86' lang='lat' dir='ltr'><strong>denique</strong></span> <span class='ocrx_word' id='word_1_194' title='bbox 592 1370 702 1401; x_wconf 87' lang='lat' dir='ltr'><strong>Deum</strong></span> <span class='ocrx_word' id='word_1_195' title='bbox 736 1370 833 1402; x_wconf 88' lang='lat' dir='ltr'><strong>finem</strong></span> <span class='ocrx_word' id='word_1_196' title='bbox 867 1370 1024 1401; x_wconf 88' lang='lat' dir='ltr'><strong>malorum</strong></span> <span class='ocrx_word' id='word_1_197' title='bbox 1056 1368 1155 1400; x_wconf 82' lang='lat' dir='ltr'><strong>Saule</strong></span> <span class='ocrx_word' id='word_1_198' title='bbox 1189 1378 1281 1399; x_wconf 85' lang='lat' dir='ltr'><strong>caeso</strong></span> <span class='ocrx_word' id='word_1_199' title='bbox 1311 1366 1387 1406; x_wconf 83' lang='lat' dir='ltr'><strong>ipsis</strong></span> 
     </span>
     <span class='ocr_line' id='line_1_27' title="bbox 423 1409 1387 1456; baseline -0.007 -10"><span class='ocrx_word' id='word_1_200' title='bbox 423 1424 611 1456; x_wconf 83' lang='lat' dir='ltr'><strong>proponere.</strong></span> <span class='ocrx_word' id='word_1_201' title='bbox 665 1412 729 1444; x_wconf 85' lang='lat' dir='ltr'><strong>Sed</strong></span> <span class='ocrx_word' id='word_1_202' title='bbox 765 1413 834 1444; x_wconf 85' lang='lat' dir='ltr'><strong>istis</strong></span> <span class='ocrx_word' id='word_1_203' title='bbox 869 1422 931 1443; x_wconf 90' lang='lat' dir='ltr'><strong>uon</strong></span> <span class='ocrx_word' id='word_1_204' title='bbox 967 1411 1060 1443; x_wconf 88' lang='lat' dir='ltr'><strong>modo</strong></span> <span class='ocrx_word' id='word_1_205' title='bbox 1094 1421 1159 1442; x_wconf 89' lang='lat' dir='ltr'><strong>non</strong></span> <span class='ocrx_word' id='word_1_206' title='bbox 1193 1409 1387 1442; x_wconf 76' lang='lat' dir='ltr'><strong>commoveri</strong></span> 
     </span>
     <span class='ocr_line' id='line_1_28' title="bbox 423 1453 1388 1498; baseline -0.007 -10"><span class='ocrx_word' id='word_1_207' title='bbox 423 1456 527 1498; x_wconf 87' lang='lat' dir='ltr'><strong>potuit</strong></span> <span class='ocrx_word' id='word_1_208' title='bbox 550 1456 589 1487; x_wconf 84' lang='lat' dir='ltr'><strong>ad</strong></span> <span class='ocrx_word' id='word_1_209' title='bbox 613 1455 673 1496; x_wconf 83' lang='lat' dir='ltr'><strong>ipsi</strong></span> <span class='ocrx_word' id='word_1_210' title='bbox 698 1466 813 1486; x_wconf 89' lang='lat' dir='ltr'><strong>manus</strong></span> <span class='ocrx_word' id='word_1_211' title='bbox 836 1454 1028 1492; x_wconf 85' lang='lat' dir='ltr'><strong>inferendas,</strong></span> <span class='ocrx_word' id='word_1_212' title='bbox 1053 1453 1108 1485; x_wconf 90' lang='lat' dir='ltr'><strong>sed</strong></span> <span class='ocrx_word' id='word_1_213' title='bbox 1132 1458 1245 1484; x_wconf 75' lang='lat' dir='ltr'><strong>contra</strong></span> <span class='ocrx_word' id='word_1_214' title='bbox 1263 1453 1388 1483; x_wconf 87' lang='lat' dir='ltr'><strong>fortiter</strong></span> 
     </span>
    </p>
   </div>
   <div class='ocr_carea' id='block_1_9' title="bbox 424 1493 1416 1538">
    <p class='ocr_par' dir='ltr' id='par_1_9' title="bbox 424 1493 1416 1538">
     <span class='ocr_line' id='line_1_29' title="bbox 424 1493 1416 1538; baseline -0.008 -6"><span class='ocrx_word' id='word_1_215' title='bbox 424 1499 554 1536; x_wconf 84' lang='lat' dir='ltr'><strong>restitit,</strong></span> <span class='ocrx_word' id='word_1_216' title='bbox 578 1505 609 1530; x_wconf 91' lang='lat' dir='ltr'><strong>et</strong></span> <span class='ocrx_word' id='word_1_217' title='bbox 628 1497 762 1530; x_wconf 72' lang='lat' dir='ltr'><strong>consilia</strong></span> <span class='ocrx_word' id='word_1_218' title='bbox 779 1498 923 1538; x_wconf 88' lang='lat' dir='ltr'><strong>ipsorum</strong></span> <span class='ocrx_word' id='word_1_219' title='bbox 942 1504 973 1529; x_wconf 88' lang='lat' dir='ltr'><strong>et</strong></span> <span class='ocrx_word' id='word_1_220' title='bbox 991 1497 1112 1528; x_wconf 86' lang='lat' dir='ltr'><strong>animos</strong></span> <span class='ocrx_word' id='word_1_221' title='bbox 1135 1496 1222 1527; x_wconf 85' lang='lat' dir='ltr'><strong>sanis</strong></span> <span class='ocrx_word' id='word_1_222' title='bbox 1245 1495 1388 1526; x_wconf 87' lang='lat' dir='ltr'><strong>admoni-</strong></span> <span class='ocrx_word' id='word_1_223' title='bbox 1414 1493 1416 1502; x_wconf 78' lang='lat'><em>&#39;</em></span> 
     </span>
    </p>
   </div>
   <div class='ocr_carea' id='block_1_10' title="bbox 425 1537 1393 1964">
    <p class='ocr_par' dir='ltr' id='par_1_10' title="bbox 425 1537 1393 1964">
     <span class='ocr_line' id='line_1_30' title="bbox 426 1537 1388 1578; baseline -0.006 -4"><span class='ocrx_word' id='word_1_224' title='bbox 426 1541 568 1574; x_wconf 86' lang='lat' dir='ltr'><strong>tionibus</strong></span> <span class='ocrx_word' id='word_1_225' title='bbox 598 1545 630 1573; x_wconf 88' lang='lat' dir='ltr'><strong>et</strong></span> <span class='ocrx_word' id='word_1_226' title='bbox 659 1540 934 1572; x_wconf 84' lang='lat' dir='ltr'><strong>cohortationibus</strong></span> <span class='ocrx_word' id='word_1_227' title='bbox 964 1539 1068 1578; x_wconf 84' lang='lat' dir='ltr'><strong>fregit.</strong></span> <span class='ocrx_word' id='word_1_228' title='bbox 1114 1539 1165 1570; x_wconf 83' lang='lat' dir='ltr'><strong>Ex</strong></span> <span class='ocrx_word' id='word_1_229' title='bbox 1197 1537 1311 1578; x_wconf 88' lang='lat' dir='ltr'><strong>quibus</strong></span> <span class='ocrx_word' id='word_1_230' title='bbox 1334 1548 1388 1577; x_wconf 90' lang='lat' dir='ltr'><strong>ap-</strong></span> 
     </span>
     <span class='ocr_line' id='line_1_31' title="bbox 426 1580 1388 1626; baseline -0.006 -10"><span class='ocrx_word' id='word_1_231' title='bbox 426 1590 515 1626; x_wconf 87' lang='lat' dir='ltr'><strong>paret</strong></span> <span class='ocrx_word' id='word_1_232' title='bbox 535 1583 676 1615; x_wconf 90' lang='lat' dir='ltr'><strong>fidelium</strong></span> <span class='ocrx_word' id='word_1_233' title='bbox 690 1583 751 1614; x_wconf 86' lang='lat' dir='ltr'><strong>Dei</strong></span> <span class='ocrx_word' id='word_1_234' title='bbox 771 1592 938 1614; x_wconf 87' lang='lat' dir='ltr'><strong>servorum</strong></span> <span class='ocrx_word' id='word_1_235' title='bbox 959 1582 1098 1614; x_wconf 88' lang='lat' dir='ltr'><strong>officium</strong></span> <span class='ocrx_word' id='word_1_236' title='bbox 1118 1592 1187 1613; x_wconf 88' lang='lat' dir='ltr'><strong>esse</strong></span> <span class='ocrx_word' id='word_1_237' title='bbox 1206 1592 1270 1612; x_wconf 90' lang='lat' dir='ltr'><strong>non</strong></span> <span class='ocrx_word' id='word_1_238' title='bbox 1294 1580 1388 1611; x_wconf 92' lang='lat' dir='ltr'><strong>modo</strong></span> 
     </span>
     <span class='ocr_line' id='line_1_32' title="bbox 425 1623 1388 1668; baseline -0.006 -10"><span class='ocrx_word' id='word_1_239' title='bbox 425 1637 523 1668; x_wconf 90' lang='lat' dir='ltr'><strong>puras</strong></span> <span class='ocrx_word' id='word_1_240' title='bbox 546 1637 565 1658; x_wconf 90' lang='lat' dir='ltr'><strong>a</strong></span> <span class='ocrx_word' id='word_1_241' title='bbox 587 1626 706 1658; x_wconf 87' lang='lat' dir='ltr'><strong>scelere</strong></span> <span class='ocrx_word' id='word_1_242' title='bbox 730 1636 846 1657; x_wconf 86' lang='lat' dir='ltr'><strong>manus</strong></span> <span class='ocrx_word' id='word_1_243' title='bbox 870 1624 998 1662; x_wconf 87' lang='lat' dir='ltr'><strong>habere,</strong></span> <span class='ocrx_word' id='word_1_244' title='bbox 1022 1624 1077 1656; x_wconf 89' lang='lat' dir='ltr'><strong>sed</strong></span> <span class='ocrx_word' id='word_1_245' title='bbox 1102 1625 1200 1655; x_wconf 88' lang='lat' dir='ltr'><strong>etiam</strong></span> <span class='ocrx_word' id='word_1_246' title='bbox 1223 1623 1308 1654; x_wconf 84' lang='lat' dir='ltr'><strong>malo</strong></span> <span class='ocrx_word' id='word_1_247' title='bbox 1332 1633 1388 1662; x_wconf 84' lang='lat' dir='ltr'><strong>pro</strong></span> 
     </span>
     <span class='ocr_line' id='line_1_33' title="bbox 427 1666 1389 1702; baseline -0.005 -1"><span class='ocrx_word' id='word_1_248' title='bbox 427 1670 550 1702; x_wconf 80' lang='lat' dir='ltr'><strong>viribus</strong></span> <span class='ocrx_word' id='word_1_249' title='bbox 573 1669 732 1700; x_wconf 82' lang='lat' dir='ltr'><strong>resistere.</strong></span> <span class='ocrx_word' id='word_1_250' title='bbox 778 1668 1045 1700; x_wconf 82' lang='lat' dir='ltr'><strong>circumstantias</strong></span> <span class='ocrx_word' id='word_1_251' title='bbox 1067 1674 1174 1698; x_wconf 88' lang='lat' dir='ltr'><strong>autem</strong></span> <span class='ocrx_word' id='word_1_252' title='bbox 1199 1666 1294 1698; x_wconf 91' lang='lat' dir='ltr'><strong>istius</strong></span> <span class='ocrx_word' id='word_1_253' title='bbox 1316 1666 1389 1696; x_wconf 81' lang='lat' dir='ltr'><strong>facti</strong></span> 
     </span>
     <span class='ocr_line' id='line_1_34' title="bbox 426 1709 1389 1752; baseline -0.005 -8"><span class='ocrx_word' id='word_1_254' title='bbox 426 1713 452 1745; x_wconf 89' lang='lat' dir='ltr'><strong>si</strong></span> <span class='ocrx_word' id='word_1_255' title='bbox 477 1711 706 1752; x_wconf 72' lang='lat' dir='ltr'><strong>expendamus,</strong></span> <span class='ocrx_word' id='word_1_256' title='bbox 731 1722 768 1742; x_wconf 83' lang='lat' dir='ltr'><strong>eo</strong></span> <span class='ocrx_word' id='word_1_257' title='bbox 790 1710 1009 1742; x_wconf 86' lang='lat' dir='ltr'><strong>admirabilior</strong></span> <span class='ocrx_word' id='word_1_258' title='bbox 1033 1709 1101 1742; x_wconf 89' lang='lat' dir='ltr'><strong>eius</strong></span> <span class='ocrx_word' id='word_1_259' title='bbox 1127 1710 1232 1740; x_wconf 88' lang='lat' dir='ltr'><strong>virtus</strong></span> <span class='ocrx_word' id='word_1_260' title='bbox 1255 1719 1389 1749; x_wconf 86' lang='lat' dir='ltr'><strong>appare-</strong></span> 
     </span>
     <span class='ocr_line' id='line_1_35' title="bbox 427 1752 1390 1793; baseline -0.005 -7"><span class='ocrx_word' id='word_1_261' title='bbox 427 1756 481 1787; x_wconf 92' lang='lat' dir='ltr'><strong>bit.</strong></span> <span class='ocrx_word' id='word_1_262' title='bbox 510 1755 603 1793; x_wconf 83' lang='lat' dir='ltr'><strong>Nam,</strong></span> <span class='ocrx_word' id='word_1_263' title='bbox 628 1763 662 1785; x_wconf 86' lang='lat' dir='ltr'><strong>ut</strong></span> <span class='ocrx_word' id='word_1_264' title='bbox 685 1759 760 1784; x_wconf 80' lang='lat' dir='ltr'><strong>ante</strong></span> <span class='ocrx_word' id='word_1_265' title='bbox 784 1753 934 1790; x_wconf 88' lang='lat' dir='ltr'><strong>diximus,</strong></span> <span class='ocrx_word' id='word_1_266' title='bbox 958 1752 1066 1784; x_wconf 89' lang='lat' dir='ltr'><strong>David</strong></span> <span class='ocrx_word' id='word_1_267' title='bbox 1089 1758 1232 1784; x_wconf 87' lang='lat' dir='ltr'><strong>metuere</strong></span> <span class='ocrx_word' id='word_1_268' title='bbox 1255 1756 1390 1792; x_wconf 81' lang='lat' dir='ltr'><strong>poterat,</strong></span> 
     </span>
     <span class='ocr_line' id='line_1_36' title="bbox 428 1796 1390 1837; baseline -0.005 -8"><span class='ocrx_word' id='word_1_269' title='bbox 428 1809 468 1830; x_wconf 89' lang='lat' dir='ltr'><strong>ne</strong></span> <span class='ocrx_word' id='word_1_270' title='bbox 511 1808 566 1837; x_wconf 90' lang='lat' dir='ltr'><strong>per</strong></span> <span class='ocrx_word' id='word_1_271' title='bbox 602 1797 775 1828; x_wconf 83' lang='lat' dir='ltr'><strong>tumultum</strong></span> <span class='ocrx_word' id='word_1_272' title='bbox 809 1796 965 1828; x_wconf 86' lang='lat' dir='ltr'><strong>adversus</strong></span> <span class='ocrx_word' id='word_1_273' title='bbox 998 1806 1032 1827; x_wconf 88' lang='lat' dir='ltr'><strong>se</strong></span> <span class='ocrx_word' id='word_1_274' title='bbox 1066 1796 1141 1827; x_wconf 88' lang='lat' dir='ltr'><strong>socii</strong></span> <span class='ocrx_word' id='word_1_275' title='bbox 1176 1796 1390 1834; x_wconf 86' lang='lat' dir='ltr'><strong>insurgerent,</strong></span> 
     </span>
     <span class='ocr_line' id='line_1_37' title="bbox 427 1837 1391 1882; baseline -0.007 -9"><span class='ocrx_word' id='word_1_276' title='bbox 427 1841 566 1882; x_wconf 86' lang='lat' dir='ltr'><strong>pertaesi</strong></span> <span class='ocrx_word' id='word_1_277' title='bbox 600 1845 648 1870; x_wconf 90' lang='lat' dir='ltr'><strong>tot</strong></span> <span class='ocrx_word' id='word_1_278' title='bbox 681 1839 839 1871; x_wconf 88' lang='lat' dir='ltr'><strong>malorum</strong></span> <span class='ocrx_word' id='word_1_279' title='bbox 871 1838 1094 1874; x_wconf 84' lang='lat' dir='ltr'><strong>diuturnitate,</strong></span> <span class='ocrx_word' id='word_1_280' title='bbox 1125 1847 1263 1878; x_wconf 85' lang='lat' dir='ltr'><strong>quorum</strong></span> <span class='ocrx_word' id='word_1_281' title='bbox 1294 1837 1391 1867; x_wconf 87' lang='lat' dir='ltr'><strong>finem</strong></span> 
     </span>
     <span class='ocr_line' id='line_1_38' title="bbox 428 1880 1393 1921; baseline -0.005 -7"><span class='ocrx_word' id='word_1_282' title='bbox 428 1883 555 1915; x_wconf 91' lang='lat' dir='ltr'><strong>nullum</strong></span> <span class='ocrx_word' id='word_1_283' title='bbox 576 1882 738 1919; x_wconf 86' lang='lat' dir='ltr'><strong>videbant,</strong></span> <span class='ocrx_word' id='word_1_284' title='bbox 762 1887 793 1913; x_wconf 89' lang='lat' dir='ltr'><strong>et</strong></span> <span class='ocrx_word' id='word_1_285' title='bbox 815 1881 957 1921; x_wconf 89' lang='lat' dir='ltr'><strong>quotidie</strong></span> <span class='ocrx_word' id='word_1_286' title='bbox 980 1881 1014 1912; x_wconf 91' lang='lat' dir='ltr'><strong>in</strong></span> <span class='ocrx_word' id='word_1_287' title='bbox 1037 1881 1137 1921; x_wconf 86' lang='lat' dir='ltr'><strong>ipsius</strong></span> <span class='ocrx_word' id='word_1_288' title='bbox 1160 1881 1273 1911; x_wconf 89' lang='lat' dir='ltr'><strong>mortis</strong></span> <span class='ocrx_word' id='word_1_289' title='bbox 1296 1880 1393 1910; x_wconf 87' lang='lat' dir='ltr'><strong>fauci-</strong></span> 
     </span>
     <span class='ocr_line' id='line_1_39' title="bbox 427 1923 1393 1964; baseline -0.007 -5"><span class='ocrx_word' id='word_1_290' title='bbox 427 1927 488 1959; x_wconf 87' lang='lat' dir='ltr'><strong>bus</strong></span> <span class='ocrx_word' id='word_1_291' title='bbox 507 1925 736 1957; x_wconf 81' lang='lat' dir='ltr'><strong>versabantur:</strong></span> <span class='ocrx_word' id='word_1_292' title='bbox 762 1924 985 1964; x_wconf 86' lang='lat' dir='ltr'><strong>Davidemque</strong></span> <span class='ocrx_word' id='word_1_293' title='bbox 1003 1929 1050 1955; x_wconf 88' lang='lat' dir='ltr'><strong>tot</strong></span> <span class='ocrx_word' id='word_1_294' title='bbox 1068 1923 1225 1954; x_wconf 88' lang='lat' dir='ltr'><strong>malorum</strong></span> <span class='ocrx_word' id='word_1_295' title='bbox 1248 1929 1393 1953; x_wconf 87' lang='lat' dir='ltr'><strong>autorem</strong></span> 
     </span>
    </p>
   </div>
   <div class='ocr_carea' id='block_1_11' title="bbox 428 1963 1420 2005">
    <p class='ocr_par' dir='ltr' id='par_1_11' title="bbox 428 1963 1420 2005">
     <span class='ocr_line' id='line_1_40' title="bbox 428 1963 1420 2005; baseline -0.006 -5"><span class='ocrx_word' id='word_1_296' title='bbox 428 1974 484 2001; x_wconf 88' lang='lat' dir='ltr'><strong>aut</strong></span> <span class='ocrx_word' id='word_1_297' title='bbox 503 1968 702 2000; x_wconf 86' lang='lat' dir='ltr'><strong>occasionem</strong></span> <span class='ocrx_word' id='word_1_298' title='bbox 722 1978 739 1999; x_wconf 90' lang='lat' dir='ltr'><strong>e</strong></span> <span class='ocrx_word' id='word_1_299' title='bbox 758 1967 863 1998; x_wconf 90' lang='lat' dir='ltr'><strong>medio</strong></span> <span class='ocrx_word' id='word_1_300' title='bbox 887 1966 1047 1998; x_wconf 86' lang='lat' dir='ltr'><strong>tollerent.</strong></span> <span class='ocrx_word' id='word_1_301' title='bbox 1078 1966 1169 1998; x_wconf 85' lang='lat' dir='ltr'><strong>Haec</strong></span> <span class='ocrx_word' id='word_1_302' title='bbox 1187 1965 1240 1996; x_wconf 91' lang='lat' dir='ltr'><strong>ille</strong></span> <span class='ocrx_word' id='word_1_303' title='bbox 1263 1963 1393 2005; x_wconf 88' lang='lat' dir='ltr'><strong>quidem</strong></span> <span class='ocrx_word' id='word_1_304' title='bbox 1418 1985 1420 1991; x_wconf 30' lang='grc' dir='ltr'><em>Α</em></span> 
     </span>
    </p>
   </div>
   <div class='ocr_carea' id='block_1_12' title="bbox 429 2007 1395 2264">
    <p class='ocr_par' dir='ltr' id='par_1_12' title="bbox 429 2007 1395 2264">
     <span class='ocr_line' id='line_1_41' title="bbox 429 2007 1393 2047; baseline -0.006 -4"><span class='ocrx_word' id='word_1_305' title='bbox 429 2012 508 2043; x_wconf 85' lang='lat' dir='ltr'><strong>satis</strong></span> <span class='ocrx_word' id='word_1_306' title='bbox 528 2010 816 2047; x_wconf 86' lang='lat' dir='ltr'><strong>animadvertebat,</strong></span> <span class='ocrx_word' id='word_1_307' title='bbox 840 2009 896 2041; x_wconf 89' lang='lat' dir='ltr'><strong>sed</strong></span> <span class='ocrx_word' id='word_1_308' title='bbox 916 2021 980 2041; x_wconf 85' lang='lat' dir='ltr'><strong>non</strong></span> <span class='ocrx_word' id='word_1_309' title='bbox 1003 2008 1073 2041; x_wconf 89' lang='lat' dir='ltr'><strong>ideo</strong></span> <span class='ocrx_word' id='word_1_310' title='bbox 1097 2015 1204 2040; x_wconf 87' lang='lat' dir='ltr'><strong>tamen</strong></span> <span class='ocrx_word' id='word_1_311' title='bbox 1227 2007 1266 2038; x_wconf 89' lang='lat' dir='ltr'><strong>ab</strong></span> <span class='ocrx_word' id='word_1_312' title='bbox 1289 2008 1393 2038; x_wconf 77' lang='lat' dir='ltr'><strong>officio</strong></span> 
     </span>
     <span class='ocr_line' id='line_1_42' title="bbox 430 2049 1394 2093; baseline -0.006 -7"><span class='ocrx_word' id='word_1_313' title='bbox 430 2054 585 2086; x_wconf 85' lang='lat' dir='ltr'><strong>dimoveri</strong></span> <span class='ocrx_word' id='word_1_314' title='bbox 606 2054 709 2093; x_wconf 88' lang='lat' dir='ltr'><strong>potuit</strong></span> <span class='ocrx_word' id='word_1_315' title='bbox 729 2053 806 2092; x_wconf 91' lang='lat' dir='ltr'><strong>quin</strong></span> <span class='ocrx_word' id='word_1_316' title='bbox 821 2052 881 2084; x_wconf 86' lang='lat' dir='ltr'><strong>Dei</strong></span> <span class='ocrx_word' id='word_1_317' title='bbox 905 2057 1113 2092; x_wconf 86' lang='lat' dir='ltr'><strong>praeceptum</strong></span> <span class='ocrx_word' id='word_1_318' title='bbox 1135 2051 1294 2092; x_wconf 90' lang='lat' dir='ltr'><strong>impleret.</strong></span> <span class='ocrx_word' id='word_1_319' title='bbox 1327 2049 1394 2080; x_wconf 85' lang='lat' dir='ltr'><strong>Nos</strong></span> 
     </span>
     <span class='ocr_line' id='line_1_43' title="bbox 431 2093 1393 2137; baseline -0.005 -9"><span class='ocrx_word' id='word_1_320' title='bbox 431 2098 557 2137; x_wconf 85' lang='lat' dir='ltr'><strong>itaque,</strong></span> <span class='ocrx_word' id='word_1_321' title='bbox 598 2096 672 2127; x_wconf 89' lang='lat' dir='ltr'><strong>licet</strong></span> <span class='ocrx_word' id='word_1_322' title='bbox 713 2095 889 2126; x_wconf 89' lang='lat' dir='ltr'><strong>tumultum</strong></span> <span class='ocrx_word' id='word_1_323' title='bbox 931 2095 1071 2135; x_wconf 87' lang='lat' dir='ltr'><strong>aliquem</strong></span> <span class='ocrx_word' id='word_1_324' title='bbox 1110 2100 1164 2125; x_wconf 88' lang='lat' dir='ltr'><strong>aut</strong></span> <span class='ocrx_word' id='word_1_325' title='bbox 1204 2093 1393 2125; x_wconf 83' lang='lat' dir='ltr'><strong>seditionem</strong></span> 
     </span>
     <span class='ocr_line' id='line_1_44' title="bbox 431 2135 1394 2179; baseline -0.005 -9"><span class='ocrx_word' id='word_1_326' title='bbox 431 2147 613 2171; x_wconf 86' lang='lat' dir='ltr'><strong>metuamus</strong></span> <span class='ocrx_word' id='word_1_327' title='bbox 644 2139 678 2169; x_wconf 90' lang='lat' dir='ltr'><strong>in</strong></span> <span class='ocrx_word' id='word_1_328' title='bbox 709 2138 813 2169; x_wconf 81' lang='lat' dir='ltr'><strong>officio</strong></span> <span class='ocrx_word' id='word_1_329' title='bbox 845 2145 1025 2179; x_wconf 83' lang='lat' dir='ltr'><strong>pergentes,</strong></span> <span class='ocrx_word' id='word_1_330' title='bbox 1055 2148 1096 2168; x_wconf 92' lang='lat' dir='ltr'><strong>ne</strong></span> <span class='ocrx_word' id='word_1_331' title='bbox 1119 2142 1288 2177; x_wconf 88' lang='lat' dir='ltr'><strong>propterea</strong></span> <span class='ocrx_word' id='word_1_332' title='bbox 1310 2135 1394 2166; x_wconf 88' lang='lat' dir='ltr'><strong>malo</strong></span> 
     </span>
     <span class='ocr_line' id='line_1_45' title="bbox 432 2179 1394 2220; baseline -0.006 -6"><span class='ocrx_word' id='word_1_333' title='bbox 432 2182 592 2219; x_wconf 87' lang='lat' dir='ltr'><strong>resistere,</strong></span> <span class='ocrx_word' id='word_1_334' title='bbox 617 2187 647 2213; x_wconf 88' lang='lat' dir='ltr'><strong>et</strong></span> <span class='ocrx_word' id='word_1_335' title='bbox 667 2181 758 2213; x_wconf 82' lang='lat' dir='ltr'><strong>nobis</strong></span> <span class='ocrx_word' id='word_1_336' title='bbox 778 2181 855 2220; x_wconf 79' lang='lat' dir='ltr'><strong>ipsis</strong></span> <span class='ocrx_word' id='word_1_337' title='bbox 875 2180 1018 2212; x_wconf 82' lang='lat' dir='ltr'><strong>habenas</strong></span> <span class='ocrx_word' id='word_1_338' title='bbox 1037 2180 1167 2211; x_wconf 87' lang='lat' dir='ltr'><strong>iniicere</strong></span> <span class='ocrx_word' id='word_1_339' title='bbox 1186 2179 1394 2210; x_wconf 81' lang='lat' dir='ltr'><strong>desistamus:</strong></span> 
     </span>
     <span class='ocr_line' id='line_1_46' title="bbox 433 2220 1395 2264; baseline -0.005 -8"><span class='ocrx_word' id='word_1_340' title='bbox 433 2225 508 2257; x_wconf 88' lang='lat' dir='ltr'><strong>licet</strong></span> <span class='ocrx_word' id='word_1_341' title='bbox 538 2225 560 2255; x_wconf 90' lang='lat' dir='ltr'><strong>ii</strong></span> <span class='ocrx_word' id='word_1_342' title='bbox 586 2234 604 2255; x_wconf 86' lang='lat' dir='ltr'><strong>a</strong></span> <span class='ocrx_word' id='word_1_343' title='bbox 627 2224 743 2264; x_wconf 87' lang='lat' dir='ltr'><strong>quibus</strong></span> <span class='ocrx_word' id='word_1_344' title='bbox 767 2223 980 2255; x_wconf 74' lang='lat' dir='ltr'><strong>sollicitamur</strong></span> <span class='ocrx_word' id='word_1_345' title='bbox 1003 2223 1142 2254; x_wconf 89' lang='lat' dir='ltr'><strong>furorem</strong></span> <span class='ocrx_word' id='word_1_346' title='bbox 1165 2232 1257 2253; x_wconf 85' lang='lat' dir='ltr'><strong>suum</strong></span> <span class='ocrx_word' id='word_1_347' title='bbox 1281 2220 1395 2260; x_wconf 89' lang='lat' dir='ltr'><strong>despu-</strong></span> 
     </span>
    </p>
   </div>
   <div class='ocr_carea' id='block_1_13' title="bbox 434 2266 1423 2307">
    <p class='ocr_par' dir='ltr' id='par_1_13' title="bbox 434 2266 1423 2307">
     <span class='ocr_line' id='line_1_47' title="bbox 434 2266 1423 2307; baseline -0.007 -7"><span class='ocrx_word' id='word_1_348' title='bbox 434 2272 539 2300; x_wconf 89' lang='lat' dir='ltr'><strong>ment:</strong></span> <span class='ocrx_word' id='word_1_349' title='bbox 563 2267 619 2299; x_wconf 89' lang='lat' dir='ltr'><strong>sed</strong></span> <span class='ocrx_word' id='word_1_350' title='bbox 640 2277 696 2307; x_wconf 88' lang='lat' dir='ltr'><strong>pro</strong></span> <span class='ocrx_word' id='word_1_351' title='bbox 719 2266 839 2298; x_wconf 90' lang='lat' dir='ltr'><strong>viribus</strong></span> <span class='ocrx_word' id='word_1_352' title='bbox 862 2266 946 2297; x_wconf 88' lang='lat' dir='ltr'><strong>malo</strong></span> <span class='ocrx_word' id='word_1_353' title='bbox 970 2277 1027 2297; x_wconf 87' lang='lat' dir='ltr'><strong>nos</strong></span> <span class='ocrx_word' id='word_1_354' title='bbox 1050 2275 1265 2306; x_wconf 87' lang='lat' dir='ltr'><strong>opponamus:</strong></span> <span class='ocrx_word' id='word_1_355' title='bbox 1287 2268 1319 2295; x_wconf 85' lang='lat' dir='ltr'><strong>et</strong></span> <span class='ocrx_word' id='word_1_356' title='bbox 1338 2273 1396 2294; x_wconf 87' lang='lat' dir='ltr'><strong>nos</strong></span> <span class='ocrx_word' id='word_1_357' title='bbox 1422 2274 1423 2279; x_wconf 57' lang='lat'>¹</span> 
     </span>
    </p>
   </div>
   <div class='ocr_carea' id='block_1_14' title="bbox 433 2305 1398 2692">
    <p class='ocr_par' dir='ltr' id='par_1_14' title="bbox 433 2305 1397 2478">
     <span class='ocr_line' id='line_1_48' title="bbox 433 2305 1397 2352; baseline -0.006 -10"><span class='ocrx_word' id='word_1_358' title='bbox 433 2321 510 2352; x_wconf 86' lang='lat' dir='ltr'><strong>erga</strong></span> <span class='ocrx_word' id='word_1_359' title='bbox 549 2320 604 2342; x_wconf 87' lang='lat' dir='ltr'><strong>eos</strong></span> <span class='ocrx_word' id='word_1_360' title='bbox 645 2309 700 2350; x_wconf 83' lang='lat' dir='ltr'><strong>qui</strong></span> <span class='ocrx_word' id='word_1_361' title='bbox 741 2309 859 2341; x_wconf 83' lang='lat' dir='ltr'><strong>furioso</strong></span> <span class='ocrx_word' id='word_1_362' title='bbox 900 2309 1022 2349; x_wconf 83' lang='lat' dir='ltr'><strong>impetu</strong></span> <span class='ocrx_word' id='word_1_363' title='bbox 1064 2309 1214 2340; x_wconf 89' lang='lat' dir='ltr'><strong>feruntur</strong></span> <span class='ocrx_word' id='word_1_364' title='bbox 1255 2305 1397 2338; x_wconf 89' lang='lat' dir='ltr'><strong>modeste</strong></span> 
     </span>
     <span class='ocr_line' id='line_1_49' title="bbox 435 2351 1396 2395; baseline -0.005 -11"><span class='ocrx_word' id='word_1_365' title='bbox 435 2362 601 2395; x_wconf 85' lang='lat' dir='ltr'><strong>geramus:</strong></span> <span class='ocrx_word' id='word_1_366' title='bbox 633 2358 663 2384; x_wconf 88' lang='lat' dir='ltr'><strong>et</strong></span> <span class='ocrx_word' id='word_1_367' title='bbox 694 2363 712 2383; x_wconf 87' lang='lat' dir='ltr'><strong>a</strong></span> <span class='ocrx_word' id='word_1_368' title='bbox 742 2352 876 2383; x_wconf 83' lang='lat' dir='ltr'><strong>rationis</strong></span> <span class='ocrx_word' id='word_1_369' title='bbox 899 2351 1057 2383; x_wconf 85' lang='lat' dir='ltr'><strong>limitibus</strong></span> <span class='ocrx_word' id='word_1_370' title='bbox 1087 2351 1273 2382; x_wconf 79' lang='lat' dir='ltr'><strong>aberrantes</strong></span> <span class='ocrx_word' id='word_1_371' title='bbox 1303 2358 1396 2380; x_wconf 89' lang='lat' dir='ltr'><strong>revo-</strong></span> 
     </span>
     <span class='ocr_line' id='line_1_50' title="bbox 435 2391 1397 2434; baseline -0.006 -6"><span class='ocrx_word' id='word_1_372' title='bbox 435 2407 544 2429; x_wconf 88' lang='lat' dir='ltr'><strong>cemus</strong></span> <span class='ocrx_word' id='word_1_373' title='bbox 574 2395 607 2426; x_wconf 88' lang='lat' dir='ltr'><strong>in</strong></span> <span class='ocrx_word' id='word_1_374' title='bbox 638 2395 733 2432; x_wconf 86' lang='lat' dir='ltr'><strong>viam,</strong></span> <span class='ocrx_word' id='word_1_375' title='bbox 761 2401 793 2425; x_wconf 90' lang='lat' dir='ltr'><strong>et</strong></span> <span class='ocrx_word' id='word_1_376' title='bbox 822 2395 861 2426; x_wconf 88' lang='lat' dir='ltr'><strong>ad</strong></span> <span class='ocrx_word' id='word_1_377' title='bbox 885 2395 1079 2434; x_wconf 87' lang='lat' dir='ltr'><strong>aequitatem</strong></span> <span class='ocrx_word' id='word_1_378' title='bbox 1103 2403 1183 2434; x_wconf 86' lang='lat' dir='ltr'><strong>quos</strong></span> <span class='ocrx_word' id='word_1_379' title='bbox 1204 2398 1311 2424; x_wconf 89' lang='lat' dir='ltr'><strong>aestus</strong></span> <span class='ocrx_word' id='word_1_380' title='bbox 1334 2391 1397 2422; x_wconf 91' lang='lat' dir='ltr'><strong>ira-</strong></span> 
     </span>
     <span class='ocr_line' id='line_1_51' title="bbox 435 2437 933 2478; baseline -0.008 -6"><span class='ocrx_word' id='word_1_381' title='bbox 435 2438 571 2472; x_wconf 82' lang='lat' dir='ltr'><strong>cundiae</strong></span> <span class='ocrx_word' id='word_1_382' title='bbox 594 2437 784 2478; x_wconf 87' lang='lat' dir='ltr'><strong>praecipites</strong></span> <span class='ocrx_word' id='word_1_383' title='bbox 806 2437 933 2477; x_wconf 86' lang='lat' dir='ltr'><strong>abripit.</strong></span> 
     </span>
    </p>

    <p class='ocr_par' dir='ltr' id='par_1_15' title="bbox 437 2476 1398 2692">
     <span class='ocr_line' id='line_1_52' title="bbox 522 2476 1398 2517; baseline -0.005 -6"><span class='ocrx_word' id='word_1_384' title='bbox 522 2481 565 2512; x_wconf 87' lang='lat' dir='ltr'><strong>Et</strong></span> <span class='ocrx_word' id='word_1_385' title='bbox 605 2479 643 2511; x_wconf 89' lang='lat' dir='ltr'><strong>dc</strong></span> <span class='ocrx_word' id='word_1_386' title='bbox 676 2479 806 2511; x_wconf 85' lang='lat' dir='ltr'><strong>Davide</strong></span> <span class='ocrx_word' id='word_1_387' title='bbox 844 2481 922 2511; x_wconf 88' lang='lat' dir='ltr'><strong>satis</strong></span> <span class='ocrx_word' id='word_1_388' title='bbox 963 2479 1083 2511; x_wconf 91' lang='lat' dir='ltr'><strong>dictum</strong></span> <span class='ocrx_word' id='word_1_389' title='bbox 1122 2485 1204 2510; x_wconf 88' lang='lat' dir='ltr'><strong>esto:</strong></span> <span class='ocrx_word' id='word_1_390' title='bbox 1247 2476 1398 2517; x_wconf 84' lang='lat' dir='ltr'><strong>deinceps</strong></span> 
     </span>
     <span class='ocr_line' id='line_1_53' title="bbox 437 2520 1397 2564; baseline -0.005 -9"><span class='ocrx_word' id='word_1_391' title='bbox 437 2524 534 2556; x_wconf 81' lang='lat' dir='ltr'><strong>ctiam</strong></span> <span class='ocrx_word' id='word_1_392' title='bbox 568 2522 788 2564; x_wconf 80' lang='lat' dir='ltr'><strong>expendamus</strong></span> <span class='ocrx_word' id='word_1_393' title='bbox 823 2533 885 2562; x_wconf 91' lang='lat' dir='ltr'><strong>quo</strong></span> <span class='ocrx_word' id='word_1_394' title='bbox 916 2521 1008 2554; x_wconf 82' lang='lat' dir='ltr'><strong>modo</strong></span> <span class='ocrx_word' id='word_1_395' title='bbox 1039 2532 1097 2552; x_wconf 89' lang='lat' dir='ltr'><strong>nos</strong></span> <span class='ocrx_word' id='word_1_396' title='bbox 1127 2520 1283 2552; x_wconf 87' lang='lat' dir='ltr'><strong>adversus</strong></span> <span class='ocrx_word' id='word_1_397' title='bbox 1313 2520 1397 2559; x_wconf 85' lang='lat' dir='ltr'><strong>ipsos</strong></span> 
     </span>
     <span class='ocr_line' id='line_1_54' title="bbox 438 2563 1397 2606; baseline -0.006 -7"><span class='ocrx_word' id='word_1_398' title='bbox 438 2568 546 2599; x_wconf 87' lang='lat' dir='ltr'><strong>hostes</strong></span> <span class='ocrx_word' id='word_1_399' title='bbox 564 2572 691 2598; x_wconf 86' lang='lat' dir='ltr'><strong>nostros</strong></span> <span class='ocrx_word' id='word_1_400' title='bbox 710 2575 820 2606; x_wconf 85' lang='lat' dir='ltr'><strong>gerere</strong></span> <span class='ocrx_word' id='word_1_401' title='bbox 840 2565 1022 2596; x_wconf 89' lang='lat' dir='ltr'><strong>debeamus.</strong></span> <span class='ocrx_word' id='word_1_402' title='bbox 1052 2564 1162 2603; x_wconf 84' lang='lat' dir='ltr'><strong>Quum</strong></span> <span class='ocrx_word' id='word_1_403' title='bbox 1182 2563 1268 2595; x_wconf 92' lang='lat' dir='ltr'><strong>enim</strong></span> <span class='ocrx_word' id='word_1_404' title='bbox 1289 2572 1397 2594; x_wconf 89' lang='lat' dir='ltr'><strong>vocem</strong></span> 
     </span>
     <span class='ocr_line' id='line_1_55' title="bbox 438 2603 1397 2648; baseline -0.007 -7"><span class='ocrx_word' id='word_1_405' title='bbox 438 2611 530 2642; x_wconf 87' lang='lat' dir='ltr'><strong>istam</strong></span> <span class='ocrx_word' id='word_1_406' title='bbox 555 2607 775 2648; x_wconf 86' lang='lat' dir='ltr'><strong>evangelicam</strong></span> <span class='ocrx_word' id='word_1_407' title='bbox 800 2607 959 2643; x_wconf 86' lang='lat' dir='ltr'><strong>audimus,</strong></span> <span class='ocrx_word' id='word_1_408' title='bbox 991 2618 1054 2638; x_wconf 92' lang='lat' dir='ltr'><strong>uon</strong></span> <span class='ocrx_word' id='word_1_409' title='bbox 1077 2618 1145 2638; x_wconf 88' lang='lat' dir='ltr'><strong>esse</strong></span> <span class='ocrx_word' id='word_1_410' title='bbox 1169 2606 1290 2637; x_wconf 80' lang='lat' dir='ltr'><strong>malum</strong></span> <span class='ocrx_word' id='word_1_411' title='bbox 1313 2603 1397 2635; x_wconf 89' lang='lat' dir='ltr'><strong>malo</strong></span> 
     </span>
     <span class='ocr_line' id='line_1_56' title="bbox 437 2649 1396 2692; baseline -0.005 -9"><span class='ocrx_word' id='word_1_412' title='bbox 437 2650 720 2692; x_wconf 87' lang='lat' dir='ltr'><strong>compensandum,</strong></span> <span class='ocrx_word' id='word_1_413' title='bbox 735 2661 838 2691; x_wconf 90' lang='lat' dir='ltr'><strong>neque</strong></span> <span class='ocrx_word' id='word_1_414' title='bbox 852 2650 1027 2682; x_wconf 81' lang='lat' dir='ltr'><strong>vindictam</strong></span> <span class='ocrx_word' id='word_1_415' title='bbox 1041 2649 1265 2691; x_wconf 85' lang='lat' dir='ltr'><strong>appetendam,</strong></span> <span class='ocrx_word' id='word_1_416' title='bbox 1285 2657 1396 2688; x_wconf 84' lang='lat' dir='ltr'><strong>pacem</strong></span> 
     </span>
    </p>
   </div>
   <div class='ocr_carea' id='block_1_15' title="bbox 1404 352 1423 2236">
    <p class='ocr_par' dir='ltr' id='par_1_16' title="bbox 1404 352 1423 2236">
     <span class='ocr_line' id='line_1_57' title="bbox 1404 352 1423 2236; baseline 0 0"><span class='ocrx_word' id='word_1_417' title='bbox 1404 352 1423 2236; x_wconf 95' lang='lat' dir='ltr'><strong> </strong></span> 
     </span>
    </p>
   </div>
   <div class='ocr_carea' id='block_1_16' title="bbox 1431 337 2406 1105">
    <p class='ocr_par' dir='ltr' id='par_1_17' title="bbox 1431 337 2406 1105">
     <span class='ocr_line' id='line_1_58' title="bbox 1431 337 2400 379; baseline -0.004 -7"><span class='ocrx_word' id='word_1_418' title='bbox 1431 346 1560 372; x_wconf 86' lang='lat' dir='ltr'><strong>nostras</strong></span> <span class='ocrx_word' id='word_1_419' title='bbox 1591 340 1624 370; x_wconf 90' lang='lat' dir='ltr'><strong>in</strong></span> <span class='ocrx_word' id='word_1_420' title='bbox 1655 339 1763 379; x_wconf 90' lang='lat' dir='ltr'><strong>quiete</strong></span> <span class='ocrx_word' id='word_1_421' title='bbox 1793 345 1825 370; x_wconf 88' lang='lat' dir='ltr'><strong>et</strong></span> <span class='ocrx_word' id='word_1_422' title='bbox 1855 338 1985 370; x_wconf 85' lang='lat' dir='ltr'><strong>silentio</strong></span> <span class='ocrx_word' id='word_1_423' title='bbox 2008 337 2227 379; x_wconf 84' lang='lat' dir='ltr'><strong>possidendas,</strong></span> <span class='ocrx_word' id='word_1_424' title='bbox 2257 338 2317 368; x_wconf 85' lang='lat' dir='ltr'><strong>etsi</strong></span> <span class='ocrx_word' id='word_1_425' title='bbox 2339 346 2400 369; x_wconf 87' lang='lat' dir='ltr'><strong>nos</strong></span> 
     </span>
     <span class='ocr_line' id='line_1_59' title="bbox 1432 379 2399 421; baseline -0.004 -7"><span class='ocrx_word' id='word_1_426' title='bbox 1432 383 1484 414; x_wconf 85' lang='lat' dir='ltr'><strong>isti</strong></span> <span class='ocrx_word' id='word_1_427' title='bbox 1498 382 1662 414; x_wconf 85' lang='lat' dir='ltr'><strong>doctrinae</strong></span> <span class='ocrx_word' id='word_1_428' title='bbox 1681 381 1794 413; x_wconf 86' lang='lat' dir='ltr'><strong>subiici</strong></span> <span class='ocrx_word' id='word_1_429' title='bbox 1813 391 1951 421; x_wconf 85' lang='lat' dir='ltr'><strong>aequum</strong></span> <span class='ocrx_word' id='word_1_430' title='bbox 1971 391 2040 412; x_wconf 87' lang='lat' dir='ltr'><strong>esse</strong></span> <span class='ocrx_word' id='word_1_431' title='bbox 2058 380 2254 417; x_wconf 87' lang='lat' dir='ltr'><strong>iudicamus,</strong></span> <span class='ocrx_word' id='word_1_432' title='bbox 2276 379 2399 411; x_wconf 90' lang='lat' dir='ltr'><strong>Deum-</strong></span> 
     </span>
     <span class='ocr_line' id='line_1_60' title="bbox 1431 422 2399 465; baseline -0.003 -9"><span class='ocrx_word' id='word_1_433' title='bbox 1431 436 1492 465; x_wconf 86' lang='lat' dir='ltr'><strong>que</strong></span> <span class='ocrx_word' id='word_1_434' title='bbox 1531 425 1610 455; x_wconf 91' lang='lat' dir='ltr'><strong>nihil</strong></span> <span class='ocrx_word' id='word_1_435' title='bbox 1645 424 1706 455; x_wconf 89' lang='lat' dir='ltr'><strong>nisi</strong></span> <span class='ocrx_word' id='word_1_436' title='bbox 1738 424 1860 455; x_wconf 88' lang='lat' dir='ltr'><strong>iustum</strong></span> <span class='ocrx_word' id='word_1_437' title='bbox 1893 424 2093 464; x_wconf 84' lang='lat' dir='ltr'><strong>praecepisse</strong></span> <span class='ocrx_word' id='word_1_438' title='bbox 2123 423 2215 454; x_wconf 86' lang='lat' dir='ltr'><strong>fateri</strong></span> <span class='ocrx_word' id='word_1_439' title='bbox 2243 422 2399 463; x_wconf 85' lang='lat' dir='ltr'><strong>cogimur,</strong></span> 
     </span>
     <span class='ocr_line' id='line_1_61' title="bbox 1433 466 2401 499; baseline -0.003 0"><span class='ocrx_word' id='word_1_440' title='bbox 1433 468 1491 499; x_wconf 92' lang='lat' dir='ltr'><strong>hoc</strong></span> <span class='ocrx_word' id='word_1_441' title='bbox 1512 476 1618 498; x_wconf 85' lang='lat' dir='ltr'><strong>tamen</strong></span> <span class='ocrx_word' id='word_1_442' title='bbox 1639 478 1656 497; x_wconf 87' lang='lat' dir='ltr'><strong>a</strong></span> <span class='ocrx_word' id='word_1_443' title='bbox 1677 474 1794 498; x_wconf 89' lang='lat' dir='ltr'><strong>natura</strong></span> <span class='ocrx_word' id='word_1_444' title='bbox 1814 474 1924 498; x_wconf 83' lang='lat' dir='ltr'><strong>nostra</strong></span> <span class='ocrx_word' id='word_1_445' title='bbox 1949 466 2044 497; x_wconf 88' lang='lat' dir='ltr'><strong>nimis</strong></span> <span class='ocrx_word' id='word_1_446' title='bbox 2067 466 2210 497; x_wconf 87' lang='lat' dir='ltr'><strong>alienum</strong></span> <span class='ocrx_word' id='word_1_447' title='bbox 2232 474 2302 497; x_wconf 84' lang='lat' dir='ltr'><strong>esse</strong></span> <span class='ocrx_word' id='word_1_448' title='bbox 2325 474 2401 496; x_wconf 88' lang='lat' dir='ltr'><strong>cen—</strong></span> 
     </span>
     <span class='ocr_line' id='line_1_62' title="bbox 1432 506 2401 549; baseline -0.003 -8"><span class='ocrx_word' id='word_1_449' title='bbox 1432 510 1589 542; x_wconf 87' lang='lat' dir='ltr'><strong>sebimus:</strong></span> <span class='ocrx_word' id='word_1_450' title='bbox 1631 520 1668 540; x_wconf 84' lang='lat' dir='ltr'><strong>ac</strong></span> <span class='ocrx_word' id='word_1_451' title='bbox 1708 509 1841 549; x_wconf 90' lang='lat' dir='ltr'><strong>proinde</strong></span> <span class='ocrx_word' id='word_1_452' title='bbox 1882 520 1946 540; x_wconf 90' lang='lat' dir='ltr'><strong>non</strong></span> <span class='ocrx_word' id='word_1_453' title='bbox 1989 520 2079 549; x_wconf 87' lang='lat' dir='ltr'><strong>posse</strong></span> <span class='ocrx_word' id='word_1_454' title='bbox 2120 508 2208 539; x_wconf 86' lang='lat' dir='ltr'><strong>illam</strong></span> <span class='ocrx_word' id='word_1_455' title='bbox 2246 508 2279 539; x_wconf 91' lang='lat' dir='ltr'><strong>in</strong></span> <span class='ocrx_word' id='word_1_456' title='bbox 2315 506 2401 539; x_wconf 87' lang='lat' dir='ltr'><strong>huno</strong></span> 
     </span>
     <span class='ocr_line' id='line_1_63' title="bbox 1432 550 2402 592; baseline -0.003 -9"><span class='ocrx_word' id='word_1_457' title='bbox 1432 553 1577 584; x_wconf 87' lang='lat' dir='ltr'><strong>ordinem</strong></span> <span class='ocrx_word' id='word_1_458' title='bbox 1596 552 1683 591; x_wconf 84' lang='lat' dir='ltr'><strong>cogi:</strong></span> <span class='ocrx_word' id='word_1_459' title='bbox 1707 561 1744 582; x_wconf 86' lang='lat' dir='ltr'><strong>ac</strong></span> <span class='ocrx_word' id='word_1_460' title='bbox 1762 552 1896 592; x_wconf 87' lang='lat' dir='ltr'><strong>proinde</strong></span> <span class='ocrx_word' id='word_1_461' title='bbox 1920 552 1995 583; x_wconf 89' lang='lat' dir='ltr'><strong>licet</strong></span> <span class='ocrx_word' id='word_1_462' title='bbox 2017 551 2058 583; x_wconf 89' lang='lat' dir='ltr'><strong>ab</strong></span> <span class='ocrx_word' id='word_1_463' title='bbox 2080 551 2167 585; x_wconf 89' lang='lat' dir='ltr'><strong>omni</strong></span> <span class='ocrx_word' id='word_1_464' title='bbox 2187 550 2306 582; x_wconf 83' lang='lat' dir='ltr'><strong>iniuria</strong></span> <span class='ocrx_word' id='word_1_465' title='bbox 2328 559 2402 590; x_wconf 89' lang='lat' dir='ltr'><strong>pos-</strong></span> 
     </span>
     <span class='ocr_line' id='line_1_64' title="bbox 1432 593 2401 632; baseline -0.004 -5"><span class='ocrx_word' id='word_1_466' title='bbox 1432 597 1532 627; x_wconf 80' lang='lat' dir='ltr'><strong>simus</strong></span> <span class='ocrx_word' id='word_1_467' title='bbox 1567 595 1752 632; x_wconf 85' lang='lat' dir='ltr'><strong>abstinere,</strong></span> <span class='ocrx_word' id='word_1_468' title='bbox 1791 595 1887 626; x_wconf 90' lang='lat' dir='ltr'><strong>nimis</strong></span> <span class='ocrx_word' id='word_1_469' title='bbox 1921 602 2030 625; x_wconf 89' lang='lat' dir='ltr'><strong>tamen</strong></span> <span class='ocrx_word' id='word_1_470' title='bbox 2064 593 2180 626; x_wconf 90' lang='lat' dir='ltr'><strong>duram</strong></span> <span class='ocrx_word' id='word_1_471' title='bbox 2213 603 2302 631; x_wconf 80' lang='lat' dir='ltr'><strong>esse,</strong></span> <span class='ocrx_word' id='word_1_472' title='bbox 2335 593 2401 624; x_wconf 88' lang='lat' dir='ltr'><strong>imo</strong></span> 
     </span>
     <span class='ocr_line' id='line_1_65' title="bbox 1433 635 2401 678; baseline -0.002 -10"><span class='ocrx_word' id='word_1_473' title='bbox 1433 648 1564 678; x_wconf 87' lang='lat' dir='ltr'><strong>prorsus</strong></span> <span class='ocrx_word' id='word_1_474' title='bbox 1587 636 1823 668; x_wconf 87' lang='lat' dir='ltr'><strong>intolerabilem</strong></span> <span class='ocrx_word' id='word_1_475' title='bbox 1848 637 2034 668; x_wconf 86' lang='lat' dir='ltr'><strong>homiuibus</strong></span> <span class='ocrx_word' id='word_1_476' title='bbox 2057 636 2274 668; x_wconf 89' lang='lat' dir='ltr'><strong>conditionem</strong></span> <span class='ocrx_word' id='word_1_477' title='bbox 2297 635 2401 675; x_wconf 83' lang='lat' dir='ltr'><strong>impo-</strong></span> 
     </span>
     <span class='ocr_line' id='line_1_66' title="bbox 1432 677 2402 719; baseline -0.002 -8"><span class='ocrx_word' id='word_1_478' title='bbox 1432 682 1526 712; x_wconf 83' lang='lat' dir='ltr'><strong>sitam</strong></span> <span class='ocrx_word' id='word_1_479' title='bbox 1551 690 1568 710; x_wconf 88' lang='lat' dir='ltr'><strong>a</strong></span> <span class='ocrx_word' id='word_1_480' title='bbox 1593 680 1672 718; x_wconf 72' lang='lat' dir='ltr'><strong>Deo,</strong></span> <span class='ocrx_word' id='word_1_481' title='bbox 1696 679 1816 711; x_wconf 89' lang='lat' dir='ltr'><strong>malum</strong></span> <span class='ocrx_word' id='word_1_482' title='bbox 1842 680 1924 711; x_wconf 91' lang='lat' dir='ltr'><strong>bono</strong></span> <span class='ocrx_word' id='word_1_483' title='bbox 1947 690 2166 719; x_wconf 85' lang='lat' dir='ltr'><strong>compensare.</strong></span> <span class='ocrx_word' id='word_1_484' title='bbox 2201 679 2308 719; x_wconf 81' lang='lat' dir='ltr'><strong>Atque</strong></span> <span class='ocrx_word' id='word_1_485' title='bbox 2330 677 2402 709; x_wconf 85' lang='lat' dir='ltr'><strong>istis</strong></span> 
     </span>
     <span class='ocr_line' id='line_1_67' title="bbox 1433 721 2403 763; baseline -0.003 -9"><span class='ocrx_word' id='word_1_486' title='bbox 1433 723 1586 763; x_wconf 80' lang='lat' dir='ltr'><strong>speciosis</strong></span> <span class='ocrx_word' id='word_1_487' title='bbox 1609 722 1789 754; x_wconf 87' lang='lat' dir='ltr'><strong>rationibus</strong></span> <span class='ocrx_word' id='word_1_488' title='bbox 1812 722 1937 754; x_wconf 87' lang='lat' dir='ltr'><strong>absolvi</strong></span> <span class='ocrx_word' id='word_1_489' title='bbox 1961 732 2020 753; x_wconf 89' lang='lat' dir='ltr'><strong>nos</strong></span> <span class='ocrx_word' id='word_1_490' title='bbox 2048 721 2314 758; x_wconf 79' lang='lat' dir='ltr'><strong>existimabimus,</strong></span> <span class='ocrx_word' id='word_1_491' title='bbox 2344 725 2403 752; x_wconf 81' lang='lat' dir='ltr'><strong>aut.</strong></span> 
     </span>
     <span class='ocr_line' id='line_1_68' title="bbox 1432 764 2400 805; baseline -0.002 -9"><span class='ocrx_word' id='word_1_492' title='bbox 1432 766 1503 797; x_wconf 88' lang='lat' dir='ltr'><strong>aliis</strong></span> <span class='ocrx_word' id='word_1_493' title='bbox 1529 764 1721 803; x_wconf 85' lang='lat' dir='ltr'><strong>istiusmodi,</strong></span> <span class='ocrx_word' id='word_1_494' title='bbox 1751 775 1815 796; x_wconf 92' lang='lat' dir='ltr'><strong>non</strong></span> <span class='ocrx_word' id='word_1_495' title='bbox 1842 775 1933 805; x_wconf 87' lang='lat' dir='ltr'><strong>posse</strong></span> <span class='ocrx_word' id='word_1_496' title='bbox 1965 764 2154 805; x_wconf 85' lang='lat' dir='ltr'><strong>patientiam</strong></span> <span class='ocrx_word' id='word_1_497' title='bbox 2186 770 2332 795; x_wconf 84' lang='lat' dir='ltr'><strong>nostram</strong></span> <span class='ocrx_word' id='word_1_498' title='bbox 2361 772 2400 794; x_wconf 91' lang='lat' dir='ltr'><strong>eo</strong></span> 
     </span>
     <span class='ocr_line' id='line_1_69' title="bbox 1433 804 2403 848; baseline -0.003 -9"><span class='ocrx_word' id='word_1_499' title='bbox 1433 819 1533 848; x_wconf 88' lang='lat' dir='ltr'><strong>usque</strong></span> <span class='ocrx_word' id='word_1_500' title='bbox 1553 808 1675 839; x_wconf 86' lang='lat' dir='ltr'><strong>domari</strong></span> <span class='ocrx_word' id='word_1_501' title='bbox 1695 818 1714 838; x_wconf 82' lang='lat' dir='ltr'><strong>a</strong></span> <span class='ocrx_word' id='word_1_502' title='bbox 1734 807 1835 845; x_wconf 86' lang='lat' dir='ltr'><strong>nobis,</strong></span> <span class='ocrx_word' id='word_1_503' title='bbox 1859 814 1895 838; x_wconf 90' lang='lat' dir='ltr'><strong>ut</strong></span> <span class='ocrx_word' id='word_1_504' title='bbox 1914 818 1968 839; x_wconf 90' lang='lat' dir='ltr'><strong>eos</strong></span> <span class='ocrx_word' id='word_1_505' title='bbox 1986 817 2096 838; x_wconf 88' lang='lat' dir='ltr'><strong>amare</strong></span> <span class='ocrx_word' id='word_1_506' title='bbox 2115 807 2168 847; x_wconf 90' lang='lat' dir='ltr'><strong>qui</strong></span> <span class='ocrx_word' id='word_1_507' title='bbox 2187 816 2246 837; x_wconf 89' lang='lat' dir='ltr'><strong>nos</strong></span> <span class='ocrx_word' id='word_1_508' title='bbox 2264 804 2403 837; x_wconf 89' lang='lat' dir='ltr'><strong>oderunt</strong></span> 
     </span>
     <span class='ocr_line' id='line_1_70' title="bbox 1434 848 2402 891; baseline -0.003 -9"><span class='ocrx_word' id='word_1_509' title='bbox 1434 851 1613 891; x_wconf 83' lang='lat' dir='ltr'><strong>possimus,</strong></span> <span class='ocrx_word' id='word_1_510' title='bbox 1646 850 1694 882; x_wconf 87' lang='lat' dir='ltr'><strong>vel</strong></span> <span class='ocrx_word' id='word_1_511' title='bbox 1727 861 1786 882; x_wconf 90' lang='lat' dir='ltr'><strong>nos</strong></span> <span class='ocrx_word' id='word_1_512' title='bbox 1814 855 2041 891; x_wconf 77' lang='lat' dir='ltr'><strong>persequentes</strong></span> <span class='ocrx_word' id='word_1_513' title='bbox 2073 849 2235 880; x_wconf 87' lang='lat' dir='ltr'><strong>beneficiis</strong></span> <span class='ocrx_word' id='word_1_514' title='bbox 2262 848 2402 885; x_wconf 84' lang='lat' dir='ltr'><strong>vincere,</strong></span> 
     </span>
     <span class='ocr_line' id='line_1_71' title="bbox 1434 892 2405 933; baseline -0.003 -9"><span class='ocrx_word' id='word_1_515' title='bbox 1434 904 1537 933; x_wconf 87' lang='lat' dir='ltr'><strong>neque</strong></span> <span class='ocrx_word' id='word_1_516' title='bbox 1550 893 1674 933; x_wconf 89' lang='lat' dir='ltr'><strong>precari</strong></span> <span class='ocrx_word' id='word_1_517' title='bbox 1693 903 1752 933; x_wconf 92' lang='lat' dir='ltr'><strong>pro</strong></span> <span class='ocrx_word' id='word_1_518' title='bbox 1771 892 2039 924; x_wconf 80' lang='lat' dir='ltr'><strong>maledicentibus</strong></span> <span class='ocrx_word' id='word_1_519' title='bbox 2059 892 2241 932; x_wconf 81' lang='lat' dir='ltr'><strong>famamque</strong></span> <span class='ocrx_word' id='word_1_520' title='bbox 2259 897 2405 922; x_wconf 85' lang='lat' dir='ltr'><strong>nostram</strong></span> 
     </span>
     <span class='ocr_line' id='line_1_72' title="bbox 1435 932 2404 976; baseline -0.004 -9"><span class='ocrx_word' id='word_1_521' title='bbox 1435 935 1644 968; x_wconf 84' lang='lat' dir='ltr'><strong>laedentibus.</strong></span> <span class='ocrx_word' id='word_1_522' title='bbox 1690 936 1793 976; x_wconf 86' lang='lat' dir='ltr'><strong>Atqui</strong></span> <span class='ocrx_word' id='word_1_523' title='bbox 1823 935 1961 967; x_wconf 87' lang='lat' dir='ltr'><strong>Davidis</strong></span> <span class='ocrx_word' id='word_1_524' title='bbox 1992 934 2140 975; x_wconf 85' lang='lat' dir='ltr'><strong>exemplo</strong></span> <span class='ocrx_word' id='word_1_525' title='bbox 2171 934 2317 965; x_wconf 84' lang='lat' dir='ltr'><strong>doctrina</strong></span> <span class='ocrx_word' id='word_1_526' title='bbox 2347 932 2404 964; x_wconf 83' lang='lat' dir='ltr'><strong>illa.</strong></span> 
     </span>
     <span class='ocr_line' id='line_1_73' title="bbox 1435 976 2404 1018; baseline -0.005 -7"><span class='ocrx_word' id='word_1_527' title='bbox 1435 979 1660 1016; x_wconf 88' lang='lat' dir='ltr'><strong>confirmatur,</strong></span> <span class='ocrx_word' id='word_1_528' title='bbox 1701 989 1798 1018; x_wconf 88' lang='lat' dir='ltr'><strong>quem</strong></span> <span class='ocrx_word' id='word_1_529' title='bbox 1839 988 1917 1010; x_wconf 86' lang='lat' dir='ltr'><strong>sane</strong></span> <span class='ocrx_word' id='word_1_530' title='bbox 1951 988 2013 1009; x_wconf 85' lang='lat' dir='ltr'><strong>non</strong></span> <span class='ocrx_word' id='word_1_531' title='bbox 2048 978 2236 1018; x_wconf 84' lang='lat' dir='ltr'><strong>ignoramus</strong></span> <span class='ocrx_word' id='word_1_532' title='bbox 2268 976 2404 1007; x_wconf 90' lang='lat' dir='ltr'><strong>minime</strong></span> 
     </span>
     <span class='ocr_line' id='line_1_74' title="bbox 1436 1017 2403 1058; baseline -0.004 -5"><span class='ocrx_word' id='word_1_533' title='bbox 1436 1022 1535 1053; x_wconf 86' lang='lat' dir='ltr'><strong>fuisse</strong></span> <span class='ocrx_word' id='word_1_534' title='bbox 1568 1022 1709 1052; x_wconf 87' lang='lat' dir='ltr'><strong>ferreum</strong></span> <span class='ocrx_word' id='word_1_535' title='bbox 1741 1028 1797 1052; x_wconf 87' lang='lat' dir='ltr'><strong>aut</strong></span> <span class='ocrx_word' id='word_1_536' title='bbox 1828 1031 1971 1058; x_wconf 82' lang='lat' dir='ltr'><strong>saxeum,</strong></span> <span class='ocrx_word' id='word_1_537' title='bbox 2007 1020 2062 1052; x_wconf 87' lang='lat' dir='ltr'><strong>sed</strong></span> <span class='ocrx_word' id='word_1_538' title='bbox 2093 1020 2258 1051; x_wconf 82' lang='lat' dir='ltr'><strong>hominem</strong></span> <span class='ocrx_word' id='word_1_539' title='bbox 2287 1017 2403 1050; x_wconf 82' lang='lat' dir='ltr'><strong>iisdem</strong></span> 
     </span>
     <span class='ocr_line' id='line_1_75' title="bbox 1437 1059 2406 1105; baseline -0.003 -10"><span class='ocrx_word' id='word_1_540' title='bbox 1437 1064 1551 1105; x_wconf 89' lang='lat' dir='ltr'><strong>quibus</strong></span> <span class='ocrx_word' id='word_1_541' title='bbox 1575 1074 1632 1095; x_wconf 88' lang='lat' dir='ltr'><strong>nos</strong></span> <span class='ocrx_word' id='word_1_542' title='bbox 1655 1064 1822 1096; x_wconf 82' lang='lat' dir='ltr'><strong>affectibus</strong></span> <span class='ocrx_word' id='word_1_543' title='bbox 1846 1068 1879 1094; x_wconf 86' lang='lat' dir='ltr'><strong>et</strong></span> <span class='ocrx_word' id='word_1_544' title='bbox 1901 1063 2105 1103; x_wconf 81' lang='lat' dir='ltr'><strong>passionibus</strong></span> <span class='ocrx_word' id='word_1_545' title='bbox 2127 1061 2318 1094; x_wconf 85' lang='lat' dir='ltr'><strong>obnoxium:</strong></span> <span class='ocrx_word' id='word_1_546' title='bbox 2349 1059 2406 1092; x_wconf 88' lang='lat' dir='ltr'><strong>sed</strong></span> 
     </span>
    </p>
   </div>
   <div class='ocr_carea' id='block_1_17' title="bbox 1410 1105 2407 1189">
    <p class='ocr_par' dir='ltr' id='par_1_18' title="bbox 1410 1105 2407 1189">
     <span class='ocr_line' id='line_1_76' title="bbox 1410 1105 2405 1144; baseline -0.004 -5"><span class='ocrx_word' id='word_1_547' title='bbox 1410 1107 1491 1140; x_wconf 43' lang='lat' dir='ltr'><strong>:ille</strong></span> <span class='ocrx_word' id='word_1_548' title='bbox 1526 1115 1634 1138; x_wconf 86' lang='lat' dir='ltr'><strong>tamen</strong></span> <span class='ocrx_word' id='word_1_549' title='bbox 1669 1117 1744 1138; x_wconf 86' lang='lat' dir='ltr'><strong>suos</strong></span> <span class='ocrx_word' id='word_1_550' title='bbox 1778 1107 1915 1138; x_wconf 84' lang='lat' dir='ltr'><strong>affectus</strong></span> <span class='ocrx_word' id='word_1_551' title='bbox 1947 1106 1992 1137; x_wconf 87' lang='lat' dir='ltr'><strong>ita</strong></span> <span class='ocrx_word' id='word_1_552' title='bbox 2025 1105 2159 1144; x_wconf 90' lang='lat' dir='ltr'><strong>domuit,</strong></span> <span class='ocrx_word' id='word_1_553' title='bbox 2193 1110 2226 1136; x_wconf 88' lang='lat' dir='ltr'><strong>et</strong></span> <span class='ocrx_word' id='word_1_554' title='bbox 2259 1113 2293 1136; x_wconf 84' lang='lat' dir='ltr'><strong>se</strong></span> <span class='ocrx_word' id='word_1_555' title='bbox 2325 1112 2405 1144; x_wconf 71' lang='lat' dir='ltr'><strong>erg-8</strong></span> 
     </span>
     <span class='ocr_line' id='line_1_77' title="bbox 1411 1147 2407 1189; baseline -0.004 -8"><span class='ocrx_word' id='word_1_556' title='bbox 1411 1171 1413 1182; x_wconf 36' lang='grc' dir='ltr'><em>Α</em></span> <span class='ocrx_word' id='word_1_557' title='bbox 1438 1150 1564 1181; x_wconf 88' lang='lat' dir='ltr'><strong>hostem</strong></span> <span class='ocrx_word' id='word_1_558' title='bbox 1595 1149 1761 1181; x_wconf 84' lang='lat' dir='ltr'><strong>infensum</strong></span> <span class='ocrx_word' id='word_1_559' title='bbox 1789 1150 1835 1180; x_wconf 88' lang='lat' dir='ltr'><strong>ita</strong></span> <span class='ocrx_word' id='word_1_560' title='bbox 1863 1149 1977 1189; x_wconf 85' lang='lat' dir='ltr'><strong>gessit,</strong></span> <span class='ocrx_word' id='word_1_561' title='bbox 2009 1156 2045 1179; x_wconf 90' lang='lat' dir='ltr'><strong>ut</strong></span> <span class='ocrx_word' id='word_1_562' title='bbox 2067 1148 2191 1179; x_wconf 90' lang='lat' dir='ltr'><strong>malum</strong></span> <span class='ocrx_word' id='word_1_563' title='bbox 2213 1147 2298 1179; x_wconf 92' lang='lat' dir='ltr'><strong>bono</strong></span> <span class='ocrx_word' id='word_1_564' title='bbox 2319 1156 2407 1178; x_wconf 88' lang='lat' dir='ltr'><strong>com-</strong></span> 
     </span>
    </p>
   </div>
   <div class='ocr_carea' id='block_1_18' title="bbox 1439 1190 2414 2685">
    <p class='ocr_par' dir='ltr' id='par_1_19' title="bbox 1439 1190 2410 1789">
     <span class='ocr_line' id='line_1_78' title="bbox 1439 1190 2405 1232; baseline -0.003 -9"><span class='ocrx_word' id='word_1_565' title='bbox 1439 1192 1591 1232; x_wconf 85' lang='lat' dir='ltr'><strong>pensarit.</strong></span> <span class='ocrx_word' id='word_1_566' title='bbox 1645 1191 1864 1231; x_wconf 80' lang='lat' dir='ltr'><strong>Quamobrem</strong></span> <span class='ocrx_word' id='word_1_567' title='bbox 1894 1190 2076 1223; x_wconf 88' lang='lat' dir='ltr'><strong>istiusmodi</strong></span> <span class='ocrx_word' id='word_1_568' title='bbox 2105 1190 2332 1222; x_wconf 83' lang='lat' dir='ltr'><strong>exeusationes</strong></span> <span class='ocrx_word' id='word_1_569' title='bbox 2354 1199 2405 1220; x_wconf 89' lang='lat' dir='ltr'><strong>se-</strong></span> 
     </span>
     <span class='ocr_line' id='line_1_79' title="bbox 1439 1232 2406 1275; baseline -0.003 -9"><span class='ocrx_word' id='word_1_570' title='bbox 1439 1235 1501 1266; x_wconf 89' lang='lat' dir='ltr'><strong>mel</strong></span> <span class='ocrx_word' id='word_1_571' title='bbox 1535 1235 1705 1273; x_wconf 85' lang='lat' dir='ltr'><strong>facessant,</strong></span> <span class='ocrx_word' id='word_1_572' title='bbox 1744 1245 1824 1275; x_wconf 86' lang='lat' dir='ltr'><strong>quas</strong></span> <span class='ocrx_word' id='word_1_573' title='bbox 1860 1239 1896 1265; x_wconf 87' lang='lat' dir='ltr'><strong>ut</strong></span> <span class='ocrx_word' id='word_1_574' title='bbox 1934 1233 2066 1266; x_wconf 82' lang='lat' dir='ltr'><strong>frivolas</strong></span> <span class='ocrx_word' id='word_1_575' title='bbox 2105 1240 2138 1265; x_wconf 87' lang='lat' dir='ltr'><strong>et</strong></span> <span class='ocrx_word' id='word_1_576' title='bbox 2170 1234 2284 1264; x_wconf 86' lang='lat' dir='ltr'><strong>inanes</strong></span> <span class='ocrx_word' id='word_1_577' title='bbox 2315 1232 2406 1264; x_wconf 86' lang='lat' dir='ltr'><strong>Deus</strong></span> 
     </span>
     <span class='ocr_line' id='line_1_80' title="bbox 1440 1275 2407 1317; baseline -0.003 -8"><span class='ocrx_word' id='word_1_578' title='bbox 1440 1277 1650 1310; x_wconf 87' lang='lat' dir='ltr'><strong>condemnat:</strong></span> <span class='ocrx_word' id='word_1_579' title='bbox 1683 1283 1716 1308; x_wconf 87' lang='lat' dir='ltr'><strong>et</strong></span> <span class='ocrx_word' id='word_1_580' title='bbox 1740 1277 1853 1309; x_wconf 88' lang='lat' dir='ltr'><strong>vitium</strong></span> <span class='ocrx_word' id='word_1_581' title='bbox 1876 1277 1983 1317; x_wconf 89' lang='lat' dir='ltr'><strong>potius</strong></span> <span class='ocrx_word' id='word_1_582' title='bbox 2007 1281 2123 1307; x_wconf 86' lang='lat' dir='ltr'><strong>natura</strong></span> <span class='ocrx_word' id='word_1_583' title='bbox 2143 1276 2236 1308; x_wconf 86' lang='lat' dir='ltr'><strong>nobis</strong></span> <span class='ocrx_word' id='word_1_584' title='bbox 2258 1275 2407 1307; x_wconf 86' lang='lat' dir='ltr'><strong>innatum</strong></span> 
     </span>
     <span class='ocr_line' id='line_1_81' title="bbox 1441 1318 2407 1361; baseline -0.003 -9"><span class='ocrx_word' id='word_1_585' title='bbox 1441 1325 1660 1361; x_wconf 85' lang='lat' dir='ltr'><strong>agnoscentes,</strong></span> <span class='ocrx_word' id='word_1_586' title='bbox 1693 1319 1872 1352; x_wconf 91' lang='lat' dir='ltr'><strong>remedium</strong></span> <span class='ocrx_word' id='word_1_587' title='bbox 1899 1319 2069 1351; x_wconf 88' lang='lat' dir='ltr'><strong>adversum</strong></span> <span class='ocrx_word' id='word_1_588' title='bbox 2094 1318 2174 1351; x_wconf 91' lang='lat' dir='ltr'><strong>illud</strong></span> <span class='ocrx_word' id='word_1_589' title='bbox 2197 1327 2407 1359; x_wconf 86' lang='lat' dir='ltr'><strong>quaeramus:</strong></span> 
     </span>
     <span class='ocr_line' id='line_1_82' title="bbox 1441 1359 2408 1403; baseline -0.004 -8"><span class='ocrx_word' id='word_1_590' title='bbox 1441 1371 1471 1395; x_wconf 90' lang='lat' dir='ltr'><strong>et</strong></span> <span class='ocrx_word' id='word_1_591' title='bbox 1505 1362 1764 1403; x_wconf 89' lang='lat' dir='ltr'><strong>quandoquidem</strong></span> <span class='ocrx_word' id='word_1_592' title='bbox 1797 1370 1915 1394; x_wconf 86' lang='lat' dir='ltr'><strong>natura</strong></span> <span class='ocrx_word' id='word_1_593' title='bbox 1949 1362 2036 1402; x_wconf 91' lang='lat' dir='ltr'><strong>pleni</strong></span> <span class='ocrx_word' id='word_1_594' title='bbox 2070 1372 2183 1393; x_wconf 89' lang='lat' dir='ltr'><strong>sumus</strong></span> <span class='ocrx_word' id='word_1_595' title='bbox 2211 1359 2408 1401; x_wconf 74' lang='lat' dir='ltr'><strong>arrogantia,</strong></span> 
     </span>
     <span class='ocr_line' id='line_1_83' title="bbox 1440 1404 2408 1447; baseline -0.003 -10"><span class='ocrx_word' id='word_1_596' title='bbox 1440 1406 1599 1447; x_wconf 83' lang='lat' dir='ltr'><strong>superbia,</strong></span> <span class='ocrx_word' id='word_1_597' title='bbox 1618 1406 1704 1437; x_wconf 83' lang='lat' dir='ltr'><strong>fastu</strong></span> <span class='ocrx_word' id='word_1_598' title='bbox 1723 1409 1755 1437; x_wconf 84' lang='lat' dir='ltr'><strong>et</strong></span> <span class='ocrx_word' id='word_1_599' title='bbox 1773 1405 1954 1437; x_wconf 87' lang='lat' dir='ltr'><strong>stomacho:</strong></span> <span class='ocrx_word' id='word_1_600' title='bbox 1976 1404 2084 1435; x_wconf 91' lang='lat' dir='ltr'><strong>Deum</strong></span> <span class='ocrx_word' id='word_1_601' title='bbox 2105 1414 2274 1444; x_wconf 87' lang='lat' dir='ltr'><strong>precemur</strong></span> <span class='ocrx_word' id='word_1_602' title='bbox 2292 1407 2329 1434; x_wconf 89' lang='lat' dir='ltr'><strong>ut</strong></span> <span class='ocrx_word' id='word_1_603' title='bbox 2348 1411 2408 1435; x_wconf 86' lang='lat' dir='ltr'><strong>nos</strong></span> 
     </span>
     <span class='ocr_line' id='line_1_84' title="bbox 1441 1445 2407 1489; baseline -0.004 -9"><span class='ocrx_word' id='word_1_604' title='bbox 1441 1456 1550 1481; x_wconf 87' lang='lat' dir='ltr'><strong>sancto</strong></span> <span class='ocrx_word' id='word_1_605' title='bbox 1569 1459 1627 1480; x_wconf 88' lang='lat' dir='ltr'><strong>suo</strong></span> <span class='ocrx_word' id='word_1_606' title='bbox 1646 1448 1765 1488; x_wconf 89' lang='lat' dir='ltr'><strong>spiritu</strong></span> <span class='ocrx_word' id='word_1_607' title='bbox 1789 1455 1888 1489; x_wconf 83' lang='lat' dir='ltr'><strong>regat,</strong></span> <span class='ocrx_word' id='word_1_608' title='bbox 1911 1452 1945 1479; x_wconf 87' lang='lat' dir='ltr'><strong>et</strong></span> <span class='ocrx_word' id='word_1_609' title='bbox 1967 1457 2038 1479; x_wconf 87' lang='lat' dir='ltr'><strong>eam</strong></span> <span class='ocrx_word' id='word_1_610' title='bbox 2061 1447 2162 1478; x_wconf 85' lang='lat' dir='ltr'><strong>animi</strong></span> <span class='ocrx_word' id='word_1_611' title='bbox 2186 1445 2407 1478; x_wconf 83' lang='lat' dir='ltr'><strong>fortitudinem</strong></span> 
     </span>
     <span class='ocr_line' id='line_1_85' title="bbox 1441 1489 2408 1532; baseline -0.003 -9"><span class='ocrx_word' id='word_1_612' title='bbox 1441 1499 1473 1524; x_wconf 87' lang='lat' dir='ltr'><strong>et</strong></span> <span class='ocrx_word' id='word_1_613' title='bbox 1484 1491 1788 1532; x_wconf 82' lang='lat' dir='ltr'><strong>magnanimitatem</strong></span> <span class='ocrx_word' id='word_1_614' title='bbox 1801 1491 1933 1527; x_wconf 89' lang='lat' dir='ltr'><strong>iniiciat,</strong></span> <span class='ocrx_word' id='word_1_615' title='bbox 1953 1500 2017 1530; x_wconf 87' lang='lat' dir='ltr'><strong>qua</strong></span> <span class='ocrx_word' id='word_1_616' title='bbox 2036 1489 2163 1521; x_wconf 86' lang='lat' dir='ltr'><strong>fortiter</strong></span> <span class='ocrx_word' id='word_1_617' title='bbox 2183 1499 2277 1520; x_wconf 83' lang='lat' dir='ltr'><strong>casus</strong></span> <span class='ocrx_word' id='word_1_618' title='bbox 2296 1498 2408 1520; x_wconf 87' lang='lat' dir='ltr'><strong>omnes</strong></span> 
     </span>
     <span class='ocr_line' id='line_1_86' title="bbox 1442 1530 2408 1574; baseline -0.004 -8"><span class='ocrx_word' id='word_1_619' title='bbox 1442 1535 1594 1566; x_wconf 86' lang='lat' dir='ltr'><strong>adversos</strong></span> <span class='ocrx_word' id='word_1_620' title='bbox 1612 1533 1762 1572; x_wconf 87' lang='lat' dir='ltr'><strong>feramus,</strong></span> <span class='ocrx_word' id='word_1_621' title='bbox 1787 1538 1819 1565; x_wconf 85' lang='lat' dir='ltr'><strong>et</strong></span> <span class='ocrx_word' id='word_1_622' title='bbox 1839 1532 1994 1574; x_wconf 90' lang='lat' dir='ltr'><strong>quidquid</strong></span> <span class='ocrx_word' id='word_1_623' title='bbox 2014 1532 2105 1564; x_wconf 89' lang='lat' dir='ltr'><strong>nobis</strong></span> <span class='ocrx_word' id='word_1_624' title='bbox 2124 1532 2290 1572; x_wconf 90' lang='lat' dir='ltr'><strong>imponere</strong></span> <span class='ocrx_word' id='word_1_625' title='bbox 2312 1530 2408 1563; x_wconf 83' lang='lat' dir='ltr'><strong>volu·</strong></span> 
     </span>
     <span class='ocr_line' id='line_1_87' title="bbox 1442 1573 2408 1617; baseline -0.004 -8"><span class='ocrx_word' id='word_1_626' title='bbox 1442 1578 1503 1609; x_wconf 88' lang='lat' dir='ltr'><strong>erit</strong></span> <span class='ocrx_word' id='word_1_627' title='bbox 1537 1578 1696 1617; x_wconf 85' lang='lat' dir='ltr'><strong>patienter</strong></span> <span class='ocrx_word' id='word_1_628' title='bbox 1730 1576 1921 1608; x_wconf 83' lang='lat' dir='ltr'><strong>subeamus:</strong></span> <span class='ocrx_word' id='word_1_629' title='bbox 1961 1584 2156 1615; x_wconf 81' lang='lat' dir='ltr'><strong>causamque</strong></span> <span class='ocrx_word' id='word_1_630' title='bbox 2190 1579 2336 1606; x_wconf 80' lang='lat' dir='ltr'><strong>nostram</strong></span> <span class='ocrx_word' id='word_1_631' title='bbox 2373 1573 2408 1604; x_wconf 90' lang='lat' dir='ltr'><strong>in</strong></span> 
     </span>
     <span class='ocr_line' id='line_1_88' title="bbox 1443 1616 2409 1660; baseline -0.003 -9"><span class='ocrx_word' id='word_1_632' title='bbox 1443 1630 1559 1652; x_wconf 88' lang='lat' dir='ltr'><strong>manus</strong></span> <span class='ocrx_word' id='word_1_633' title='bbox 1582 1620 1683 1660; x_wconf 85' lang='lat' dir='ltr'><strong>ipsius</strong></span> <span class='ocrx_word' id='word_1_634' title='bbox 1706 1619 1899 1656; x_wconf 88' lang='lat' dir='ltr'><strong>reiiciamus,</strong></span> <span class='ocrx_word' id='word_1_635' title='bbox 1923 1616 2194 1659; x_wconf 89' lang='lat' dir='ltr'><strong>quemadmodum</strong></span> <span class='ocrx_word' id='word_1_636' title='bbox 2218 1627 2276 1649; x_wconf 88' lang='lat' dir='ltr'><strong>nos</strong></span> <span class='ocrx_word' id='word_1_637' title='bbox 2288 1617 2409 1649; x_wconf 86' lang='lat' dir='ltr'><strong>Petrus</strong></span> 
     </span>
     <span class='ocr_line' id='line_1_89' title="bbox 1442 1659 2408 1702; baseline -0.004 -7"><span class='ocrx_word' id='word_1_638' title='bbox 1442 1663 1542 1700; x_wconf 88' lang='lat' dir='ltr'><strong>docet,</strong></span> <span class='ocrx_word' id='word_1_639' title='bbox 1572 1669 1604 1694; x_wconf 87' lang='lat' dir='ltr'><strong>et</strong></span> <span class='ocrx_word' id='word_1_640' title='bbox 1626 1661 1734 1694; x_wconf 89' lang='lat' dir='ltr'><strong>David</strong></span> <span class='ocrx_word' id='word_1_641' title='bbox 1763 1662 1912 1702; x_wconf 86' lang='lat' dir='ltr'><strong>exemplo</strong></span> <span class='ocrx_word' id='word_1_642' title='bbox 1941 1672 1999 1693; x_wconf 90' lang='lat' dir='ltr'><strong>suo</strong></span> <span class='ocrx_word' id='word_1_643' title='bbox 2029 1660 2145 1697; x_wconf 87' lang='lat' dir='ltr'><strong>erudit,</strong></span> <span class='ocrx_word' id='word_1_644' title='bbox 2173 1664 2210 1692; x_wconf 93' lang='lat' dir='ltr'><strong>ut</strong></span> <span class='ocrx_word' id='word_1_645' title='bbox 2232 1659 2408 1692; x_wconf 87' lang='lat' dir='ltr'><strong>affectuum</strong></span> 
     </span>
     <span class='ocr_line' id='line_1_90' title="bbox 1441 1702 2410 1744; baseline -0.002 -7"><span class='ocrx_word' id='word_1_646' title='bbox 1441 1712 1625 1737; x_wconf 88' lang='lat' dir='ltr'><strong>nostrorum</strong></span> <span class='ocrx_word' id='word_1_647' title='bbox 1656 1705 1790 1736; x_wconf 89' lang='lat' dir='ltr'><strong>nimiam</strong></span> <span class='ocrx_word' id='word_1_648' title='bbox 1816 1704 2001 1736; x_wconf 86' lang='lat' dir='ltr'><strong>violentiam</strong></span> <span class='ocrx_word' id='word_1_649' title='bbox 2024 1709 2057 1735; x_wconf 83' lang='lat' dir='ltr'><strong>et</strong></span> <span class='ocrx_word' id='word_1_650' title='bbox 2079 1703 2238 1744; x_wconf 88' lang='lat' dir='ltr'><strong>impetum</strong></span> <span class='ocrx_word' id='word_1_651' title='bbox 2261 1702 2410 1735; x_wconf 80' lang='lat' dir='ltr'><strong>fraenare</strong></span> 
     </span>
     <span class='ocr_line' id='line_1_91' title="bbox 1441 1759 1610 1789; baseline -0.006 -9"><span class='ocrx_word' id='word_1_652' title='bbox 1441 1759 1610 1789; x_wconf 85' lang='lat' dir='ltr'><strong>possimus.</strong></span> 
     </span>
    </p>

    <p class='ocr_par' dir='ltr' id='par_1_20' title="bbox 1443 1788 2414 2685">
     <span class='ocr_line' id='line_1_92' title="bbox 1526 1788 2409 1822; baseline -0.003 0"><span class='ocrx_word' id='word_1_653' title='bbox 1526 1791 1596 1822; x_wconf 83' lang='lat' dir='ltr'><strong>Iam</strong></span> <span class='ocrx_word' id='word_1_654' title='bbox 1626 1801 1703 1822; x_wconf 83' lang='lat' dir='ltr'><strong>vero</strong></span> <span class='ocrx_word' id='word_1_655' title='bbox 1726 1789 1838 1822; x_wconf 81' lang='lat' dir='ltr'><strong>Saulis</strong></span> <span class='ocrx_word' id='word_1_656' title='bbox 1867 1789 2092 1822; x_wconf 87' lang='lat' dir='ltr'><strong>crudelitatem</strong></span> <span class='ocrx_word' id='word_1_657' title='bbox 2115 1794 2148 1820; x_wconf 88' lang='lat' dir='ltr'><strong>et</strong></span> <span class='ocrx_word' id='word_1_658' title='bbox 2169 1788 2409 1820; x_wconf 81' lang='lat' dir='ltr'><strong>immanitatem</strong></span> 
     </span>
     <span class='ocr_line' id='line_1_93' title="bbox 1443 1830 2410 1875; baseline -0.004 -9"><span class='ocrx_word' id='word_1_659' title='bbox 1443 1834 1674 1875; x_wconf 85' lang='lat' dir='ltr'><strong>expendamus,</strong></span> <span class='ocrx_word' id='word_1_660' title='bbox 1699 1844 1763 1873; x_wconf 88' lang='lat' dir='ltr'><strong>qua</strong></span> <span class='ocrx_word' id='word_1_661' title='bbox 1787 1832 1948 1864; x_wconf 88' lang='lat' dir='ltr'><strong>Davidem</strong></span> <span class='ocrx_word' id='word_1_662' title='bbox 1971 1833 2148 1864; x_wconf 85' lang='lat' dir='ltr'><strong>insectatus</strong></span> <span class='ocrx_word' id='word_1_663' title='bbox 2171 1837 2229 1863; x_wconf 81' lang='lat' dir='ltr'><strong>est.</strong></span> <span class='ocrx_word' id='word_1_664' title='bbox 2264 1830 2351 1863; x_wconf 80' lang='lat' dir='ltr'><strong>Nam</strong></span> <span class='ocrx_word' id='word_1_665' title='bbox 2374 1837 2410 1862; x_wconf 86' lang='lat' dir='ltr'><strong>ut</strong></span> 
     </span>
     <span class='ocr_line' id='line_1_94' title="bbox 1443 1874 2410 1915; baseline -0.004 -6"><span class='ocrx_word' id='word_1_666' title='bbox 1443 1888 1556 1909; x_wconf 87' lang='lat' dir='ltr'><strong>sumus</strong></span> <span class='ocrx_word' id='word_1_667' title='bbox 1580 1883 1697 1907; x_wconf 84' lang='lat' dir='ltr'><strong>natura</strong></span> <span class='ocrx_word' id='word_1_668' title='bbox 1719 1875 1831 1907; x_wconf 89' lang='lat' dir='ltr'><strong>diserti</strong></span> <span class='ocrx_word' id='word_1_669' title='bbox 1855 1883 1888 1906; x_wconf 92' lang='lat' dir='ltr'><strong>et</strong></span> <span class='ocrx_word' id='word_1_670' title='bbox 1910 1875 2095 1915; x_wconf 85' lang='lat' dir='ltr'><strong>eloquentes</strong></span> <span class='ocrx_word' id='word_1_671' title='bbox 2118 1874 2260 1905; x_wconf 87' lang='lat' dir='ltr'><strong>hostium</strong></span> <span class='ocrx_word' id='word_1_672' title='bbox 2281 1880 2410 1906; x_wconf 85' lang='lat' dir='ltr'><strong>nostro-</strong></span> 
     </span>
     <span class='ocr_line' id='line_1_95' title="bbox 1445 1917 2410 1959; baseline -0.003 -8"><span class='ocrx_word' id='word_1_673' title='bbox 1445 1931 1516 1951; x_wconf 90' lang='lat' dir='ltr'><strong>rum</strong></span> <span class='ocrx_word' id='word_1_674' title='bbox 1547 1919 1704 1950; x_wconf 82' lang='lat' dir='ltr'><strong>malitiam</strong></span> <span class='ocrx_word' id='word_1_675' title='bbox 1731 1929 1930 1959; x_wconf 81' lang='lat' dir='ltr'><strong>exaggerare</strong></span> <span class='ocrx_word' id='word_1_676' title='bbox 1953 1925 1983 1949; x_wconf 87' lang='lat' dir='ltr'><strong>et</strong></span> <span class='ocrx_word' id='word_1_677' title='bbox 2007 1917 2206 1957; x_wconf 83' lang='lat' dir='ltr'><strong>amplificare</strong></span> <span class='ocrx_word' id='word_1_678' title='bbox 2228 1926 2410 1957; x_wconf 82' lang='lat' dir='ltr'><strong>possemus,</strong></span> 
     </span>
     <span class='ocr_line' id='line_1_96' title="bbox 1445 1958 2411 2001; baseline -0.003 -8"><span class='ocrx_word' id='word_1_679' title='bbox 1445 1964 1477 1993; x_wconf 87' lang='lat' dir='ltr'><strong>in</strong></span> <span class='ocrx_word' id='word_1_680' title='bbox 1508 1962 1636 1993; x_wconf 89' lang='lat' dir='ltr'><strong>iniuriis</strong></span> <span class='ocrx_word' id='word_1_681' title='bbox 1663 1961 1873 2001; x_wconf 84' lang='lat' dir='ltr'><strong>exponendis,</strong></span> <span class='ocrx_word' id='word_1_682' title='bbox 1904 1960 2020 2001; x_wconf 89' lang='lat' dir='ltr'><strong>quibus</strong></span> <span class='ocrx_word' id='word_1_683' title='bbox 2049 1960 2088 1992; x_wconf 88' lang='lat' dir='ltr'><strong>ab</strong></span> <span class='ocrx_word' id='word_1_684' title='bbox 2111 1960 2189 2000; x_wconf 89' lang='lat' dir='ltr'><strong>ipsis</strong></span> <span class='ocrx_word' id='word_1_685' title='bbox 2213 1958 2319 1991; x_wconf 85' lang='lat' dir='ltr'><strong>affecti</strong></span> <span class='ocrx_word' id='word_1_686' title='bbox 2342 1959 2411 1991; x_wconf 84' lang='lat' dir='ltr'><strong>fue-</strong></span> 
     </span>
     <span class='ocr_line' id='line_1_97' title="bbox 1446 2001 2410 2043; baseline -0.003 -7"><span class='ocrx_word' id='word_1_687' title='bbox 1446 2006 1555 2042; x_wconf 87' lang='lat' dir='ltr'><strong>rimus,</strong></span> <span class='ocrx_word' id='word_1_688' title='bbox 1579 2011 1610 2036; x_wconf 87' lang='lat' dir='ltr'><strong>et</strong></span> <span class='ocrx_word' id='word_1_689' title='bbox 1628 2004 1780 2036; x_wconf 83' lang='lat' dir='ltr'><strong>facillime</strong></span> <span class='ocrx_word' id='word_1_690' title='bbox 1799 2015 1838 2035; x_wconf 85' lang='lat' dir='ltr'><strong>ex</strong></span> <span class='ocrx_word' id='word_1_691' title='bbox 1863 2014 1974 2036; x_wconf 86' lang='lat' dir='ltr'><strong>musca</strong></span> <span class='ocrx_word' id='word_1_692' title='bbox 1995 2002 2207 2043; x_wconf 84' lang='lat' dir='ltr'><strong>elephantum</strong></span> <span class='ocrx_word' id='word_1_693' title='bbox 2229 2001 2410 2041; x_wconf 82' lang='lat' dir='ltr'><strong>fecerimus,</strong></span> 
     </span>
     <span class='ocr_line' id='line_1_98' title="bbox 1446 2044 2411 2088; baseline -0.004 -9"><span class='ocrx_word' id='word_1_694' title='bbox 1446 2048 1530 2088; x_wconf 70' lang='lat' dir='ltr'><strong>quod</strong></span> <span class='ocrx_word' id='word_1_695' title='bbox 1561 2060 1578 2079; x_wconf 91' lang='lat' dir='ltr'><strong>a</strong></span> <span class='ocrx_word' id='word_1_696' title='bbox 1609 2054 1726 2079; x_wconf 83' lang='lat' dir='ltr'><strong>natura</strong></span> <span class='ocrx_word' id='word_1_697' title='bbox 1755 2046 1853 2078; x_wconf 88' lang='lat' dir='ltr'><strong>nimis</strong></span> <span class='ocrx_word' id='word_1_698' title='bbox 1876 2046 1926 2078; x_wconf 89' lang='lat' dir='ltr'><strong>sui</strong></span> <span class='ocrx_word' id='word_1_699' title='bbox 1949 2050 2133 2079; x_wconf 83' lang='lat' dir='ltr'><strong>amante‚et</strong></span> <span class='ocrx_word' id='word_1_700' title='bbox 2154 2044 2291 2076; x_wconf 84' lang='lat' dir='ltr'><strong>delicata</strong></span> <span class='ocrx_word' id='word_1_701' title='bbox 2311 2044 2411 2085; x_wconf 85' lang='lat' dir='ltr'><strong>profi·</strong></span> 
     </span>
     <span class='ocr_line' id='line_1_99' title="bbox 1446 2087 2411 2130; baseline -0.005 -8"><span class='ocrx_word' id='word_1_702' title='bbox 1446 2091 1584 2122; x_wconf 87' lang='lat' dir='ltr'><strong>ciscitur.</strong></span> <span class='ocrx_word' id='word_1_703' title='bbox 1638 2089 1738 2130; x_wconf 88' lang='lat' dir='ltr'><strong>Atqui</strong></span> <span class='ocrx_word' id='word_1_704' title='bbox 1771 2095 1896 2121; x_wconf 87' lang='lat' dir='ltr'><strong>certum</strong></span> <span class='ocrx_word' id='word_1_705' title='bbox 1926 2094 1976 2121; x_wconf 90' lang='lat' dir='ltr'><strong>est</strong></span> <span class='ocrx_word' id='word_1_706' title='bbox 2005 2089 2059 2120; x_wconf 83' lang='lat' dir='ltr'><strong>vix</strong></span> <span class='ocrx_word' id='word_1_707' title='bbox 2090 2087 2185 2119; x_wconf 88' lang='lat' dir='ltr'><strong>hodie</strong></span> <span class='ocrx_word' id='word_1_708' title='bbox 2214 2097 2411 2127; x_wconf 81' lang='lat' dir='ltr'><strong>quemquam</strong></span> 
     </span>
     <span class='ocr_line' id='line_1_100' title="bbox 1447 2129 2412 2173; baseline -0.004 -9"><span class='ocrx_word' id='word_1_709' title='bbox 1447 2134 1586 2164; x_wconf 87' lang='lat' dir='ltr'><strong>inveniri</strong></span> <span class='ocrx_word' id='word_1_710' title='bbox 1617 2143 1710 2173; x_wconf 88' lang='lat' dir='ltr'><strong>posse</strong></span> <span class='ocrx_word' id='word_1_711' title='bbox 1740 2132 1845 2173; x_wconf 86' lang='lat' dir='ltr'><strong>magis</strong></span> <span class='ocrx_word' id='word_1_712' title='bbox 1875 2130 2072 2172; x_wconf 85' lang='lat' dir='ltr'><strong>improbum,</strong></span> <span class='ocrx_word' id='word_1_713' title='bbox 2103 2129 2206 2170; x_wconf 86' lang='lat' dir='ltr'><strong>magis</strong></span> <span class='ocrx_word' id='word_1_714' title='bbox 2235 2130 2412 2161; x_wconf 79' lang='lat' dir='ltr'><strong>immanem</strong></span> 
     </span>
     <span class='ocr_line' id='line_1_101' title="bbox 1447 2171 2411 2216; baseline -0.005 -8"><span class='ocrx_word' id='word_1_715' title='bbox 1447 2181 1480 2208; x_wconf 89' lang='lat' dir='ltr'><strong>et</strong></span> <span class='ocrx_word' id='word_1_716' title='bbox 1498 2176 1669 2213; x_wconf 88' lang='lat' dir='ltr'><strong>crudelem,</strong></span> <span class='ocrx_word' id='word_1_717' title='bbox 1693 2175 1797 2216; x_wconf 84' lang='lat' dir='ltr'><strong>magis</strong></span> <span class='ocrx_word' id='word_1_718' title='bbox 1821 2174 1956 2214; x_wconf 88' lang='lat' dir='ltr'><strong>denique</strong></span> <span class='ocrx_word' id='word_1_719' title='bbox 1980 2174 2144 2213; x_wconf 83' lang='lat' dir='ltr'><strong>ingratum</strong></span> <span class='ocrx_word' id='word_1_720' title='bbox 2168 2179 2201 2204; x_wconf 89' lang='lat' dir='ltr'><strong>et</strong></span> <span class='ocrx_word' id='word_1_721' title='bbox 2223 2171 2328 2212; x_wconf 85' lang='lat' dir='ltr'><strong>magis</strong></span> <span class='ocrx_word' id='word_1_722' title='bbox 2349 2172 2411 2204; x_wconf 90' lang='lat' dir='ltr'><strong>im-</strong></span> 
     </span>
     <span class='ocr_line' id='line_1_102' title="bbox 1449 2214 2411 2258; baseline -0.004 -8"><span class='ocrx_word' id='word_1_723' title='bbox 1449 2219 1647 2258; x_wconf 83' lang='lat' dir='ltr'><strong>placabilem,</strong></span> <span class='ocrx_word' id='word_1_724' title='bbox 1676 2228 1773 2258; x_wconf 86' lang='lat' dir='ltr'><strong>quam</strong></span> <span class='ocrx_word' id='word_1_725' title='bbox 1803 2217 1878 2248; x_wconf 91' lang='lat' dir='ltr'><strong>olim</strong></span> <span class='ocrx_word' id='word_1_726' title='bbox 1902 2217 1965 2248; x_wconf 84' lang='lat' dir='ltr'><strong>fuit</strong></span> <span class='ocrx_word' id='word_1_727' title='bbox 1988 2216 2067 2248; x_wconf 85' lang='lat' dir='ltr'><strong>Saul</strong></span> <span class='ocrx_word' id='word_1_728' title='bbox 2093 2214 2229 2246; x_wconf 86' lang='lat' dir='ltr'><strong>Davidis</strong></span> <span class='ocrx_word' id='word_1_729' title='bbox 2253 2219 2411 2255; x_wconf 86' lang='lat' dir='ltr'><strong>respectu.</strong></span> 
     </span>
     <span class='ocr_line' id='line_1_103' title="bbox 1448 2257 2411 2302; baseline -0.004 -10"><span class='ocrx_word' id='word_1_730' title='bbox 1448 2262 1532 2292; x_wconf 89' lang='lat' dir='ltr'><strong>Nam</strong></span> <span class='ocrx_word' id='word_1_731' title='bbox 1562 2261 1670 2302; x_wconf 86' lang='lat' dir='ltr'><strong>qualia</strong></span> <span class='ocrx_word' id='word_1_732' title='bbox 1702 2265 1886 2301; x_wconf 85' lang='lat' dir='ltr'><strong>quantaque</strong></span> <span class='ocrx_word' id='word_1_733' title='bbox 1916 2259 1985 2291; x_wconf 86' lang='lat' dir='ltr'><strong>eius</strong></span> <span class='ocrx_word' id='word_1_734' title='bbox 2014 2258 2137 2290; x_wconf 79' lang='lat' dir='ltr'><strong>fuerint</strong></span> <span class='ocrx_word' id='word_1_735' title='bbox 2167 2257 2342 2296; x_wconf 85' lang='lat' dir='ltr'><strong>benefacta,</strong></span> <span class='ocrx_word' id='word_1_736' title='bbox 2376 2257 2411 2289; x_wconf 89' lang='lat' dir='ltr'><strong>in</strong></span> 
     </span>
     <span class='ocr_line' id='line_1_104' title="bbox 1449 2300 2414 2344; baseline -0.004 -9"><span class='ocrx_word' id='word_1_737' title='bbox 1449 2310 1549 2335; x_wconf 82' lang='lat' dir='ltr'><strong>totum</strong></span> <span class='ocrx_word' id='word_1_738' title='bbox 1581 2303 1732 2344; x_wconf 81' lang='lat' dir='ltr'><strong>populum</strong></span> <span class='ocrx_word' id='word_1_739' title='bbox 1761 2307 1794 2334; x_wconf 86' lang='lat' dir='ltr'><strong>et</strong></span> <span class='ocrx_word' id='word_1_740' title='bbox 1815 2303 1979 2343; x_wconf 88' lang='lat' dir='ltr'><strong>regionem</strong></span> <span class='ocrx_word' id='word_1_741' title='bbox 2003 2312 2100 2342; x_wconf 91' lang='lat' dir='ltr'><strong>quam</strong></span> <span class='ocrx_word' id='word_1_742' title='bbox 2124 2301 2209 2332; x_wconf 81' lang='lat' dir='ltr'><strong>vitae</strong></span> <span class='ocrx_word' id='word_1_743' title='bbox 2230 2310 2308 2332; x_wconf 78' lang='lat' dir='ltr'><strong>suae</strong></span> <span class='ocrx_word' id='word_1_744' title='bbox 2330 2300 2414 2341; x_wconf 87' lang='lat' dir='ltr'><strong>peri-</strong></span> 
     </span>
     <span class='ocr_line' id='line_1_105' title="bbox 1448 2341 2413 2384; baseline -0.004 -6"><span class='ocrx_word' id='word_1_745' title='bbox 1448 2347 1519 2378; x_wconf 90' lang='lat' dir='ltr'><strong>culo</strong></span> <span class='ocrx_word' id='word_1_746' title='bbox 1549 2346 1656 2378; x_wconf 84' lang='lat' dir='ltr'><strong>David</strong></span> <span class='ocrx_word' id='word_1_747' title='bbox 1687 2351 1883 2383; x_wconf 86' lang='lat' dir='ltr'><strong>servaverat,</strong></span> <span class='ocrx_word' id='word_1_748' title='bbox 1915 2344 1993 2376; x_wconf 86' lang='lat' dir='ltr'><strong>adeo</strong></span> <span class='ocrx_word' id='word_1_749' title='bbox 2025 2344 2154 2384; x_wconf 89' lang='lat' dir='ltr'><strong>quidem</strong></span> <span class='ocrx_word' id='word_1_750' title='bbox 2185 2347 2222 2374; x_wconf 83' lang='lat' dir='ltr'><strong>ut</strong></span> <span class='ocrx_word' id='word_1_751' title='bbox 2246 2342 2309 2384; x_wconf 83' lang='lat' dir='ltr'><strong>ipsi</strong></span> <span class='ocrx_word' id='word_1_752' title='bbox 2333 2341 2413 2375; x_wconf 85' lang='lat' dir='ltr'><strong>Saul</strong></span> 
     </span>
     <span class='ocr_line' id='line_1_106' title="bbox 1448 2384 2413 2430; baseline -0.005 -9"><span class='ocrx_word' id='word_1_753' title='bbox 1448 2396 1609 2430; x_wconf 82' lang='lat' dir='ltr'><strong>sceptrum</strong></span> <span class='ocrx_word' id='word_1_754' title='bbox 1650 2394 1682 2421; x_wconf 89' lang='lat' dir='ltr'><strong>et</strong></span> <span class='ocrx_word' id='word_1_755' title='bbox 1721 2398 1869 2420; x_wconf 89' lang='lat' dir='ltr'><strong>coronam</strong></span> <span class='ocrx_word' id='word_1_756' title='bbox 1911 2387 2056 2419; x_wconf 89' lang='lat' dir='ltr'><strong>deberet:</strong></span> <span class='ocrx_word' id='word_1_757' title='bbox 2099 2391 2265 2426; x_wconf 78' lang='lat' dir='ltr'><strong>praeterea</strong></span> <span class='ocrx_word' id='word_1_758' title='bbox 2303 2384 2413 2426; x_wconf 76' lang='lat' dir='ltr'><strong>qualia</strong></span> 
     </span>
     <span class='ocr_line' id='line_1_107' title="bbox 1449 2428 2411 2471; baseline -0.003 -8"><span class='ocrx_word' id='word_1_759' title='bbox 1449 2433 1580 2463; x_wconf 87' lang='lat' dir='ltr'><strong>fuerunt</strong></span> <span class='ocrx_word' id='word_1_760' title='bbox 1602 2433 1634 2463; x_wconf 90' lang='lat' dir='ltr'><strong>in</strong></span> <span class='ocrx_word' id='word_1_761' title='bbox 1659 2430 1792 2464; x_wconf 82' lang='lat' dir='ltr'><strong>Saulem</strong></span> <span class='ocrx_word' id='word_1_762' title='bbox 1815 2431 1968 2471; x_wconf 87' lang='lat' dir='ltr'><strong>privatim</strong></span> <span class='ocrx_word' id='word_1_763' title='bbox 1991 2429 2108 2461; x_wconf 88' lang='lat' dir='ltr'><strong>collata</strong></span> <span class='ocrx_word' id='word_1_764' title='bbox 2131 2428 2287 2460; x_wconf 83' lang='lat' dir='ltr'><strong>beneficia</strong></span> <span class='ocrx_word' id='word_1_765' title='bbox 2309 2438 2411 2468; x_wconf 89' lang='lat' dir='ltr'><strong>quum</strong></span> 
     </span>
     <span class='ocr_line' id='line_1_108' title="bbox 1449 2471 2411 2515; baseline -0.005 -9"><span class='ocrx_word' id='word_1_766' title='bbox 1449 2474 1603 2506; x_wconf 86' lang='lat' dir='ltr'><strong>furiosum</strong></span> <span class='ocrx_word' id='word_1_767' title='bbox 1625 2476 1740 2515; x_wconf 90' lang='lat' dir='ltr'><strong>ipsum,</strong></span> <span class='ocrx_word' id='word_1_768' title='bbox 1771 2479 1803 2505; x_wconf 88' lang='lat' dir='ltr'><strong>et</strong></span> <span class='ocrx_word' id='word_1_769' title='bbox 1821 2484 1840 2504; x_wconf 88' lang='lat' dir='ltr'><strong>a</strong></span> <span class='ocrx_word' id='word_1_770' title='bbox 1858 2473 1942 2505; x_wconf 86' lang='lat' dir='ltr'><strong>malo</strong></span> <span class='ocrx_word' id='word_1_771' title='bbox 1961 2472 2097 2503; x_wconf 84' lang='lat' dir='ltr'><strong>Domini</strong></span> <span class='ocrx_word' id='word_1_772' title='bbox 2116 2471 2234 2511; x_wconf 88' lang='lat' dir='ltr'><strong>spiritu</strong></span> <span class='ocrx_word' id='word_1_773' title='bbox 2255 2475 2411 2502; x_wconf 82' lang='lat' dir='ltr'><strong>vexatum</strong></span> 
     </span>
     <span class='ocr_line' id='line_1_109' title="bbox 1449 2512 2413 2554; baseline -0.005 -5"><span class='ocrx_word' id='word_1_774' title='bbox 1449 2517 1556 2549; x_wconf 89' lang='lat' dir='ltr'><strong>David</strong></span> <span class='ocrx_word' id='word_1_775' title='bbox 1576 2517 1719 2549; x_wconf 82' lang='lat' dir='ltr'><strong>citharae</strong></span> <span class='ocrx_word' id='word_1_776' title='bbox 1737 2522 1836 2549; x_wconf 86' lang='lat' dir='ltr'><strong>cantu</strong></span> <span class='ocrx_word' id='word_1_777' title='bbox 1855 2515 1982 2548; x_wconf 84' lang='lat' dir='ltr'><strong>sedavit</strong></span> <span class='ocrx_word' id='word_1_778' title='bbox 2003 2520 2035 2546; x_wconf 89' lang='lat' dir='ltr'><strong>et</strong></span> <span class='ocrx_word' id='word_1_779' title='bbox 2058 2513 2247 2554; x_wconf 81' lang='lat' dir='ltr'><strong>composuit,</strong></span> <span class='ocrx_word' id='word_1_780' title='bbox 2270 2512 2413 2545; x_wconf 87' lang='lat' dir='ltr'><strong>fidelem-</strong></span> 
     </span>
     <span class='ocr_line' id='line_1_110' title="bbox 1449 2554 2413 2600; baseline -0.005 -9"><span class='ocrx_word' id='word_1_781' title='bbox 1449 2571 1509 2600; x_wconf 90' lang='lat' dir='ltr'><strong>que</strong></span> <span class='ocrx_word' id='word_1_782' title='bbox 1539 2561 1599 2599; x_wconf 86' lang='lat' dir='ltr'><strong>ipsi</strong></span> <span class='ocrx_word' id='word_1_783' title='bbox 1629 2570 1759 2600; x_wconf 90' lang='lat' dir='ltr'><strong>operam</strong></span> <span class='ocrx_word' id='word_1_784' title='bbox 1783 2559 1933 2590; x_wconf 86' lang='lat' dir='ltr'><strong>navavit:</strong></span> <span class='ocrx_word' id='word_1_785' title='bbox 1963 2556 2080 2597; x_wconf 87' lang='lat' dir='ltr'><strong>quibus</strong></span> <span class='ocrx_word' id='word_1_786' title='bbox 2100 2554 2250 2588; x_wconf 88' lang='lat' dir='ltr'><strong>omnibus</strong></span> <span class='ocrx_word' id='word_1_787' title='bbox 2272 2555 2413 2587; x_wconf 87' lang='lat' dir='ltr'><strong>nomini-</strong></span> 
     </span>
     <span class='ocr_line' id='line_1_111' title="bbox 1449 2597 2412 2638; baseline -0.005 -4"><span class='ocrx_word' id='word_1_788' title='bbox 1449 2602 1507 2634; x_wconf 89' lang='lat' dir='ltr'><strong>bus</strong></span> <span class='ocrx_word' id='word_1_789' title='bbox 1535 2602 1653 2633; x_wconf 86' lang='lat' dir='ltr'><strong>Davidi</strong></span> <span class='ocrx_word' id='word_1_790' title='bbox 1689 2602 1857 2634; x_wconf 83' lang='lat' dir='ltr'><strong>devinctus</strong></span> <span class='ocrx_word' id='word_1_791' title='bbox 1887 2607 1973 2638; x_wconf 90' lang='lat' dir='ltr'><strong>erat,</strong></span> <span class='ocrx_word' id='word_1_792' title='bbox 2004 2606 2036 2631; x_wconf 87' lang='lat' dir='ltr'><strong>et</strong></span> <span class='ocrx_word' id='word_1_793' title='bbox 2066 2610 2100 2631; x_wconf 86' lang='lat' dir='ltr'><strong>se</strong></span> <span class='ocrx_word' id='word_1_794' title='bbox 2130 2604 2233 2630; x_wconf 89' lang='lat' dir='ltr'><strong>totum</strong></span> <span class='ocrx_word' id='word_1_795' title='bbox 2265 2597 2412 2638; x_wconf 80' lang='lat' dir='ltr'><strong>debebat,</strong></span> 
     </span>
     <span class='ocr_line' id='line_1_112' title="bbox 1449 2641 2410 2685; baseline -0.004 -9"><span class='ocrx_word' id='word_1_796' title='bbox 1449 2645 1528 2677; x_wconf 85' lang='lat' dir='ltr'><strong>adeo</strong></span> <span class='ocrx_word' id='word_1_797' title='bbox 1558 2645 1686 2685; x_wconf 89' lang='lat' dir='ltr'><strong>quidem</strong></span> <span class='ocrx_word' id='word_1_798' title='bbox 1718 2650 1753 2676; x_wconf 84' lang='lat' dir='ltr'><strong>ut</strong></span> <span class='ocrx_word' id='word_1_799' title='bbox 1782 2645 1809 2676; x_wconf 89' lang='lat' dir='ltr'><strong>si</strong></span> <span class='ocrx_word' id='word_1_800' title='bbox 1840 2655 1897 2685; x_wconf 90' lang='lat' dir='ltr'><strong>pro</strong></span> <span class='ocrx_word' id='word_1_801' title='bbox 1928 2644 1998 2684; x_wconf 88' lang='lat' dir='ltr'><strong>ipso</strong></span> <span class='ocrx_word' id='word_1_802' title='bbox 2028 2641 2148 2674; x_wconf 83' lang='lat' dir='ltr'><strong>centies</strong></span> <span class='ocrx_word' id='word_1_803' title='bbox 2181 2641 2282 2672; x_wconf 80' lang='lat' dir='ltr'><strong>vitam</strong></span> <span class='ocrx_word' id='word_1_804' title='bbox 2311 2650 2410 2682; x_wconf 84' lang='lat' dir='ltr'><strong>expo-</strong></span> 
     </span>
    </p>
   </div>
   <div class='ocr_carea' id='block_1_19' title="bbox 2515 0 2525 63">
    <p class='ocr_par' dir='ltr' id='par_1_21' title="bbox 2515 0 2525 63">
     <span class='ocr_line' id='line_1_113' title="bbox 2515 0 2525 63; textangle 90"><span class='ocrx_word' id='word_1_805' title='bbox 2515 0 2525 63; x_wconf 57' lang='grc' dir='ltr'><strong>«ν-</strong></span> 
     </span>
    </p>
   </div>
  </div>
 </body>
</html>
