2551 3044
341 223 402 254 247
1163 221 1366 254 HOMILIA
1390 222 1498 254 LXV.
2260 224 2322 257 248

342 318 483 348 vinculis
527 324 559 347 et
603 315 765 356 repagulis
809 316 880 348 illos
923 324 1063 353 coercet,
1117 326 1156 347 ne
1196 317 1309 356 pedem

346 366 510 390 moveant:
543 369 582 389 ne
614 359 793 399 glorientur
822 370 856 390 se
879 359 986 391 hostes
1010 359 1130 399 praelio
1155 359 1254 390 victos
1278 359 1309 390 in

347 404 455 442 fugam
482 401 628 437 vertisse,
655 408 685 432 et
710 401 847 433 Davidis
871 404 988 434 factum
1022 403 1156 437 elevent,
1186 402 1311 441 sibique

345 444 416 475 1)οο
447 444 656 475 detrahentes
688 444 856 475 victoriam
888 445 1059 476 ascribant.
1097 445 1209 484 Neque
1233 455 1310 475 vero

347 488 484 518 Davidis
516 489 669 517 virtutem
702 486 864 518 decantari
891 488 979 519 Deus
1004 487 1113 523 voluit,
1137 487 1191 518 sed
1216 498 1309 518 suum

345 541 426 570 opus
450 531 581 570 agnosci
607 540 662 569 per
686 529 772 561 illius
796 530 1021 567 ministerium,
1045 540 1138 570 quem
1163 541 1196 560 se
1223 530 1310 561 Deus

345 573 481 613 elegisse
505 572 738 603 demonstravit
763 584 823 603 11011
845 573 883 603 ad
905 575 1002 604 unius
1023 579 1147 604 tantum
1168 573 1310 613 gigantis

344 615 484 652 caedem,
516 614 569 645 sed
603 615 641 645 ad
672 615 814 655 ingentis
845 616 930 647 illius
956 616 1133 647 excercitus
1157 622 1308 656 stragem,

344 658 399 698 qui
423 657 578 698 populum
605 657 820 689 Israeliticum
849 659 937 689 velut
963 659 1106 689 oviculas
1129 658 1309 689 laniaturus

345 701 524 731 videbatur.
572 700 634 731 Hic
664 700 989 732 animadvertendum
1021 702 1120 741 igitur
1150 702 1308 741 quomodo

346 744 436 775 Deus
449 754 502 774 008
522 742 650 774 dejiciat
664 743 719 782 qui
743 743 901 774 leoninam
926 755 1001 784 prae
1025 755 1058 775 se
1081 745 1189 774 ferunt
1212 743 1308 774 auda-

344 787 443 818 ciam:
469 794 498 816 et
523 787 566 816 itu
591 792 709 816 terreat
733 793 768 816 ut
791 787 878 817 nullo
902 788 1089 827 insequente
1108 793 1195 817 metu
1215 786 1309 817 diffu-

343 829 451 868 giant:
487 829 577 859 errius
612 829 740 868 pavoris
773 838 791 859 a
815 830 884 860 Deo
918 830 1113 861 immittendi
1148 840 1242 869 saepe
1274 830 1306 860 in

344 872 443 902 sacris
467 872 534 902 fieri
560 872 754 902 mentionem
781 872 938 903 videmus.
984 873 1070 912 Quin
1096 874 1191 902 etiam
1217 872 1305 903 illam

344 915 545 945 meretricem
573 914 740 944 Rahabam
779 915 923 946 videmus
953 916 1039 946 illius,
1070 923 1174 945 metu>-
1206 916 1307 946 faeere

344 958 551 994 mentionem,
575 957 795 997 exploratores
809 968 826 988 a
840 958 935 989 Iosue
954 959 1067 989 missos
1081 958 1306 997 alloquentem,

343 1010 428 1048 quae
457 1007 563 1030 tamen
595 1010 695 1039 neque
727 1000 806 1041 legis
829 1000 959 1032 (livinae
986 1012 1086 1040 neque
1111 1011 1208 1040 purae
1233 1001 1306 1031 reli-

342 1127 559 1159 Cbananacae
589 1129 823 1167 possessionem
855 1129 996 1165 misisse,
1032 1129 1104 1160 licet
1135 1137 1242 1160 13111011
1274 1130 1307 1159 111

344 1181 415 1201 eam
449 1171 592 1201 nondum
627 1178 712 1201 esset
746 1171 963 1208 introductus;
998 1172 1094 1211 Dm«
1128 1173 1242 1211 inquit,
1275 1173 1307 1203 in

345 1223 450 1244 omues
472 1213 567 1244 leuius
588 1214 724 1253 remonis
747 1214 861 1245 incolas
884 1217 1025 1246 terrorem
1047 1225 1136 1245 suum
1169 1215 1307 1246 immisit.

344 1255 455 1295 Quum
469 1256 568 1296 igitur
580 1256 681 1286 divini
695 1257 825 1287 terroris
837 1257 996 1297 scriptura
1009 1258 1176 1293 memimit,
1201 1264 1308 1288 osten-

344 1298 391 1329 dit
414 1299 552 1329 audaces
581 1304 677 1330 antea
706 1299 794 1330 viros
817 1305 849 1330 et
872 1301 1020 1331 robustos
1043 1310 1078 1331 ac
1109 1306 1266 1338 strenuos,
1289 1310 1307 1331 a

343 1341 414 1372 Deo
436 1352 535 1381 quum
560 1341 620 1381 ipsi
643 1341 801 1382 placuerit
824 1342 942 1383 exiguo
960 1348 1122 1374 momento
1142 1344 1254 1374 terreri
1276 1350 1307 1374 et

343 1385 502 1415 enervari.
555 1383 647 1415 Idem
682 1384 733 1416 hic
766 1385 932 1416 Philistais
965 1386 1118 1417 accidisse
1153 1385 1307 1417 videmus.

344 1426 505 1466 Equidem
537 1427 640 1458 fateor
670 1427 703 1457 in
734 1427 879 1467 profanis
910 1428 1053 1459 historiis
1089 1429 1150 1467 legi
1173 1439 1307 1470 magnos

343 1470 506 1500 exercitus
534 1469 708 1501 levissimis
750 1468 788 1500 de
818 1471 923 1502 causis
953 1471 1149 1510 perterritos,
1184 1478 1219 1503 ut
1228 1455 1308 1502 ”sibi

343 1511 422 1551 fuga
462 1513 701 1544 consuluerint:
744 1511 800 1543 sed
845 1513 897 1544 hic
930 1514 1119 1553 perculiaris
1152 1514 1307 1554 quaedam

346 1555 429 1586 ratio
453 1561 510 1586 est.
546 1554 642 1594 Quod
666 1565 782 1595 nempe
805 1554 896 1586 Deus
919 1555 1040 1587 Davidi
1064 1563 1187 1588 tantam
1211 1557 1308 1589 auda-

344 1597 428 1629 ciam
453 1597 585 1635 dederit,
617 1603 653 1628 ut
682 1597 824 1629 hostium
848 1603 954 1630 castra
976 1600 1108 1639 propius
1131 1601 1308 1637 accesserit,

345 1645 376 1670 et
396 1640 428 1670 in
444 1623 634 1672 Goliathiim
654 1640 797 1678 irruerit,
819 1640 986 1682 eidemque
1009 1647 1105 1682 caput
1124 1643 1308 1691 amputarit.

345 1682 389 1714 Et
413 1682 543 1731 quidem
569 1688 738 1722 praesente
761 1684 903 1724 gigantis
922 1685 1091 1725 armigero,
1116 1696 1170 1725 qu1
1184 1691 1311 1726 poterat

344 1724 476 1765 quidem
500 1725 534 1756 in
560 1725 721 1757 Davidem
746 1727 902 1766 impetum
927 1727 1049 1759 facere.
1073 1728 1128 1758 sed
1153 1733 1310 1768 perterre-

346 1769 449 1799 factus
473 1767 612 1808 diffugit.
647 1769 765 1800 Merito
789 1769 890 1809 igitur
909 1768 1016 1801 David
1041 1769 1115 1801 alibi
1139 1771 1310 1810 praedicat,

344 1820 379 1841 se
403 1810 474 1841 Deo
498 1809 675 1842 adiuvante
697 1822 807 1843 muros
832 1812 1010 1844 transsilire
1026 1814 1103 1844 etin
1127 1820 1233 1845 aerem
1258 1826 1310 1846 vo-

344 1853 422 1890 lare,
454 1853 544 1884 velut
575 1853 615 1884 ab
638 1854 707 1893 ipso
730 1855 870 1895 acceptis
893 1865 1063 1895 caprarum
1087 1862 1119 1887 et
1143 1867 1309 1888 cervorum

344 1895 491 1937 pedibus.
524 1895 589 1928 Sed
609 1896 685 1936 quid
704 1896 899 1937 impediebat
911 1898 1132 1930 Philistbaeos
1152 1905 1311 1939 prostrato

346 1939 423 1970 licet
447 1949 522 1970 cum
547 1944 635 1970 tanto
660 1939 813 1971 dedecore
835 1951 894 1972 suo
918 1942 1058 1982 gigante,
1085 1942 1258 1981 quominus
1279 1943 1311 1973 in

345 1981 508 2013 Davidem
540 1982 698 2030 impetum
728 1982 893 2015 facerent?
936 1983 1007 2015 Nae
1036 1995 1100 2015 non
1129 1989 1255 2015 tantum
1280 1986 1312 2016 in

348 2023 522 2061 Davidem,
545 2026 600 2055 sed
625 2025 658 2055 in
682 2025 787 2065 ipsum
802 2025 1026 2058 Israelitarum
1039 2027 1216 2059 exercitum
1231 2027 1312 2059 irru-

345 2077 401 2099 ere
426 2073 578 2107 poterant
601 2068 860 2108 quandoquidem
884 2069 1049 2109 ingentem
1074 2069 1232 2101 habebant
1258 2072 1314 2101 1111-

342 2109 437 2141 litum
454 2120 567 2141 numer
575 2121 640 2141 um.
674 2111 799 2142 Verum
813 2117 903 2152 terga
917 2111 1083 2149 dederunt,
1097 2118 1129 2144 et
1141 2117 1312 2152 antequam

343 2153 461 2184 ictibus
492 2153 565 2183 ullis
598 2159 792 2194 urgerentur
823 2154 983 2195 profligati
1006 2160 1091 2187 sunt.
1137 2154 1210 2194 Quo
1233 2156 1314 2187 facto

346 2195 516 2226 evidenter
550 2197 699 2236 apparuit
734 2196 864 2228 divinae
898 2208 1017 2229 manus
1047 2198 1098 2229 vis
1128 2205 1164 2229 ut
1191 2198 1312 2229 nullam

346 2238 515 2270 Israelitae
555 2239 755 2270 occasionem
789 2239 966 2271 habuerint
1000 2240 1153 2272 victoriae
1187 2240 1314 2272 laudem

345 2280 406 2312 sibi
432 2281 604 2312 tribuendi.

345 2323 454 2363 gladio
469 2324 638 2355 Ρ1111181101
661 2331 758 2365 caput
782 2325 829 2355 1111
853 2326 1082 2366 amputavisse,
1105 2336 1141 2357 eo
1163 2326 1314 2358 (1000111111-

345 2366 488 2398 hostium
513 2376 603 2398 arma
625 2373 657 2398 et
680 2368 839 2407 praesidia
864 2369 986 2417 quibus
1015 2368 1189 2408 plurimum
1214 2371 1312 2400 conti-

346 2409 438 2444 dunt
463 2409 495 2439 111
520 2411 740 2441 confusionem
765 2417 796 2441 et
819 2411 953 2442 exitium
978 2412 1056 2452 ipsis
1080 2412 1312 2443 convertenda:

346 2458 379 2482 et
403 2452 541 2491 propriis
564 2453 663 2483 armis
687 2454 912 2490 conficiendos
936 2459 968 2485 ct:
991 2455 1120 2494 proprio
1139 2454 1245 2495 gladio
1264 2455 1314 2486 iu·

345 2494 515 2533 gulandos.
571 2495 670 2526 Utilis
711 2506 788 2526 83110
827 2479 931 2527 modis
966 2498 1116 2528 omnibus
1151 2496 1312 2529 doctrina:

347 2548 419 2567 nam
436 2540 502 2568 iere
518 2537 609 2568 nobis
628 2538 860 2578 persuademus
880 2539 1015 2570 hostes·
1010 2540 1109 2571 armis
1128 2540 1313 2579 instructos,

346 2580 462 2618 quibus
497 2580 704 2611 veliementer
734 2588 878 2618 noceant,
914 2582 1013 2613 11111110
1048 2593 1105 2614 1108
1139 2583 1313 2633 profligent

345 2623 489 2661 superari
515 2634 532 2653 a
556 2623 645 2655 nobis
669 2634 734 2654 non
758 2634 851 2664 posse
874 2625 934 2655 nisi
954 2625 1066 2656 iisdem
1087 2626 1185 2657 armis
1205 2627 1311 2658 muni-

343 2673 448 2703 amur,
471 2672 502 2696 et
527 2666 610 2698 vires
635 2666 758 2698 viribus
780 2677 988 2707 opponemus.
1023 2667 1107 2699 Nam
1121 2667 1184 2699 Dei
1207 2670 1311 2701 virtu-

651 2282 746 2321 Quod
771 2293 846 2313 vero
870 2282 988 2314 dieitur
1011 2283 1117 2314 David
1142 2284 1314 2323 evaginato
1340 2298 1341 2313 2

1364 325 1428 349 tem
1458 329 1586 359 semper
1615 319 1784 360 alligamus
1813 320 1852 351 iis
1881 330 1962 360 quae
1985 321 2127 352 exterius
2149 325 2323 361 apparent:

1363 362 1570 401 quamobrem
1605 372 1642 393 eo
1675 363 1830 394 attentius
1863 362 1942 394 haec
1973 362 2116 394 doctrina
2146 369 2195 393 est
2224 361 2322 393 medi-

1363 405 1469 442 tanda,
1493 414 1556 453 quo
1577 405 1780 445 procliviores
1799 417 1910 436 sumus
1930 406 1962 436 in
1982 407 2177 437 contrarium
2197 406 2322 442 vitium,

1363 457 1478 487 nempe
1506 448 1644 478 sciamus
1669 455 1793 488 oportet
1818 448 1923 479 Deum
1947 459 2024 479 suae
2047 448 2224 480 maiestatis
2247 457 2322 478 con-

1363 496 1537 538 temptores
1561 490 1611 521 vel
1635 492 1771 531 propriis
1794 493 1892 522 armis
1913 492 2149 522 confessurum:
2174 501 2209 522 ac
2229 490 2324 530 longe

1362 533 1439 573 ipsis
1464 533 1529 563 fore
1559 533 1735 564 consultius
1765 535 1789 565 si
1822 535 1917 565 nullis
1948 533 2063 574 gladiis
2092 544 2194 582 neque
2225 532 2324 563 armis

1362 576 1583 606 munirentur:
1606 576 1863 625 quandoquidem
1885 560 2083 617 φῶθ’-11111101
2104 577 2167 607 illis
2187 577 2323 607 instruc-

1362 618 1466 656 tiores,
1497 628 1533 648 eo
1556 619 1657 649 maior
1687 620 1728 650 sit
1750 619 1891 659 ipsorum
1916 620 2099 660 arrogantia
2122 629 2230 650 casum
2254 627 2322 648 ma—

1361 661 1459 691 iorem
1485 660 1630 692 allatura.
1675 661 1714 692 In
1746 663 1857 702 primis
1881 661 2114 693 observandum
2139 661 2246 692 Deum
2271 671 2322 692 res

1361 713 1472 734 omncs
1502 710 1626 734 creatas
1656 703 1772 736 habere
1801 706 1832 736 in
1864 716 1969 739 manu,
2003 711 2033 736 et
2065 704 2127 736 illis
2150 705 2188 735 ad
2213 714 2322 744 quem-

1360 757 1498 786 cumque
1522 757 1614 777 usum
1640 746 1715 777 velit
1739 747 1801 778 uti:
1837 755 1931 787 atque
1955 749 1998 778 ita
2023 748 2232 779 confirmatur
2254 756 2321 777 ma-

1359 789 1407 829 gis
1431 800 1466 820 :tc
1486 789 1588 829 magis
1612 789 1665 820 illa
1684 800 1777 829 quam
1796 791 2000 830 exposuimus
2020 792 2189 822 sententia.
2215 789 2319 820 Deum

1360 842 1491 863 servare
1515 832 1584 863 sine
1609 832 1717 863 1311003
1741 839 1772 864 et
1795 833 1914 874 clypeo,
1952 834 2033 864 Nam
2057 834 2115 864 etsi
2140 834 2321 872 frequentes

1360 874 1483 915 gladios
1506 880 1538 905 et
1562 874 1659 905 alium
1685 874 1832 907 bellicum
1857 885 2045 916 apparatum
2072 876 2180 907 hostes
2198 874 2321 906 affatim

1361 918 1509 955 babeant,
1544 916 1635 948 Deus
1669 924 1775 949 tamen
1806 919 1876 950 illos
1907 920 2000 949 etiam
2033 919 2102 950 sine
2128 919 2193 949 ictu
2218 922 2323 957 potest

1333 959 1491 991 'caedere
1526 965 1557 990 et
1591 960 1766 992 debellare:
1808 961 1890 1001 quod
1927 962 2115 992 Madianitis
2148 960 2322 1001 contigisse

1333 1029 1335 1033 ,
1362 1003 1516 1039 videmus,
1549 1004 1602 1042 qui
1632 1004 1753 1034 mutuis
1782 1015 1850 1035 sese
1881 1005 2066 1035 vulneribus
2099 1003 2319 1035 confoderunt.

342 1042 448 1082 gionis
471 1042 569 1073 ullam
596 1042 731 1073 babebat
754 1042 918 1074 ιιοῐίῐίιειιιι
942 1050 972 1075 01
985 1051 1148 1083 praetere}
1161 1043 1306 1075 confiteri
1334 1043 1335 1047 ’

343 1085 450 1116 Deum
477 1085 695 1116 Israelitarum
726 1086 788 1116 iam
824 1086 978 1126 populum
1014 1097 1108 1117 suum
1140 1087 1170 1116 in
1203 1089 1335 1117 terrae*

1360 1046 1423 1077 Hic
1448 1056 1524 1076 vero
1548 1045 1643 1076 aliter
1667 1046 1757 1077 Deus
1780 1054 1930 1087 operatus
1952 1055 2008 1079 est.
2051 1048 2132 1078 Nam
2155 1044 2321 1077 Philistaei

1360 1088 1447 1120 illius
1470 1088 1612 1128 gladium
1636 1087 1726 1119 Deus
1751 1089 1866 1120 Davidi
1890 1090 1922 1120 in
1953 1101 2082 1121 manum
2109 1089 2222 1129 posuit.
2270 1088 2322 1119 Ex

1359 1141 1421 1171 quo
1444 1131 1637 1171 sperandum
1663 1137 1712 1162 est
1734 1131 1838 1162 Deum
1862 1132 2000 1163 hostium
2026 1140 2208 1164 nostrorum
2238 1131 2321 1162 vires

1360 1174 1392 1205 in
1425 1180 1551 1205 nostras
1581 1185 1696 1205 manus
1726 1174 1935 1206 traditurum:
1969 1182 1999 1207 et
2033 1186 2131 1216 quum
2165 1174 2320 1206 adversus

1360 1228 1419 1248 uos
1447 1217 1641 1248 sententiam
1672 1217 1786 1248 mortis
1809 1217 1964 1256 dederint,
1995 1226 2030 1249 ut
2055 1219 2121 1250 sola
2145 1217 2320 1249 voluntatis

1360 1261 1503 1299 ipsorum
1529 1266 1733 1300 exspectetur
1756 1261 1907 1300 impletio,
1938 1267 1969 1292 et
1992 1262 2055 1292 iani
2080 1261 2200 1292 nostris
2223 1260 2325 1291 cervi-

1361 1302 1450 1334 cibus
1483 1302 1606 1343 gladios
1640 1302 1862 1343 impendentes
1895 1303 2078 1339 viderimus.
2114 1311 2190 1334 tunc
2218 1303 2326 1334 Deum

1363 1345 1452 1376 nobis
1475 1345 1673 1380 adfuturum,
1697 1353 1729 1376 et
1749 1345 1826 1385 quid
1844 1356 1923 1386 opus
1945 1347 2026 1377 facto
2049 1347 2091 1378 sit
2111 1347 2327 1387 provisurum,

1362 1399 1466 1428 neque
1497 1398 1639 1427 unquam
1671 1399 1728 1419 uos
1757 1389 1788 1418 in
1820 1389 1977 1430 angustiis
2001 1389 2214 1421 deserturum.
2261 1388 2325 1420 Ve-

1362 1441 1434 1462 rum
1461 1438 1569 1462 tamen
1594 1431 1679 1462 istud
1703 1431 1846 1462 maxime
1869 1432 1902 1462 111
1932 1431 2077 1463 hostibus
2105 1431 2326 1472 spiritualibus

1362 1474 1469 1505 locum
1493 1473 1608 1505 habet:
1632 1474 1714 1513 quod
1739 1474 1801 1505 nisi
1825 1481 1931 1505 mente
1957 1475 2094 1506 infixum
2120 1475 2262 1515 haereat,
2292 1474 2326 1505 in

1363 1518 1522 1548 maximas
1563 1516 1766 1548 difficultates
1807 1517 1996 1558 praecipites
2038 1519 2185 1549 feremur.
2240 1517 2326 1548 Nam

1363 1559 1510 1591 diabolus
1533 1559 1646 1590 multis
1669 1570 1727 1590 nos
1750 1560 1875 1591 artibus
1897 1560 2094 1600 aggreditur,
2119 1566 2151 1591 et
2170 1571 2234 1591 non
2255 1565 2326 1591 tan-

1364 1609 1431 1634 tum
1455 1613 1513 1633 nos
1535 1602 1710 1633 mendaciis
1733 1602 1888 1637 adoritur.
1913 1603 1966 1634 sed
1992 1604 2095 1643 ipsum
2109 1603 2172 1634 Dei
2192 1602 2326 1634 verbum

1364 1653 1401 1676 ut
1423 1645 1586 1678 confodiat
1609 1645 1752 1676 assumit.
1799 1645 1886 1684 Quid
1909 1656 1986 1687 ergo
2009 1646 2101 1678 nobis
2125 1646 2252 1678 miseris
2271 1645 2326 1677 fie-

1363 1692 1423 1727 ret,
1456 1688 1519 1719 nisi
1554 1687 1694 1727 gladium
1725 1687 1772 1718 illi
1804 1699 1969 1728 possemus
1999 1690 2031 1719 in
2061 1700 2154 1720 usum
2179 1694 2326 1720 nostrum

1363 1731 1519 1762 adversus
1543 1731 1649 1771 ipsum
1673 1731 1820 1770 eripere?
1865 1731 1909 1762 At
1928 1731 2017 1763 Deus
2047 1732 2230 1763 misericors
2253 1740 2327 1772 gra-

1364 1774 1441 1805 tiam
1473 1773 1560 1804 illam
1592 1773 1684 1805 nobis
1706 1773 1852 1814 largitur,
1888 1780 1923 1805 ut
1957 1784 2055 1814 quum
2090 1774 2235 1806 diabolus
2268 1783 2327 1805 nos

1364 1816 1570 1858 iugulaturus
1599 1816 1740 1857 gladium
1771 1816 1907 1855 attollit,
1941 1817 2052 1848 eodem
2088 1818 2142 1849 illo
2173 1823 2327 1858 tanquam

1364 1859 1473 1900 clypeo
1502 1859 1576 1890 tecti
1607 1859 1801 1900 repellamus
1830 1860 1912 1891 ictus
1947 1859 2134 1899 adversarii,
2169 1866 2199 1892 et
2233 1859 2328 1901 plane

1364 1903 1468 1944 ipsum
1495 1902 1724 1934 confodiamus.

1451 1944 1621 1985 Sequitur:
1656 1946 1829 1976 Assumeus
1859 1947 1960 1975 auam
1990 1945 2098 1977 David
2127 1948 2221 1986 caput
2247 1944 2327 1977 Phi-

1338 2014 1341 2025 .,
1366 1988 1476 2025 Iistaei,
1511 1988 1614 2019 attulit
1646 1987 1725 2019 illud
1757 1987 1791 2018 in
1824 1987 2009 2019 Ierusalem:
2040 1999 2131 2020 arma
2160 1998 2231 2020 vero
2261 1988 2329 2020 eius

1339 2027 1464 2074 fposnz‘t
1494 2031 1527 2062 in
1558 2030 1751 2061 tabernaculo
1779 2040 1853 2061 suo:
1887 2030 2001 2062 deinde
2025 2031 2158 2063 Saulem
2193 2031 2328 2071 inquisi-

1366 2074 1449 2105 visse
1473 2073 1511 2104 de
1535 2073 1676 2104 Davide:
1709 2073 1790 2112 Quis
1813 2072 1866 2103 illc
1889 2083 1973 2104 esset
1996 2075 2134 2114 iuvenis,
2163 2073 2251 2105 unde
2274 2083 2327 2114 ge-

1366 2128 1426 2147 nus
1457 2116 1596 2148 duceret.
1643 2115 1708 2148 Sed
1744 2125 1806 2146 non
1838 2123 1964 2146 servata
1995 2122 2042 2148 est
2073 2117 2223 2148 hocloco
2246 2121 2327 2147 tem-

1365 2159 1451 2199 poris
1473 2160 1580 2195 series,
1611 2169 1685 2189 nam
1710 2158 1792 2198 quod
1816 2159 1975 2198 posterius
1999 2166 2124 2199 gestum
2150 2164 2199 2190 est
2221 2159 2328 2199 priore

1367 2203 1433 2233 loco
1457 2203 1660 2242 exprimitur,
1684 2201 1737 2233 sed
1762 2211 1824 2232 non
1844 2201 1888 2232 ita
1907 2201 2042 2233 sollicite
2061 2203 2212 2233 observat
2227 2202 2327 2242 scrip·

1367 2251 1437 2276 tura
1463 2245 1584 2275 dierum
1609 2249 1665 2275 aut
1688 2244 1844 2275 dictorum
1869 2244 1995 2283 seriem,
2019 2245 2073 2275 sed
2094 2254 2252 2275 summam
2276 2254 2328 2276 eo-

1368 2299 1436 2317 rum
1469 2291 1607 2325 tantum,
1637 2297 1718 2327 quae
1747 2286 1928 2328 cognitione
1959 2287 2057 2328 digna
2087 2294 2161 2319 sunt
2185 2287 2327 2329 attingit.

1367 2330 1479 2370 Neque
1503 2330 1586 2361 0111111
1613 2340 1706 2361 aures
1728 2337 1854 2361 nostras
1877 2329 2015 2361 iucunda
2039 2330 2176 2370 quadam
2201 2335 2233 2361 et
2263 2330 2328 2362 elo-

1367 2380 1482 2411 quente
1506 2383 1612 2403 rerum
1637 2379 1800 2413 gestarum
1825 2373 2009 2403 narratione
2033 2373 2105 2404 vult
2129 2372 2326 2404 demulcere:

1367 2415 1419 2446 scd
1446 2427 1550 2446 rerum
1572 2416 1609 2447 ad
1630 2416 1764 2446 salutem
1779 2421 1920 2446 nostram
1935 2417 2187 2447 necessariarum
2201 2425 2330 2448 summa

1370 2461 1471 2497 capita
1498 2469 1686 2498 proponere.
1732 2458 1877 2489 Primum
1901 2458 2000 2498 igitur
2024 2469 2120 2498 quum
2146 2458 2254 2489 David
2277 2467 2328 2490 ca-

1369 2507 1423 2539 put
1450 2501 1615 2532 Philistaei
1641 2501 1716 2531 tulit
1740 2500 1977 2541 lerosolymam,
2002 2501 2119 2533 factum
2145 2506 2193 2532 est
2216 2500 2255 2532 ad
2275 2511 2329 2542 po—

1369 2543 1434 2582 puli
1469 2544 1758 2575 confirmationem:
1803 2543 1878 2574 licet
1919 2549 2026 2574 tamen
2061 2551 2140 2576 tunc
2173 2544 2330 2584 temporis

1367 2586 1594 2627 Hierosolyma
1619 2597 1681 2618 non
1707 2592 1789 2617 esset
1813 2586 1903 2618 sedes
1925 2587 2028 2626 regia:
2060 2598 2133 2618 nam
2159 2585 2239 2618 Saul
2262 2596 2329 2618 non

1368 2628 1530 2659 habitabat
1555 2629 1816 2670 Hierosolymae:
1846 2639 1928 2669 quae
1959 2630 2074 2661 deindo
2101 2631 2197 2661 etiam
2220 2629 2253 2660 in
2278 2628 2328 2660 Ie—

1366 2671 1559 2703 busacorum
1594 2677 1785 2713 potestatem
1819 2671 1926 2703 venit:
1959 2672 2014 2703 sed
2050 2683 2167 2705 arcano
2191 2671 2328 2713 quodam

2534 641 2542 784 -.-α-,-
