2551 3044
235 183 272 214 21

234 287 309 308 mur
338 287 397 308 nos
429 287 590 317 nunquam
622 276 653 307 in
685 275 746 305 Dei
770 274 956 314 obsequium
980 275 1189 315 compositum

233 320 283 357 iri,
307 320 383 359 quin
407 320 538 350 affectus
562 322 685 350 nostros
708 317 856 349 cohibere
880 323 911 348 et
935 319 1079 349 fraenare
1111 317 1191 348 didi-

235 362 383 393 cerimus.
430 362 542 402 Itaque
571 361 596 392 si
627 359 711 400 quod
740 360 915 399 periculum
940 361 1115 399 immineat,
1146 360 1190 391 sic

235 405 405 435 timeamus
429 415 469 434 ne
493 404 624 434 horrore
647 408 678 433 et
701 408 823 433 terrore
847 403 1050 438 dissiliamus,
1074 403 1128 433 sed
1148 403 1191 433 af-

234 448 336 478 fectus
367 451 489 477 nostros
519 446 713 482 cohibentes
744 445 776 475 in
808 446 912 476 Deum
936 445 1077 476 modeste
1101 455 1189 485 spem

236 496 378 521 nostram
413 488 629 519 coniiciamus.
676 486 711 519 Si
749 498 827 527 quae
864 488 995 519 tristitia
1025 488 1188 524 invaserit,

234 543 275 562 ne
304 531 464 562 vindictae
492 530 666 570 cupiditate
697 530 922 561 incendamur:
953 530 1008 561 sed
1038 530 1076 561 ad
1102 530 1189 561 verbi

235 574 334 604 divini
364 573 507 614 regulam
539 583 596 603 nos
626 582 863 612 componamus.
910 572 943 604 Si
974 583 1053 612 quae
1077 579 1190 604 contra

234 616 372 647 laetitiae
403 615 526 647 occasio
549 626 582 646 se
605 615 765 652 obtulerit,
796 626 835 646 ne
858 615 1033 646 insolenter
1056 626 1113 646 nos
1136 626 1191 655 ge-

234 669 352 695 ramus,
375 658 430 689 sed
454 668 512 689 nos
535 658 622 688 intra
647 657 741 688 verbo
766 657 875 688 divino
894 658 1106 697 praescriptos
1125 667 1190 688 mo—

233 700 354 731 destiae
375 701 527 731 terminos
546 700 777 732 contineamus.
815 700 963 740 Denique
982 700 1086 731 Deum
1107 711 1188 731 nun-

233 753 327 783 quam
362 749 398 773 ut
432 748 558 783 oportet
589 743 738 779 colemus,
771 743 848 782 quin
883 743 1036 774 adversus
1064 748 1189 773 nostros

234 786 369 817 affectus
388 796 580 825 pugnemus.
616 785 722 825 Atque
744 785 794 816 hic
815 785 848 815 in
867 785 980 825 primis
999 785 1189 816 metuendae

233 833 318 859 artes
342 828 469 866 diaboli,
493 839 593 859 novas
616 838 742 867 semper
763 828 902 859 rationes
924 828 1039 868 quibus
1062 827 1190 859 deiiciat

234 881 301 910 nos,
320 876 352 902 et
371 871 396 901 si
416 876 524 910 posset
542 871 575 901 in
595 871 731 901 exitium
751 870 870 909 trahat,
892 871 1061 901 molientis.
1106 870 1189 901 Nam

233 913 328 944 modo
358 913 570 944 immoderata
592 913 722 947 laetitia,
756 912 850 943 modo
873 913 1029 944 immensa
1050 913 1189 951 tristitia,

232 955 327 986 modo
360 962 448 986 metu
482 956 614 996 ingenti,
648 955 742 986 modo
775 955 845 986 aliis
879 956 975 986 variis
1006 955 1107 986 modis
1132 966 1189 986 nos

233 998 388 1035 adoritur,
424 998 501 1029 adeo
532 1002 568 1029 ut
598 998 659 1029 nisi
691 999 782 1029 firmo
805 999 948 1029 nitamur
970 997 1189 1034 fundamento,

233 1041 323 1071 brevi
347 1041 389 1071 sit
412 1051 594 1071 eversurus.
639 1040 747 1080 Atque
770 1039 886 1072 idcirco
910 1051 1038 1072 necesse
1062 1046 1109 1072 est
1132 1050 1191 1071 nos

233 1083 390 1114 adversus
414 1083 513 1122 ipsius
536 1090 669 1114 conatus
688 1083 767 1113 benc
786 1083 928 1114 munitos
948 1093 1025 1121 esse,
1048 1088 1079 1113 et
1098 1083 1190 1114 affec-

234 1126 318 1157 tibus
341 1126 489 1156 omnibus
513 1125 597 1156 ultro
620 1126 768 1156 resistere
792 1131 928 1164 paratos,
960 1136 1000 1156 ne
1024 1126 1062 1157 ab
1086 1125 1150 1156 illis
1172 1136 1191 1156 a

233 1168 296 1199 Dei
319 1168 407 1200 cultu
427 1174 622 1205 avertamur,
646 1174 677 1199 et
695 1168 733 1198 ab
752 1168 855 1199 officio
874 1173 981 1200 nostro
1000 1168 1189 1199 resiliamus.

234 1211 279 1242 Et
302 1211 341 1241 de
363 1211 433 1242 istis
457 1211 621 1241 hactenus.

319 1253 488 1285 Caeterum
513 1264 576 1284 non
599 1258 647 1284 est
670 1253 845 1284 verisimile
868 1253 998 1285 Saulem
1022 1264 1062 1284 ex
1081 1258 1188 1284 eontu-

232 1296 336 1327 macia
366 1296 463 1327 fuisse
493 1296 646 1327 adversus
675 1295 779 1326 Deum
804 1296 964 1333 rebellem,
997 1301 1029 1326 et
1052 1295 1189 1326 oblatam

233 1338 371 1379 gratiam
402 1339 558 1370 reiecisse.
603 1338 686 1369 Nam
716 1339 907 1370 necessitate
930 1348 1023 1379 quam
1048 1338 1107 1369 sibi
1130 1339 1189 1369 fin-

233 1381 282 1412 xit
305 1381 344 1411 ad
368 1380 614 1412 sacrificandum
637 1381 795 1421 impulsus
819 1387 884 1412 est:
908 1386 939 1412 et
962 1381 1039 1412 satis
1063 1382 1190 1421 conspi-

233 1434 328 1455 cuum
358 1429 406 1455 est
435 1424 527 1454 illum
558 1423 596 1454 ab
624 1424 711 1454 omni
735 1424 906 1454 ambitione
929 1428 985 1454 aut
1007 1424 1190 1464 arrogantia

233 1466 331 1497 fuisse
354 1467 386 1497 in
412 1467 471 1498 hoc
494 1466 578 1496 facto
602 1467 753 1503 alienum,
777 1473 808 1497 et
831 1467 869 1498 ab
892 1466 980 1497 omni
1003 1471 1188 1506 contemptu

233 1508 439 1540 sacerdotalis
478 1509 653 1549 dignitatis,
692 1514 726 1539 ut
755 1515 829 1539 ante
859 1509 1007 1540 diximus.
1052 1509 1189 1540 Verum-

233 1557 342 1582 tamen
375 1562 437 1582 non
467 1551 538 1582 ideo
569 1551 767 1582 excusationi
791 1551 877 1582 locus
900 1552 959 1591 ipsi
983 1551 1067 1582 ullus
1087 1551 1190 1582 factus

234 1600 291 1625 est.
337 1593 553 1632 Quamobrem
584 1593 743 1624 discamus
773 1594 905 1625 inutiles
933 1599 963 1625 et
989 1594 1097 1625 irritas
1125 1594 1190 1625 fore

233 1646 339 1668 eoram
364 1636 433 1667 Deo
458 1643 583 1667 nostras
606 1647 717 1667 omnes
740 1637 970 1673 excusationes,
1000 1637 1027 1667 si
1049 1646 1190 1676 quacun-

234 1689 296 1719 que
341 1680 469 1710 tandem
508 1679 631 1709 ratione
665 1678 747 1718 quod
781 1680 917 1718 ipsemet
951 1679 1191 1719 praescripserit

233 1721 530 1761 transgrediamur:
562 1732 597 1752 ac
629 1721 718 1752 nullo
741 1727 909 1761 praetextu
934 1731 1026 1761 posse
1048 1726 1190 1753 nostram

233 1763 482 1795 inobedientiam
518 1765 584 1805 tegi
614 1764 697 1803 apud
730 1765 845 1795 Deum.
891 1765 985 1795 Tanti
1009 1765 1093 1795 enim
1117 1765 1191 1795 facit

234 1806 459 1846 obedientiam,
481 1811 516 1837 ut
536 1817 639 1846 neque
658 1807 791 1843 coelum,
815 1817 918 1846 neque
939 1812 1033 1844 terra,
1053 1817 1118 1838 non
1137 1806 1190 1838 de-

234 1850 331 1889 nique
366 1854 451 1880 totus
490 1850 631 1879 mundus
658 1849 758 1888 possit
787 1859 891 1880 coram
921 1849 990 1880 Deo
1019 1850 1191 1880 iustificare

233 1891 482 1922 inobedientiam
514 1898 692 1931 peccantes,
723 1901 944 1931 quemcunque
974 1892 1102 1922 tandem
1132 1903 1189 1932 pro

234 1944 268 1965 se
291 1939 496 1974 praetextum
520 1933 676 1965 adferant.
721 1934 803 1964 Nam
829 1944 908 1973 quae
928 1935 1030 1974 magis
1049 1935 1190 1974 speciosa

234 1982 343 2016 posset
365 1976 481 2007 adferri
503 1977 667 2008 excusatio
689 1978 750 2007 ista
769 1987 828 2016 qua
850 1988 883 2007 se
902 1976 984 2017 apud
1005 1976 1189 2008 Samuelem

234 2018 313 2051 Saul
343 2019 506 2050 tuebatur:
539 2020 609 2059 Ego
640 2025 671 2049 te
702 2026 823 2058 septem
848 2019 914 2050 dies
938 2020 1130 2059 exspectavi,
1159 2026 1189 2050 et

233 2066 340 2093 tamen
366 2072 429 2092 non
456 2061 595 2092 venisti?
641 2061 727 2100 Quin
753 2062 849 2092 etiam
873 2072 932 2102 ego
951 2068 981 2092 te
1000 2062 1188 2093 decennium

234 2111 482 2144 exspectassem,
524 2105 577 2135 sed
613 2114 711 2144 quum
747 2104 1036 2135 animadverterem
1070 2106 1188 2136 sensim

233 2146 330 2178 dilabi
361 2147 567 2186 perterritum
599 2147 760 2187 populum,
792 2147 822 2177 in
856 2147 1005 2178 maximis
1034 2148 1189 2184 angustiis

233 2189 289 2220 fui.
335 2189 480 2220 Verbum
505 2189 679 2220 hebraeum
704 2189 873 2229 significat,
897 2190 1040 2220 continui
1061 2200 1121 2227 me,
1153 2196 1189 2221 ut

234 2232 276 2262 sit
294 2242 416 2272 sensus,
436 2231 528 2262 valde
547 2237 727 2263 coarctatus
746 2242 833 2271 sum;
857 2232 947 2272 quasi
966 2232 1091 2269 diceret,
1112 2243 1189 2264 sane

235 2273 372 2304 libenter
403 2274 577 2305 voluissem
601 2285 664 2304 non
688 2274 875 2312 sacrificare,
905 2285 1006 2315 neque
1030 2275 1067 2305 ad
1092 2277 1188 2306 sacri-

235 2316 395 2347 ficandum
426 2317 510 2357 cogi:
542 2317 596 2347 sed
627 2327 724 2356 quum
748 2327 900 2356 praesens
922 2317 1099 2357 perieulum
1121 2319 1188 2348 ani-

235 2358 397 2389 madverti
420 2359 522 2390 veluti
545 2364 722 2390 coarctatus
745 2369 817 2389 sum
842 2366 873 2389 et
895 2360 928 2390 in
951 2361 1115 2400 angustias
1138 2371 1188 2392 re-

236 2401 359 2439 dactus,
383 2406 418 2432 ut
442 2401 491 2432 vel
515 2402 637 2432 invitus
661 2401 839 2432 sacrificare
862 2402 921 2432 sim
945 2407 1080 2434 coactus.
1125 2403 1189 2444 Ap-

235 2449 326 2484 paret
349 2454 425 2484 ergo
450 2443 557 2475 Saulis
579 2444 756 2475 excusatio:
780 2444 850 2484 Ego
873 2450 905 2475 te
927 2444 1038 2485 inquit,
1067 2451 1187 2485 septem

236 2486 303 2517 dies
326 2487 413 2517 intra
436 2497 514 2526 quos
537 2491 568 2517 te
592 2487 783 2526 promiseras
807 2493 977 2518 venturum
997 2489 1189 2528 exspectavi,

235 2534 268 2560 et
297 2529 419 2560 interea
449 2539 565 2570 magno
595 2539 730 2560 numero
758 2535 882 2560 coactos
905 2530 1012 2561 hostes
1035 2531 1190 2562 adversus

235 2582 287 2602 me
318 2571 382 2602 vidi
405 2572 507 2603 facere
530 2572 745 2603 incursionem
768 2577 800 2602 et
821 2571 976 2612 impetum
1000 2578 1127 2613 paratos
1150 2573 1190 2604 ad

235 2624 288 2646 me
326 2614 588 2654 opprimendum:
628 2614 783 2654 populum
817 2624 893 2645 vero
926 2621 1036 2647 contra
1069 2620 1190 2648 terrore

876 182 923 212 IN
947 182 972 213 Ι.
997 182 1083 213 LIB.
1109 181 1304 214 SAMUEL.
1328 181 1422 213 CAP.
1448 182 1544 214 XIII.

2157 188 2197 219 22

1242 276 1398 315 percitum
1433 276 1508 316 fuga
1541 277 1600 307 sibi
1635 287 1787 317 quaerere
1820 279 1965 317 salutem,
1999 290 2096 320 quare
2119 281 2197 320 quid

1242 328 1300 357 ego
1330 318 1364 349 in
1394 317 1443 348 his
1474 320 1630 359 angustiis
1662 321 1829 352 fecissem?
1876 322 1945 363 Ego
1970 323 2101 354 veroin
2124 323 2195 355 Deo

1243 370 1348 391 meum
1372 360 1530 391 auxilium
1554 362 1689 401 positum
1713 363 1869 395 sciebam:
1893 376 1929 396 ac
1954 364 2089 405 proinde
2108 376 2125 396 a
2145 377 2195 398 me

1215 421 1217 452 ,³
1242 403 1465 440 invocandum,
1497 409 1527 433 et
1551 405 1583 434 in
1608 405 1675 435 istis
1697 407 1854 446 angustiis
1877 407 2107 439 consulendum
2130 419 2194 440 non

1242 445 1438 485 ignorabam.
1485 445 1549 476 Sed
1573 447 1641 477 sine
1665 449 1820 480 sacrificio
1844 460 1906 480 non
1930 455 2083 490 poteram.
2129 451 2195 482 Ita-

1241 498 1301 526 que
1321 488 1508 519 necessitate
1527 488 1565 519 ad
1582 490 1825 522 sacrificandum
1839 492 1969 524 adactus
1982 503 2068 524 sum:
2088 493 2195 525 Deum

1242 531 1324 560 enim
1349 531 1380 561 in
1405 530 1474 561 istis
1493 530 1733 563 difficultatibus
1752 534 1902 566 invocare
1921 535 2024 566 volui:
2050 535 2195 576 nihilque

1242 579 1360 604 temere
1390 574 1523 613 suscepi.
1568 574 1677 614 Neque
1706 576 1790 606 enim
1813 577 1893 607 mihi
1918 577 2031 609 licebat
2054 578 2124 609 Deo
2148 579 2195 610 in-

1242 615 1385 646 consulto
1427 615 1579 647 adversus
1608 616 1716 648 hostes
1746 620 1852 659 copias
1882 619 1997 651 ducere
2027 624 2061 651 et
2089 621 2194 661 irrup-

1242 657 1363 688 tionem
1386 658 1418 688 in
1441 658 1512 689 illos
1534 658 1636 690 facere
1661 661 1728 691 sine
1752 661 1902 692 mandato
1927 662 2047 701 divim,
2071 668 2102 694 et
2125 664 2195 694 sine

1242 701 1463 731 testificatione
1484 701 1659 732 voluntatis
1682 703 1789 742 ipsius,
1814 714 1908 744 qnam
1933 705 2088 736 sciscitari
2108 706 2195 737 volui

1241 743 1360 773 usitata
1390 742 1523 780 ratione,
1555 754 1669 784 nempe
1690 745 1772 777 facto
1796 747 1960 779 sacrificio.
2006 748 2056 778 Ex
2080 748 2195 788 quibus

1242 790 1374 825 apparet
1403 785 1533 816 Saulem
1557 786 1589 817 in
1614 787 1666 817 illa
1689 798 1744 818 sua
1767 788 1938 821 rebellione
1962 790 2100 822 voluisse
2124 790 2196 822 obe-

1242 827 1429 859 dientiorem
1464 828 1564 859 videri
1595 830 1704 861 multis
1734 832 1786 870 qui
1818 842 1890 863 cum
1920 832 2102 864 humilitate
2125 833 2195 865 Deo

1241 870 1368 901 obedire
1391 881 1424 901 se
1447 871 1610 902 simulant.
1657 872 1741 903 Sane
1765 884 1828 904 non
1852 880 1978 914 poterat
2000 875 2120 906 maiore
2142 887 2196 907 ne-

1242 923 1301 952 que
1330 913 1521 952 speciosiore
1551 914 1633 953 apud
1664 914 1808 947 homines
1839 918 1967 948 virtutis
1998 918 2092 948 titulo
2116 917 2196 950 Saul

1241 955 1460 986 commendari
1501 966 1595 996 quam
1636 968 1733 997 quum
1773 964 1844 998 post
1879 964 2099 999 exspectatum
2134 960 2195 992 Sa-

1241 998 1382 1029 muelem
1423 999 1576 1030 sacrificio
1618 1000 1701 1031 facto
1742 1000 1846 1032 Deum
1881 1002 2055 1033 invocaret.
2110 1003 2195 1034 Nam

1242 1040 1304 1071 nisi
1341 1041 1559 1079 sacrificasset,
1596 1043 1771 1073 multorum
1800 1044 1998 1076 sermonibus
2029 1051 2196 1078 accusatus

1242 1083 1362 1121 fuisset,
1381 1084 1471 1123 quasi
1492 1094 1579 1123 spem
1599 1085 1630 1115 in
1650 1085 1711 1116 Dei
1730 1086 1884 1117 auxilium
1903 1087 2069 1125 simulans,
2088 1092 2196 1120 tamen

1242 1136 1307 1156 non
1342 1126 1611 1157 animadverteret
1634 1127 1740 1159 hostes
1763 1129 1795 1158 in
1820 1129 1962 1169 singulas
1986 1130 2081 1161 horas
2104 1141 2196 1170 posse

1241 1168 1311 1199 illos
1329 1169 1503 1208 imparatos
1522 1170 1663 1209 aggredi,
1685 1176 1717 1202 et
1737 1171 1926 1211 opprimere.
1971 1172 2054 1202 Nam
2073 1173 2107 1203 111
2127 1173 2196 1205 dies

1241 1211 1349 1251 augeri
1374 1211 1460 1242 vires
1483 1211 1639 1250 hostium;
1673 1219 1781 1244 contra
1803 1214 1996 1253 imparatum
2022 1225 2090 1247 esse
2113 1214 2195 1247 Sau-

1241 1253 1321 1290 lem3
1351 1264 1386 1285 ac
1416 1264 1513 1293 quum
1537 1255 1706 1294 postularit
1729 1256 1900 1287 necessitas
1923 1257 2043 1288 auxilio
2067 1262 2098 1288 et
2120 1268 2195 1289 con·

1243 1296 1312 1326 silio
1336 1297 1524 1327 destitutum
1546 1297 1595 1335 iri,
1618 1297 1700 1336 quod
1719 1297 1822 1329 Deum
1843 1299 1903 1330 rite
1924 1310 1987 1329 non
2007 1300 2195 1332 invocasset.

1243 1337 1352 1377 Quare
1387 1349 1450 1369 non
1479 1339 1579 1379 igitur
1609 1339 1783 1371 Dominum
1813 1341 1873 1372 rite
1903 1342 2074 1380 consuluit,
2108 1348 2139 1374 et
2161 1353 2196 1375 os

1242 1382 1342 1420 ipsius
1379 1381 1611 1422 interrogavit?
1657 1382 1762 1421 Quare
1799 1383 1936 1423 ignavus
1960 1384 2106 1415 desedit?
2143 1385 2196 1416 ubi

1242 1424 1381 1463 pristina
1412 1424 1536 1455 virtus?
1581 1424 1656 1456 Istis
1685 1430 1741 1456 aut
1770 1426 1927 1457 similibus
1959 1427 2088 1458 vocibus
2116 1427 2196 1459 Saul

1243 1471 1369 1505 poterat
1398 1477 1416 1496 a
1446 1467 1556 1498 multis
1589 1468 1705 1507 urgeri,
1736 1468 1760 1498 si
1785 1469 1985 1508 perstitisset,
2011 1469 2196 1501 Samuelem

1243 1516 1277 1539 ut
1318 1510 1575 1549 praescripserat,
1616 1515 1817 1550 exspectare:
1861 1521 1896 1542 ac
1930 1512 2062 1551 proinde
2094 1513 2195 1552 ipsius

1242 1551 1404 1583 festinatio
1434 1558 1466 1583 et
1495 1552 1684 1583 sacrificium
1715 1554 1822 1593 magni
1845 1554 1923 1591 fieri,
1954 1554 1992 1585 ab
2016 1555 2054 1586 iis
2078 1556 2131 1595 qui
2154 1566 2194 1586 ex

1242 1605 1317 1625 suae
1336 1595 1467 1625 rationis
1486 1606 1580 1626 sensu
1599 1594 1638 1625 de
1656 1595 1773 1626 divinis
1791 1596 1885 1627 rebus
1903 1595 2046 1628 iudicare
2065 1597 2193 1629 audent.

1243 1636 1306 1669 Sed
1330 1637 1390 1668 hoc
1413 1638 1566 1668 memoria
1590 1638 1761 1668 tenendum
1785 1644 1844 1677 est⁷
1867 1638 1980 1670 inanes
1999 1649 2108 1670 omnes
2127 1641 2194 1671 fore

1242 1685 1428 1720 praetextus
1457 1685 1489 1710 et
1519 1681 1745 1717 excusationes,
1784 1681 1845 1711 nisi
1874 1681 2068 1712 sententiam
2097 1692 2194 1721 quam

1242 1723 1309 1762 ipse
1332 1722 1422 1753 Deus
1443 1733 1499 1762 per
1521 1722 1704 1754 Samuelem
1727 1723 1802 1754 tulit
1825 1723 2038 1762 attendamus,
2068 1729 2099 1755 et
2122 1735 2193 1756 reos

1241 1766 1307 1795 fore
1349 1775 1475 1804 semper
1513 1766 1730 1796 contumaciae
1769 1770 1799 1796 et
1832 1766 2024 1797 rebellionis.
2068 1766 2194 1807 Ecquid

1242 1809 1327 1838 enim
1358 1807 1488 1839 Saulem
1512 1808 1572 1838 ista
1594 1808 1728 1839 iuvant?
1775 1808 1906 1848 Septem
1930 1808 1995 1840 dies
2019 1808 2194 1841 adventum

1243 1850 1403 1881 Samuelis
1441 1850 1653 1890 praestolatus
1694 1856 1757 1882 est:
1799 1851 2030 1890 praescriptum
2067 1856 2194 1891 tempus

1241 1893 1385 1933 elapsum
1409 1898 1494 1924 erat:
1523 1903 1584 1932 quo
1608 1893 1713 1933 elapso
1737 1893 1865 1924 solenne
1888 1894 2079 1924 sacrificium
2102 1894 2193 1925 fecit:

1241 1935 1373 1966 minime
1404 1935 1529 1975 quidem
1561 1935 1618 1967 sibi
1643 1936 1780 1966 alienum
1804 1946 1921 1967 munus
1944 1946 2107 1976 arrogans,
2136 1947 2191 1967 ne-

1241 1988 1300 2018 que
1329 1988 1365 2009 eo
1393 1978 1474 2009 facto
1502 1979 1637 2018 gratiam
1662 1984 1692 2009 et
1715 1979 1917 2009 autoritatem
1941 1983 2108 2018 quaerens,
2138 1989 2192 2010 ne-

1241 2031 1301 2060 que
1322 2021 1419 2052 stulta
1443 2021 1627 2051 curiositate
1651 2021 1768 2060 aliquid
1793 2031 1809 2051 a
1833 2031 1865 2051 se
1889 2021 2030 2051 alienum
2050 2026 2192 2053 tentans:

1241 2063 1294 2094 sed
1325 2063 1514 2094 necessitate
1544 2063 1707 2094 adductus.
1752 2063 1834 2094 Nam
1865 2063 2005 2102 undique
2034 2065 2193 2095 constrin-

1241 2107 1335 2146 gitur,
1358 2106 1433 2136 inde
1457 2105 1496 2136 ab
1519 2105 1672 2142 hostibus,
1697 2106 1770 2137 hinc
1794 2116 1811 2136 a
1834 2106 1949 2145 populo
1973 2106 2077 2144 ipsum
2103 2106 2192 2137 dese-

1240 2154 1341 2179 rente.
1386 2148 1472 2187 Quid
1495 2149 1594 2188 igitur
1617 2148 1668 2179 hic
1691 2154 1765 2188 agat
1787 2149 1893 2185 miser,
1917 2147 1998 2188 quod
2022 2148 2192 2180 eonsilium

1241 2192 1273 2221 in
1298 2197 1361 2221 tam
1386 2192 1532 2231 angustis
1555 2191 1649 2222 rebus
1672 2191 1719 2221 illi
1742 2190 1899 2230 reliquum
1923 2196 1981 2228 est,
2010 2190 2071 2221 nisi
2094 2197 2128 2221 ut
2152 2191 2193 2222 ad

1240 2234 1344 2264 Deum
1374 2234 1545 2273 confugiat,
1575 2238 1606 2263 et
1635 2233 1790 2264 auxilium
1820 2233 1858 2263 ab
1888 2233 1941 2264 illo
1971 2232 2081 2273 petat?
2126 2232 2193 2265 Sed

1240 2276 1394 2315 quomodo
1427 2281 1516 2315 petat
1545 2275 1607 2306 nisi
1631 2276 1712 2307 facto
1736 2275 1910 2306 sacrificio?
1956 2275 2063 2314 Quare
2086 2275 2193 2307 Deum

1239 2319 1382 2358 requirit,
1413 2324 1445 2349 et
1474 2319 1512 2349 ab
1536 2318 1590 2348 illo
1611 2318 1749 2357 pendere
1773 2322 1804 2348 et
1827 2322 2010 2357 exspectare
2034 2318 2192 2350 auxilium

1240 2371 1273 2392 se
1297 2366 1448 2392 testatur:
1473 2361 1608 2400 denique
1632 2359 1760 2391 Saulem
1785 2360 1904 2391 dixeris
1928 2360 2105 2400 angelicam
2129 2361 2195 2392 vir-

1240 2409 1340 2434 tutem
1375 2403 1425 2434 hic
1453 2413 1528 2443 prae
1558 2413 1591 2434 se
1630 2403 1722 2433 ferre.
1768 2403 1889 2433 Verum
1921 2403 2086 2433 enimvero
2119 2402 2194 2434 licet

1241 2446 1461 2477 excusationes
1491 2451 1615 2476 nostras
1643 2450 1673 2476 et
1702 2445 1800 2476 bonas
1822 2445 2017 2476 intentiones
2041 2445 2192 2485 speciosis

1241 2488 1346 2520 verbis
1377 2494 1505 2519 ornatas
1528 2489 1559 2518 in
1583 2487 1724 2518 medium
1748 2487 1939 2523 adferamus,
1972 2488 2060 2518 Deus
2083 2492 2192 2519 tamen

1241 2542 1303 2562 uno
1327 2531 1421 2562 verbo
1444 2531 1642 2570 pronunciat,
1665 2540 1699 2561 se
1722 2540 1786 2560 11011
1810 2535 2014 2570 accepturum
2039 2530 2194 2561 sacrificia

1241 2580 1368 2613 praeter
1397 2573 1497 2613 ipsius
1527 2572 1716 2603 mandatum
1747 2573 1848 2603 facta:
1877 2573 1929 2604 cui
1959 2573 2089 2603 omnino
2121 2583 2194 2603 sen-

1243 2616 1362 2647 tentiae
1391 2620 1438 2646 est
1467 2615 1741 2654 acquiescendum.
1787 2615 2001 2654 Quamobrem
2025 2615 2078 2646 hic
2102 2614 2198 2647 doce-

2006 2667 2037 2691 12*
