2551 3044
234 209 297 240 665

234 305 370 335 tentiam
406 303 586 339 revocandi,
621 312 683 341 qua
712 301 802 331 Deus
835 311 931 341 saepe
964 301 1066 331 utitur
1096 300 1207 331 eondi-

236 348 355 378 tionem
382 348 415 378 in
438 357 472 377 se
495 345 674 379 continens,
699 354 798 382 quum
824 348 933 374 tamen
959 343 1122 375 decretum
1144 342 1207 373 Dei

236 389 448 420 irrevocabile
461 388 616 419 videatur.
642 386 697 417 Sic
718 396 812 425 saepo
833 397 889 426 per
910 386 1084 426 prophetas
1099 386 1207 416 Deum

236 432 406 472 loquutum
429 430 590 465 videmus,
615 438 753 467 quorum
777 428 964 468 frequentes
986 434 1062 459 sunt
1076 428 1208 459 divinae

235 475 268 505 111
298 474 452 514 populum
485 471 649 503 vindictae
680 471 962 508 comminationes,
992 471 1110 510 quibus
1142 481 1207 501 non

236 517 341 557 primo
382 514 490 546 statim
534 518 678 554 tempore
718 524 836 552 poenas
870 515 904 544 in
939 514 1093 553 populum
1129 523 1208 552 quas

236 559 422 590 minabatur
452 556 628 586 immittere
660 555 799 593 volebat,
835 556 889 587 sed
922 556 1075 596 populum
1102 556 1208 596 potius

236 602 274 632 ad
289 600 519 640 poenitentiam
541 609 656 629 vocare
680 604 711 628 et
736 598 774 628 ad
800 600 917 629 seriam
942 599 979 629 ad
1005 599 1110 638 ipsum
1134 609 1209 629 con-

235 643 429 675 versionem.
462 641 500 671 In
527 641 597 671 istis
620 641 722 680 igitur
746 651 922 679 poenarum
947 640 1208 672 comminationi-

234 686 294 717 bus
326 684 469 715 conditio
501 683 659 722 quaedam
691 684 750 713 etsi
782 694 846 714 non
878 694 1032 723 expressa
1063 684 1209 713 contine·

234 729 331 759 batur
357 727 383 758 si
415 726 648 766 poenitentiam
681 731 833 766 agerent,
866 732 897 756 et
922 727 1004 757 serio
1034 726 1072 755 ad
1103 726 1208 756 Deum

233 775 511 804 converterentur,
545 774 576 798 et
598 768 704 799 cordis
728 768 917 807 integritate
941 768 1069 799 veniam
1095 768 1208 808 depre-

233 816 400 850 carentur,
429 822 463 842 se
488 810 528 841 ad
558 811 814 841 misericordiam
840 811 1014 852 proclivem
1041 812 1126 841 fore:
1158 811 1208 841 sin

233 855 343 885 minus
377 864 498 894 poenas
533 863 613 893 quas
648 853 832 884 minabatur
866 854 1097 885 immissurum.
1154 852 1209 884 Sic

235 896 381 937 quotidie
405 907 463 927 nos
488 895 552 925 Dei
576 895 714 926 verbum
739 896 860 932 audire,
891 902 924 928 et·
947 902 1088 927 nostram
1114 896 1146 925 in
1171 905 1209 926 eo

234 939 541 971 condemnationem
565 943 706 978 oportet:
730 939 866 969 verbum
892 939 978 970 enim
999 938 1060 969 Dei
1084 938 1210 978 praedi-

234 987 343 1013 catum
375 986 423 1012 est
452 981 556 1011 instar
587 981 735 1020 bipennis
765 987 796 1012 et
820 982 918 1021 gladii
939 981 1108 1020 ancipitis:
1133 991 1208 1011 nam

232 1025 277 1055 ait
312 1024 496 1064 apostolus,
539 1023 673 1064 uniusff)
704 1028 753 1054 est
784 1034 890 1055 sermo
920 1023 983 1054 Dei
1021 1030 1052 1054 et-
1093 1024 1207 1054 efficax

232 1071 265 1098 et
294 1066 519 1107 penetrantior
549 1066 664 1105 quovis
699 1065 805 1106 gladio
830 1067 972 1107 ancipiti,
997 1071 1030 1096 et
1051 1066 1210 1106 pertingit

232 1109 272 1141 ad
304 1109 497 1140 divisionem
529 1109 657 1139 animae
689 1119 725 1139 ac
755 1109 889 1149 spiritus
912 1119 1106 1149 compagum
1130 1118 1205 1148 quo-

231 1162 294 1192 que
326 1162 362 1182 ac
399 1150 619 1182 medullarum
651 1156 683 1182 et
714 1151 895 1183 diiudicans
925 1152 1151 1191 conceptiones
1176 1156 1209 1182 et

232 1195 444 1234 cogitationes
469 1193 584 1225 cordis.
609 1193 717 1231 Quam
743 1194 782 1225 ob
806 1205 935 1225 causam
961 1195 1058 1225 etiam
1083 1194 1209 1225 Paulus

232 1236 324 1267 docet
355 1237 490 1268 verbum
515 1236 577 1266 Dei
609 1237 754 1277 singulos
786 1237 825 1268 ad
857 1248 993 1268 examen
1025 1237 1073 1267 sui
1105 1237 1208 1275 ipsius

233 1290 350 1311 vocare
374 1284 409 1310 ut
422 1289 529 1310 coram
543 1278 616 1309 Deo
636 1279 675 1309 de
695 1280 761 1310 suis
781 1280 914 1310 offensis
937 1279 1077 1311 convicti
1102 1279 1207 1319 magis

230 1332 268 1353 ac
297 1321 402 1362 magis
434 1321 636 1359 deiiciantur,
668 1326 701 1352 et
732 1333 824 1353 suam
856 1323 1084 1362 indignitatem
1109 1323 1207 1352 confi-

231 1369 372 1396 teantur.
397 1363 618 1403 Quamobrem
639 1365 893 1404 quotiescunque
906 1365 970 1395 Dei
989 1365 1124 1395 verbum
1150 1375 1207 1394 au—

232 1407 332 1438 dituri
349 1406 541 1444 accedimus,
558 1406 610 1436 vel
626 1412 865 1438 sacrosanctam
884 1408 1076 1447 scripturam
1094 1407 1207 1438 lecturi

230 1450 266 1480 in
289 1460 408 1480 manus
427 1449 634 1488 assumimus,
658 1460 717 1480 nos
738 1450 782 1480 ita
801 1455 1004 1490 comparatos
1023 1460 1092 1481 esse
1106 1450 1207 1487 decet,

231 1496 269 1523 ut
292 1493 326 1522 in
350 1502 387 1523 eo
411 1496 565 1530 tanquam
591 1502 631 1522 ex
644 1492 746 1532 ipsius
759 1503 813 1523 ore
826 1492 889 1524 Dei
902 1493 1207 1524 condemnationem

232 1540 376 1565 nostram
397 1534 578 1570 audiamus,
604 1540 635 1564 et
654 1535 687 1565 in
711 1546 748 1565 eo
771 1536 1039 1575 conquiescamus
1063 1539 1095 1565 et
1114 1535 1208 1566 nobis

232 1577 312 1617 ipsis
332 1577 435 1616 magis
455 1586 491 1607 ac
510 1576 614 1615 magis
639 1577 821 1617 displicere,
844 1582 876 1609 et
899 1589 1005 1609 coram
1020 1577 1090 1608 Deo
1115 1577 1207 1608 deiiei

233 1630 269 1651 ac
281 1619 448 1650 humiliari
462 1619 635 1656 discamus,
655 1620 821 1651 commodo
835 1621 922 1651 enim
941 1626 1051 1651 nostro
1064 1620 1207 1650 maximo

232 1663 289 1693 fiet
312 1663 337 1692 si
358 1661 663 1692 condemnationem
688 1662 925 1700 admiserimus,
949 1662 1208 1702 quandoquidem

232 1703 324 1735 Deus
337 1704 370 1734 in
386 1715 444 1735 nos
463 1704 541 1734 adeo
567 1705 722 1743 proclivis
746 1713 804 1744 est,
827 1711 865 1736 ut
888 1707 1026 1746 gratiam
1052 1716 1088 1736 ac
1111 1705 1209 1736 mise-

232 1746 405 1778 ricordiam
430 1746 621 1786 polliceatur
645 1753 777 1786 peccata
801 1759 860 1779 sua
881 1748 1145 1790 agnoscentibus,
1178 1752 1210 1778 et
1235 1775 1236 1782 ,

935 1791 1058 1822 Contra
1082 1801 1159 1821 vero
1183 1791 1210 1821 si
1235 1794 1236 1802 ¹

232 1789 272 1820 ad
297 1789 464 1820 meliorem
489 1789 615 1828 frugem
640 1791 893 1822 revertentibus.

232 1831 272 1862 ad
298 1832 359 1862 Dei
384 1832 652 1863 comminationes
677 1833 824 1864 homines
847 1833 1067 1870 occalluerint‚
1091 1839 1121 1863 et
1136 1843 1210 1872 poe-

234 1874 405 1905 nitentiam
430 1884 497 1905 non
522 1875 659 1915 egerint,
685 1876 793 1907 nullus
818 1877 932 1907 veniae
955 1876 1045 1907 locus
1070 1876 1210 1915 amplius

232 1923 389 1956 superest,
415 1917 470 1947 sed
485 1916 633 1948 absoluta
647 1918 707 1948 Dei
727 1919 889 1949 sententia
909 1923 966 1952 est.
991 1923 1024 1949 et
1043 1918 1209 1949 decretum

231 1959 398 1989 immobile
419 1959 576 1990 adversus
599 1966 795 2000 peccatores.
842 1961 898 1992 Sic
921 1961 1097 2001 prophetas
1121 1961 1210 1991 vide-

232 2011 307 2032 mus
342 2001 501 2032 adversus
536 2003 689 2041 populum
725 2003 878 2034 rebellem
914 2008 945 2034 et
975 2009 1209 2040 contumacem,

233 2043 363 2074 divinae
382 2044 562 2081 vindictae,
587 2050 619 2075 et
642 2046 862 2077 irrevocabilis
886 2047 1082 2077 sententiam
1096 2045 1210 2076 tulisse

233 2096 330 2125 quum
364 2086 521 2126 neglectis
551 2086 672 2118 divinis
703 2088 979 2120 admonitionibus
1016 2089 1049 2119 in
1085 2088 1210 2119 malitia

234 2134 507 2175 perseverassent.
554 2128 622 2160 Nos
650 2131 758 2170 itaque
782 2131 844 2162 Dei
874 2131 992 2162 iudicis
1016 2131 1049 2161 in
1079 2141 1132 2162 eos
1156 2131 1210 2170 qui

235 2171 392 2209 patientia
415 2176 447 2202 et
471 2171 613 2202 bonitate
643 2173 744 2212 ipsius
775 2173 865 2204 abusi
897 2178 972 2205 sunt
1004 2173 1210 2203 animadver-

236 2217 341 2243 tentes
370 2218 569 2252 metuamus,
607 2220 639 2245 et
672 2226 712 2246 ne
741 2217 905 2255 patiamur
935 2216 997 2247 Dei
1029 2215 1208 2247 vindictam
1234 2234 1236 2242 ι

235 2264 272 2284 50
307 2264 409 2302 usque
443 2256 595 2296 progredi
630 2262 666 2288 ut
699 2258 810 2289 nullus
843 2258 1082 2290 misericordiae
1120 2258 1209 2289 locus

235 2301 396 2344 superalt:
426 2297 482 2328 sed
511 2299 666 2337 quamdiu
698 2311 756 2331 nos
779 2301 941 2341 patienter
964 2301 1090 2338 tolerat,
1114 2305 1145 2331 et
1168 2300 1208 2330 ad

233 2338 402 2387 meliorem
423 2340 549 2380 frugem
570 2347 666 2373 vocat
686 2349 818 2382 peccata
841 2348 953 2374 nostra
975 2342 1208 2378 condemnans,

235 2391 435 2412 occasionem
468 2381 609 2414 oblatam
633 2386 839 2426 arripiamus,
862 2390 895 2417 et
918 2396 958 2417 ne
981 2390 1208 2425 exspectemus

235 2423 338 2454 donec
368 2434 462 2454 aures
490 2425 672 2466 occluserit,
703 2432 735 2458 et
758 2428 865 2469 gratia
888 2428 990 2468 ipsius
1012 2427 1208 2459 excidamus.

321 2465 496 2497 Caeterum
520 2468 605 2506 quod
624 2469 664 2500 ad
684 2469 793 2502 Saulis
816 2475 940 2502 metum
965 2470 1057 2501 illum
1082 2470 1209 2506 attinet,

234 2507 477 2556 observandum
509 2513 557 2540 est
582 2511 717 2543 affectus
736 2524 805 2544 esse
829 2513 987 2553 quosdam
1011 2513 1122 2544 electis
1146 2512 1209 2543 Dei

233 2555 266 2582 et
296 2551 442 2590 reprobis
472 2561 669 2592 communes,
699 2554 858 2594 fidelibus,
881 2556 1027 2596 inquam,
1050 2560 1082 2586 et
1104 2555 1208 2586 incre-

321 2643 349 2676 ')
368 2643 458 2676 Leye:
478 2644 565 2671 vivus.

855 207 902 237 IN
927 208 951 238 1.
978 207 1066 238 LIB.
1091 208 1291 239 s'AMUEL.
1318 210 1414 240 (lAl'.
1439 211 1603 241 XXVIII.

1234 469 1236 479 '
1261 471 1383 502 faciunt
1413 476 1446 500 et
1476 471 1537 501 Dei
1570 472 1674 501 mimis
1703 478 1932 507 contemnunt,

2161 209 2224 238 1366

1261 300 1360 331 dulis:
1387 302 1439 331 sed
1461 308 1568 332 tamen
1590 313 1740 341 magnam
1766 302 1797 331 in
1823 301 1885 331 illis
1909 310 1978 331 esse
1992 300 2225 330 differentiam:

1262 354 1335 373 nam
1372 343 1522 383 (exempli
1558 345 1672 385 gratia)
1707 350 1770 374 taini
1807 344 1951 373 infideles
1986 354 2080 381 quani
2117 342 2226 373 fideles

1260 386 1436 423 credentes,
1472 393 1534 416 tam
1568 387 1692 426 reprobi
1724 397 1819 425 quam
1847 387 1919 415 boni
1945 386 1982 415 ad
2009 384 2069 415 Dei
2094 385 2226 415 cenimi-

1262 429 1408 458 nationes
1442 428 1589 464 horrent,
1622 430 1682 458 etsi
1715 430 1850 468 improbi
1885 439 1978 466 saepe
2009 428 2067 457 sihi
2100 427 2228 456 delitias

1971 480 2005 499 ae
2038 472 2069 499 iii
2104 469 2227 499 malitia

1261 518 1481 553 perseverant,
1507 514 1607 543 iocum
1634 520 1665 543 et
1689 514 1786 543 risum
1813 514 1884 543 illas
1906 513 2146 542 existimantes:
2171 510 2225 542 sed

1262 567 1340 595 quas
1366 561 1473 585 tamen
1498 557 1626 586 tandem
1654 563 1716 585 tani
1745 555 1922 585 horrendas
1945 555 2167 593 experiuntur,
2193 559 2231 583 ut

1262 606 1388 629 montes
1418 600 1452 627 in
1477 609 1533 628 sua
1559 600 1664 637 capua
1689 598 1814 628 devolvi
1839 604 2001 636 exoptent,
2032 603 2064 627 et
2095 602 2128 627 ut
2153 596 2231 635 ipsis

1262 641 1327 671 ima
1352 640 1447 670 tellus
1472 640 1627 678 dehiscat,
1659 647 1692 670 iit
1717 650 1806 670 saera
1830 641 1988 679 scriptura
2013 650 2107 678 saepe
2133 639 2230 676 loqui-

1263 688 1325 721 tur,
1358 683 1507 722 quoniam
1542 684 1587 713 ira
1612 683 1672 712 Dei
1698 683 1774 721 ipsis
1798 688 1846 712 cst
1871 681 2040 712 horrenda.
2087 680 2232 719 Iniprobi

1262 726 1370 765 igitur.
1406 730 1436 755 et
1471 726 1612 755 maxime
1646 733 1853 755 contumaees
1888 730 1978 754 tanto
2011 723 2073 753 Dei
2109 729 2232 753 terrore

1263 768 1501 807 percelluntur,
1542 774 1576 798 ut
1617 768 1770 797 adversus
1806 768 1906 806 ipsius
1939 767 2018 796 iram
2055 764 2231 795 remedium

1262 811 1388 841 nullum
1422 811 1602 847 inveniant,
1634 816 1745 840 contra
1776 820 1852 839 veri>
1876 808 1987 839 fideles
2011 808 2232 847 percelluntur

1262 853 1403 893 quidem,
1433 858 1464 882 et
1493 864 1555 892 qu‹›
1580 853 1733 883 maiorem
1759 852 1878 881 habent
1902 851 2030 881 divinae
2054 850 2231 880 maiestatis

1234 897 1235 901 ’
1262 895 1551 935 apprehensionem
1573 905 1667 934 quam
1689 894 1824 933 improbi
1845 895 1948 933 magis
1971 894 2066 923 eiiam
2090 902 2231 923 commo-

1261 944 1390 975 ventur,
1423 943 1454 968 et
1478 938 1516 968 ad
1542 939 1655 968 vivum
1680 947 1780 975 usque
1804 943 1985 974 tanguntur
2009 937 2075 966 irae
2101 935 2231 965 divinae

1261 992 1370 1019 sensu,
1394 980 1664 1019 quemadmodum
1687 979 1842 1019 propheta
1862 979 1894 1008 in
1919 978 2051 1017 psalmis
2077 978 2230 1016 loquitur,

1261 1025 1315 1063 qui
1335 1034 1449 1054 sensus
1472 1024 1538 1053 irae
1561 1023 1688 1053 divinae
1712 1030 1744 1051 et
1767 1028 1871 1051 metus
1895 1021 1972 1059 ipsis
1996 1028 2044 1051 est
2068 1030 2140 1050 cum
2169 1019 2229 1049 im-

1261 1067 1322 1106 piis
1353 1072 1385 1096 et
1415 1066 1591 1096 incredulis
1621 1065 1814 1095 eommunis:
1847 1062 1901 1093 sed
1938 1073 1975 1092 ex
2002 1063 2061 1093 isto
2086 1069 2174 1092 metu
2199 1067 2231 1092 et

1261 1119 1381 1149 pavore
1408 1118 1472 1138 non
1499 1112 1605 1148 potest
1635 1107 1765 1137 iudicari
1797 1106 1835 1136 de
1866 1105 2005 1135 hominis
2029 1104 2230 1144 poenitentia

1261 1156 1293 1182 et
1315 1162 1422 1182 coram
1440 1150 1511 1181 Deo
1534 1150 1726 1181 humilitate.
1750 1149 1833 1178 Nam
1858 1148 1884 1178 51
1909 1147 1987 1178 Saul
2013 1148 2096 1178 serio
2121 1157 2230 1186 pecca-

1261 1199 1367 1224 torum
1398 1204 1495 1224 sensu
1527 1194 1660 1224 affectus
1682 1192 1792 1222 fuisset
1819 1201 1881 1220 non
1907 1190 2137 1229 permansisset
2162 1188 2230 1219 diu-

1262 1237 1325 1267 tius
1349 1236 1383 1267 in
1406 1236 1461 1266 1110
1485 1247 1614 1276 pavore,
1639 1235 1694 1265 sed
1718 1233 1936 1265 conversionis
1956 1233 1994 1262 ad
2009 1233 2113 1262 Deum
2138 1232 2232 1262 effec-

1261 1284 1330 1310 tum
1364 1289 1398 1309 re
1430 1279 1499 1318 ipsa
1530 1278 1683 1309 sensisset
1713 1282 1744 1307 et
1779 1276 2041 1311 demonstrasset,
2073 1274 2232 1313 siquidem

1262 1323 1368 1361 ipsum
1384 1321 1474 1352 Deus
1494 1322 1598 1352 sancti
1622 1320 1754 1360 spiritus
1779 1319 1889 1348 alflatu
1913 1317 1951 1347 ad
1976 1317 2231 1347 misericordiam

1262 1364 1471 1395 obtinendam
1514 1364 1720 1403 inspirasset,
1763 1361 1816 1391 sed
1858 1359 2055 1390 contrarium
2098 1369 2232 1398 prorsus

1261 1411 1403 1446 apparet.
1445 1407 1506 1438 Est
1530 1407 1668 1446 quidem,
1693 1406 1804 1439 fateor,
1829 1402 2012 1432 divinorum
2037 1401 2232 1431 iudiciorum

1261 1457 1367 1480 metus
1381 1448 1421 1480 ad
1436 1449 1666 1488 poenitentiam
1683 1445 1890 1487 praeparatio,
1910 1444 1963 1475 sed
1987 1445 2018 1474 in
2039 1454 2103 1483 quo
2123 1450 2233 1474 tamen

1261 1493 1394 1522 minime
1418 1493 1459 1522 sit
1483 1502 1610 1531 semper
1634 1489 1842 1521 haerendum.
1888 1486 1973 1525 Quid
1995 1486 2061 1516 ita?
2107 1486 2232 1525 Nempe

1261 1534 1347 1574 quod
1362 1534 1423 1565 Dei
1438 1539 1678 1574 contemptores
1698 1533 1741 1562 ita
1761 1530 1923 1570 perterriti
1943 1530 2049 1576 furere
2063 1529 2230 1576 incipiant,

1262 1582 1294 1608 et
1323 1578 1483 1608 immanes
1514 1577 1597 1607 feras
1627 1576 1812 1611 imitentur,
1841 1582 1922 1611 quae
1946 1578 2068 1603 catenis
2100 1576 2229 1602 vinctae

1261 1620 1333 1650 illas
1364 1619 1535 1654 arrodunt,
1566 1626 1596 1649 et
1627 1618 1739 1648 dentes
1765 1626 1841 1656 prae
1873 1614 1961 1644 rabie
1992 1614 2164 1653 frangunt:
2196 1618 2232 1644 ut

1260 1662 1412 1692 indomiti
1436 1662 1510 1702 equi
1535 1662 1681 1692 fraenum
1707 1659 1856 1690 mordent
1879 1666 2002 1687 sessore
2025 1656 2130 1686 calcar
2154 1657 2232 1695 ipsis

1261 1705 1435 1736 subdente:
1461 1706 1505 1735 sie
1525 1703 1652 1745 profani
1671 1709 1790 1732 metum
1816 1699 1907 1729 illum
1932 1700 1964 1729 in
1988 1698 2130 1728 furorem
2156 1708 2230 1729 con-

1260 1751 1407 1786 vertunt,
1442 1752 1473 1777 et
1507 1747 1662 1777 adversus
1697 1745 1802 1774 Deum
1835 1741 2098 1778 stomachantur,
2133 1746 2164 1771 et
2197 1742 2231 1771 in

1261 1789 1519 1829 desparationem
1551 1787 1746 1829 praecipites
1770 1787 1933 1815 feruntur:
1966 1783 2103 1822 ideoque
2127 1784 2231 1823 magis

1235 1833 1236 1837 ’
1262 1843 1298 1863 ae
1311 1833 1415 1872 magis
1429 1832 1635 1867 indurantur,
1649 1836 1680 1860 et
1694 1829 1732 1859 ad
1746 1828 1870 1867 flagitia
1885 1830 2107 1860 revertuntur,
2128 1827 2232 1856 immi-

1235 1871 1237 1887 ³
1261 1876 1369 1905 nentis
1390 1875 1518 1905 divinae
1538 1874 1697 1904 vindictae
1716 1872 1930 1905 immemores,
1955 1874 1986 1898 et
1998 1867 2105 1898 Deum
2125 1867 2231 1907 ipsum

1235 1916 1236 1926 ¹
1262 1923 1415 1957 tanquam
1459 1917 1560 1957 ipsius
1593 1924 1725 1945 manum
1761 1912 1944 1943 evasissent
1977 1916 2231 1942 contemnentes.

1234 2209 1236 2219 A

1234 2220 1236 2233 i

1261 1960 1386 1991 Contra
1427 1970 1503 1990 vero
1545 1958 1654 1989 fideles
1696 1956 1877 1986 divinorum
1913 1952 2104 1983 iudiciorum
2140 1961 2228 1985 metu

1262 2003 1411 2042 perculsi,
1437 2002 1587 2032 bonitatis
1607 2000 1709 2039 ipsius
1729 2007 1885 2028 memores
1909 2006 1945 2025 ca
1969 2005 2038 2025 sese
2061 1996 2229 2027 consolan—

1261 2051 1313 2075 tiir
1337 2051 1368 2075 et
1389 2045 1528 2083 erigunt,
1554 2053 1594 2072 ne
1619 2041 1750 2072 tristitia
1773 2045 1805 2070 et
1829 2047 1975 2068 moerore
1997 2038 2226 2070 conficiantur:

1262 2087 1396 2127 ideoque
1417 2087 1578 2126 appetitus
1597 2096 1672 2115 suos
1687 2081 1946 2114 vehementiores
1964 2089 2094 2111 coecere
2110 2091 2230 2112 conan-

1262 2135 1331 2166 tur,
1367 2136 1399 2160 et
1436 2129 1601 2159 fraenare:
1640 2136 1675 2157 ac
1709 2126 1869 2165 patienter
1903 2122 1966 2153 Dei
1999 2123 2229 2163 castigationes

1263 2174 1378 2208 ferunt,
1402 2171 1528 2202 etiamsi
1548 2180 1636 2200 mors
1655 2170 1726 2208 ipsa
1749 2168 1790 2198 sit
1813 2165 1970 2202 obeunda,
1996 2165 2075 2196 adeo
2099 2166 2229 2205 quidem

1261 2221 1298 2245 ut
1322 2216 1347 2245 si
1372 2214 1461 2244 Deus
1490 2213 1602 2253 poenis
1634 2211 1759 2242 meritis
1789 2209 1932 2240 eximere
1963 2209 2048 2247 ipsos
2079 2209 2228 2248 noluerit,

1261 2257 1473 2288 nihilominus
1496 2265 1625 2286 omnem
1645 2252 1882 2293 aegritudinem
1905 2250 2067 2286 abiiciant,
2092 2257 2122 2281 et
2147 2251 2228 2281 divi-

1260 2309 1375 2330 norum
1418 2297 1608 2329 iudiciorum
1652 2295 1861 2327 severitatem
1896 2294 2053 2332 patientia
2085 2293 2227 2330 vincant,

1260 2352 1365 2381 neque
1397 2345 1431 2371 ut
1458 2339 1597 2380 improbi
1628 2338 1784 2369 adversus
1814 2336 1922 2366 Deum
1954 2336 2141 2374 insurgant,
2173 2341 2229 2366 aut

1261 2384 1410 2414 dentibus
1438 2382 1661 2413 infrendeant:
1694 2379 1748 2411 sed
1780 2389 1871 2414 eum,
1908 2377 2036 2407 etiamsi
2066 2378 2228 2417 corripiat,

1260 2426 1471 2456 nihilominus
1501 2425 1678 2464 benignum
1712 2428 1836 2462 patrem
1860 2420 2011 2455 sentiant,
2038 2426 2069 2448 et
2093 2420 2229 2460 castiga-

1260 2470 1380 2499 tionem
1415 2478 1472 2507 pro
1508 2476 1636 2498 summo
1671 2466 1753 2495 bono
1789 2463 1945 2494 habeant:
1981 2462 2065 2499 quod
2097 2469 2229 2502 peccata

1260 2521 1317 2542 sua
1330 2510 1393 2541 Dei
1413 2509 1555 2540 bonitate
1576 2514 1608 2539 et
1630 2505 1851 2538 misericordia
1874 2509 1993 2534 tectum
2017 2504 2057 2534 iri
2080 2506 2229 2544 persuasi

1260 2558 1343 2584 sunt.
1389 2553 1463 2583 Erit
1492 2552 1594 2592 igitur
1622 2551 1701 2590 ipsis
1732 2549 1862 2579 salubre
1890 2547 2114 2587 pharmacum,
2145 2547 2229 2587 quod

1261 2596 1364 2635 primo
1393 2594 1504 2625 intuiti
1536 2592 1655 2624 lethale
1679 2592 1799 2622 vulnus
1823 2591 1890 2622 fore
1913 2588 2095 2620 videbatur.
2140 2589 2228 2628 Quin

1261 2638 1386 2669 etiamsi
1400 2636 1491 2668 Deus
1505 2636 1585 2676 ipsis
1604 2639 1723 2675 parcat,
1746 2638 1778 2664 et
1797 2632 1895 2664 nullis
1914 2632 2077 2663 exercitiis
2100 2633 2230 2671 excitet,
