2551 3044
242 160 283 192 25
892 161 938 192 IN
962 161 988 191 1.
1014 160 1100 191 LIB.
1124 159 1321 191 SAMUEL.
1344 160 1439 191 OAP.

243 262 309 288 tam
341 256 406 287 acri
436 255 686 295 reprehensione
713 254 875 285 Samuelis
898 254 1064 291 offensum,
1097 263 1199 284 reces-

243 300 330 331 sisse.
376 298 440 329 Sed
479 297 657 329 cavendum
689 306 728 327 ne
758 296 843 328 illius
874 296 1038 327 imitemur
1068 296 1198 327 festina-

244 342 371 376 tionem,
392 340 556 380 multoque
572 340 680 370 minus
693 339 896 370 rebellionem
910 345 942 370 et
954 339 1199 375 contumaciam,

244 385 277 416 in
301 394 396 424 quam
420 393 453 414 se
476 382 682 430 praecipitem
705 381 801 412 dedit.
827 382 908 412 Nam
934 381 1093 412 horrenda
1112 381 1200 412 dein—

244 438 317 467 ceps
354 426 496 457 confusio
531 426 562 455 in
591 425 692 464 ipsius
721 431 816 463 eaput
845 432 876 455 et
908 432 1048 464 posteros
1077 423 1199 455 incidit.

244 470 352 508 Quare
386 468 639 507 quotiescunque
670 467 759 497 Deus
791 468 894 498 aelius
925 478 982 497 nos
1013 466 1199 514 increpabit,

244 511 361 543 dociles
385 516 509 540 mentes
533 509 658 540 adferre
681 509 854 540 discamus:
881 517 987 540 nostro
1012 510 1095 539 enim
1115 519 1199 539 com-

244 554 336 586 modo
373 553 418 588 fit,
463 558 498 582 ut
531 562 657 583 summo
691 553 759 582 iure
794 553 958 583 nobiscum
996 552 1082 583 Deus
1116 558 1198 589 agat,

243 605 358 635 nempe
382 600 416 625 ut
439 594 652 631 absolvamur,
677 600 708 625 et
732 605 772 625 ne
795 596 826 625 in
853 595 995 625 ultimam
1020 594 1107 625 illam
1127 603 1198 624 con·

243 638 493 674 demnationem,
517 637 664 668 omnibus
687 638 929 668 contumacibus
953 644 983 667 et
1007 638 1037 667 in
1062 636 1198 676 peccatis

242 692 311 713 sese
334 680 579 711 obfirmantibus
603 685 747 719 paratam
771 680 958 711 incidamus.

327 723 482 762 Sequitur
505 722 652 762 deinceps
676 723 807 762 gravius
830 733 932 762 poena
951 732 1046 761 quam
1067 720 1197 753 Saulem

242 776 372 798 manere
395 765 527 796 Samuel
552 765 643 796 docet
666 764 715 796 his
740 766 862 796 verbis:
898 764 981 796 Certe
1003 764 1200 795 stabilivisset

243 809 357 840 Iehova
392 818 520 847 reqnum
549 810 635 838 tuum
666 808 750 846 apud
773 808 937 838 [sy-<affluas
959 817 1056 846 usque
1078 807 1111 837 'in
1132 816 1198 837 sae-

242 852 353 891 culum,
379 860 459 881 manc
488 853 590 881 autem
618 860 747 890 reymcm
775 853 861 881 ticum
890 860 947 880 nrm
971 849 1079 880 stabit.-
1108 859 1199 889 quae-

241 895 314 926 sivit
350 893 411 924 sibus
446 892 560 924 Iehova
593 893 696 923 virum
729 893 894 924 secundum
927 892 1066 923 animum
1097 901 1198 929 suum,

242 947 331 976 quem
353 936 514 967 mandavit
537 946 599 966 esse
621 938 833 966 antecessorem
856 936 890 966 in
908 935 1021 974 populo
1039 945 1102 965 suo.
1148 934 1199 964 Ita

243 980 333 1010 Deus
379 978 521 1009 decrevit
561 978 592 1007 e't
633 984 737 1008 ratum
772 983 819 1008 est
853 978 992 1008 Iehovae
1026 977 1198 1008 decretum.

243 1022 414 1054 Caeterum
446 1020 497 1051 hic
521 1021 623 1050 oritur
646 1031 709 1051 non
734 1030 834 1060 parva
856 1020 1008 1059 quaestio,
1042 1019 1198 1059 quomodo

242 1064 326 1095 dicat
356 1063 500 1102 Samuel,
530 1062 638 1093 Saulis
669 1073 811 1103 regnum,
843 1064 868 1093 si
893 1062 1092 1093 observasset
1115 1061 1199 1101 quod

242 1108 349 1138 iussus
380 1106 489 1141 fuerat,
522 1105 697 1135 stabilitum
728 1106 764 1136 iri
795 1106 828 1136 in
859 1111 1067 1146 perpetuum:
1098 1115 1197 1144 quan—

243 1148 413 1188 doquidem
446 1149 593 1187 superius
622 1147 761 1179 vidimus
791 1159 855 1179 non
886 1148 985 1179 fuisse
1015 1158 1033 1178 a
1056 1147 1198 1178 Domino

243 1202 379 1232 regnum
404 1191 490 1221 istud
514 1190 735 1230 approbatum,
760 1191 842 1230 quod
869 1190 956 1221 nullo
977 1191 1061 1221 iusto
1084 1189 1198 1221 funda-

242 1241 350 1266 mento
387 1234 557 1264 niteretur:
593 1238 624 1263 et
657 1233 739 1272 quod
775 1233 910 1273 populus
943 1233 1053 1273 iugum
1088 1233 1146 1264 sibi
1179 1244 1197 1263 a

242 1276 383 1308 Domino
412 1276 598 1315 impositum
629 1281 779 1306 excutere
811 1276 970 1307 voluisset.
1016 1275 1196 1312 Praeterea,

240 1329 338 1360 quum
369 1318 459 1349 Deus
490 1318 549 1349 sibi
581 1328 707 1357 semper
730 1318 842 1349 similis
865 1319 905 1349 sit
928 1323 958 1348 et
981 1318 1196 1354 immutabilis,

240 1373 304 1393 non
338 1366 473 1402 possunt
508 1360 673 1391 hominum
708 1361 791 1391 facta
825 1361 1024 1391 voluntatem
1058 1361 1143 1391 illius
1166 1366 1198 1391 et

242 1405 407 1436 decretum
430 1403 612 1434 immutare.
657 1403 835 1442 Oportebat
858 1410 964 1434 autem
983 1409 1143 1443 sceptrum
1164 1403 1196 1434 in

242 1447 327 1478 tribu
371 1445 453 1477 Iuda
498 1446 576 1486 erigi
621 1447 881 1486 confirmarique:
930 1445 1197 1486 quemadmodum

241 1490 352 1521 multis
387 1494 461 1520 ante
493 1489 627 1519 saeculis
651 1494 779 1520 sanctus
802 1490 932 1528 spiritus
956 1499 1013 1529 per
1035 1499 1069 1520 os
1092 1489 1197 1520 Iaoobi

241 1532 456 1573 praedixerat.
500 1531 641 1570 Quinam
673 1531 770 1571 igitur
804 1532 871 1562 fieri
904 1537 1018 1571 posset,
1050 1538 1086 1562 ut
1109 1542 1197 1571 scep-

241 1581 327 1606 trum
358 1575 392 1605 in
421 1574 540 1605 familia
564 1580 596 1604 et
619 1574 704 1604 tribu
727 1574 910 1604 Beniamini
934 1574 1110 1614 erigeretur
1133 1579 1196 1605 sta-

241 1618 459 1657 bilireturque,
497 1627 578 1656 quae
609 1616 727 1647 nulllas
759 1617 986 1656 promissiones
1016 1622 1196 1657 acceperat:

241 1666 273 1691 et
303 1660 392 1691 Deus
424 1660 622 1699 propositum
654 1664 804 1696 mutasse,
835 1665 867 1690 et
888 1660 997 1691 varius
1018 1669 1086 1690 esse
1110 1659 1196 1690 vide-

241 1703 353 1735 retur?
401 1701 487 1734 Sane
511 1712 609 1741 quum
633 1708 718 1732 stare
742 1702 802 1732 ista
825 1713 889 1732 non
909 1702 1042 1741 possint,
1066 1707 1197 1742 apparet

240 1746 335 1778 etiam
368 1755 502 1785 regnum
534 1745 564 1775 in
597 1744 718 1775 familia
748 1749 779 1775 et
807 1744 894 1775 tribu
918 1744 1025 1776 Saulis
1048 1745 1198 1776 constitui

242 1794 273 1820 et
301 1788 435 1820 stabiliri
467 1798 529 1818 non
554 1787 705 1826 potuisse,
739 1797 842 1826 neque
865 1788 897 1818 in
921 1787 983 1818 alia
1006 1787 1072 1819 ulla
1094 1787 1195 1818 tribu:

241 1837 296 1863 aut
318 1831 380 1861 Dei
404 1831 572 1861 veritatem
597 1830 721 1860 destrui
745 1830 932 1869 oportuisse,
957 1835 989 1861 et
1012 1831 1042 1860 in
1065 1830 1131 1861 Deo
1150 1831 1198 1861 in-

241 1874 455 1906 constantiam
475 1873 571 1903 fuisse
588 1872 650 1903 dici
669 1878 699 1902 et
719 1872 975 1911 mutabilitatem,
999 1873 1080 1913 quod
1100 1874 1196 1904 nimis

240 1916 414 1948 absurdum
438 1916 528 1953 foret,
553 1919 585 1946 et
607 1915 676 1946 sine
701 1915 899 1954 blasphemia
918 1926 957 1945 ne
978 1916 1112 1955 cogitari
1130 1917 1197 1955 qui-

241 1960 312 1991 dem
332 1963 446 1999 potest.
485 1958 548 1989 Hic
566 1957 668 1988 nodus
688 1963 721 1988 ut
743 1958 941 1997 expediatur,
961 1958 1195 1990 observandum

241 2002 349 2033 Deum
382 2011 444 2031 non
469 2011 596 2040 semper
620 1999 710 2030 nobis
733 2000 901 2031 eonsilium
926 2011 1018 2031 suum
1042 2011 1195 2032 arcanum

241 2050 273 2076 et
293 2042 617 2084 incomprehensibile
641 2043 800 2073 revelare:
825 2043 907 2082 quod
931 2054 993 2074 non
1012 2044 1080 2075 sine
1100 2054 1197 2075 causa

242 2087 325 2127 apud
345 2086 532 2127 prophetam
553 2086 686 2123 abyssus
705 2086 862 2116 immensa
880 2085 1010 2116 dicitur:
1030 2086 1083 2117 sed
1104 2098 1196 2127 prop-

243 2135 292 2161 ter
322 2134 462 2161 nostram
492 2128 711 2159 infirmitatem
736 2134 765 2158 et
794 2128 1017 2159 hebetudinem
1043 2130 1075 2160 in
1094 2131 1197 2161 causis

241 2172 447 2204 inferioribus
467 2173 614 2201 retinere.
660 2170 820 2209 Quoniam
841 2171 926 2201 enim
946 2182 1007 2202 non
1028 2183 1196 2211 possumus

242 2215 282 2247 ad
304 2215 470 2246 consilium
495 2223 594 2252 usque
617 2213 717 2252 ipsius
740 2213 955 2245 inenarrabile
974 2215 1197 2255 conscendere,

242 2268 345 2297 neque
373 2257 474 2296 ipsius
496 2256 696 2286 maiestatem
720 2256 810 2291 ferre,
842 2257 932 2287 Deus
954 2262 1083 2288 nostrae
1106 2258 1196 2288 infir-

242 2300 364 2330 mitatis
394 2299 552 2329 rationem
583 2298 714 2333 habens,
750 2309 818 2329 sese
848 2298 940 2330 nobis
969 2300 1195 2337 accommodat,

242 2349 274 2373 et
297 2342 425 2373 modum
451 2341 590 2380 aliquem
614 2342 774 2380 proponit.
798 2352 854 2381 per
877 2352 972 2381 quem
995 2343 1195 2374 voluntatem

243 2395 334 2416 suam
373 2384 466 2415 nobis
501 2384 659 2423 patefacit.
705 2383 813 2422 Quare
846 2395 944 2424 quum
978 2384 1068 2417 Deus
1101 2386 1196 2417 alicui

242 2429 392 2463 minatur,
413 2426 452 2457 ad
471 2426 698 2465 poenitentiam
717 2427 786 2457 istis
805 2428 1104 2459 comminationibus
1123 2439 1195 2459 eum

243 2475 344 2508 vocat
368 2474 400 2500 et
423 2471 449 2500 si
472 2473 677 2500 convertatul
700 2480 718 2499 a
741 2469 877 2508 pristina
901 2471 966 2501 vita
989 2475 1020 2501 et
1044 2471 1132 2502 vitiis
1156 2471 1195 2502 ad

242 2513 408 2544 meliorem
438 2512 572 2551 frugem
603 2522 636 2542 se
666 2512 806 2542 vicissim
837 2523 1024 2543 conversum
1049 2514 1086 2544 iri
1110 2513 1196 2544 dicit.

245 2556 329 2587 Sanc
353 2554 442 2586 Deus
465 2565 528 2584 non
548 2558 700 2591 mutatur,
724 2560 759 2584 ut
778 2560 945 2586 mutantur
964 2556 1115 2592 homines
1141 2567 1195 2587 ne-

243 2609 304 2638 que
328 2599 366 2629 ab
390 2597 555 2628 hominum
581 2597 778 2636 poenitentia
801 2598 926 2636 pendet,
950 2603 1006 2629 aut
1029 2609 1067 2629 ex
1094 2599 1195 2629 homi-

1464 158 1559 189 XIII.
2166 159 2207 190 26

1252 264 1326 283 num
1352 253 1442 284 factis
1465 253 1630 284 consilium
1655 254 1749 294 capit.
1794 253 1905 293 Neque
1928 254 2013 284 enim
2038 253 2205 284 hominum

1251 296 1447 335 poenitentia
1471 302 1572 335 potest
1596 307 1677 336 quae
1701 297 1807 327 futura
1825 303 1900 327 sunt
1920 296 2106 327 immutare:
2130 301 2206 327 sunt

1251 339 1335 368 onim
1360 338 1490 369 mobiles
1512 345 1542 369 et
1562 339 1788 378 inconstantes,
1813 345 1841 369 et
1862 339 1891 369 in
1915 339 2008 370 horas
2028 343 2204 377 mutantur,

1251 392 1331 420 quac
1362 381 1501 412 varietas
1532 388 1563 411 et
1591 381 1787 412 mutabilitas
1817 382 1848 412 in
1877 381 1978 412 Deum
2002 382 2114 412 cadere
2139 392 2204 412 non

1252 430 1363 463 potest,
1397 424 1446 454 cui
1480 424 1586 454 omnia
1621 424 1729 454 futura
1763 425 1942 463 praesentia
1977 431 2067 455 sunt:
2103 435 2205 464 quare

1252 467 1412 506 poenitere
1444 466 1531 496 illum
1561 477 1624 496 non
1656 471 1765 505 potest.
1813 466 1932 497 Verum
1966 467 2054 497 Deus
2085 467 2128 497 ita
2159 467 2204 497 lo-

1252 510 1369 548 quitur,
1410 516 1536 539 nostrae
1575 509 1770 539 infirmitatis
1809 516 1962 548 respectu.
2009 509 2062 541 Sic
2096 509 2205 548 itaque

1251 551 1405 590 propheta
1428 550 1557 582 Samuel
1584 552 1726 590 increpat
1749 552 1890 587 Saulem,
1915 562 2010 591 quum
2033 552 2118 587 dicit,
2143 558 2206 582 sta-

1252 594 1414 624 biliturum
1447 594 1543 624 fuisse
1575 593 1727 624 Iehovam
1757 604 1889 633 regumn
1920 594 2020 633 ipsius
2048 594 2130 633 apud
2155 594 2204 624 Is-

1251 637 1390 674 melitae,
1409 637 1434 666 si
1458 636 1516 666 Dei
1536 636 1686 667 mandato
1706 637 1813 667 fuisset
1829 637 2022 676 obsequens:
2044 643 2079 667 ut
2092 647 2203 667 verum

1250 679 1280 709 id
1305 679 1449 709 futurum
1473 679 1578 717 fuerit,
1608 680 1633 709 si
1659 678 1734 709 Saul
1759 679 1971 710 conditionem
1996 678 2082 709 illam
2107 689 2204 719 appo-

1250 723 1343 752 sitam
1374 720 1583 752 observasset.
1629 721 1693 752 Sed
1724 721 1785 751 ista
1815 727 1889 752 sunt
1917 722 1961 752 sic
1984 721 2204 761 expendenda,

1251 775 1290 794 ne
1314 764 1375 794 Dei
1398 764 1531 794 consilia
1554 770 1586 794 et
1609 774 1723 795 arcana
1746 763 2081 803 incomprehensibilia
2099 764 2203 795 curio-

1249 807 1315 838 sius
1339 811 1526 837 scrutemur.
1571 807 1652 837 Nam
1682 807 1708 837 si
1738 806 1813 837 Saul
1838 806 1978 837 officium
2010 807 2095 847 regis
2123 807 2204 837 inof-

1250 850 1339 880 fenso
1370 848 1450 889 pede
1478 849 1582 880 facere
1608 849 1809 889 perrexisset,
1845 849 1904 880 Dei
1928 848 2205 881 benedictionibus

1250 892 1431 922 cumulatus
1462 892 1581 929 fuisset,
1618 898 1649 921 et
1679 892 1771 923 novis
1801 902 1926 931 semper
1954 891 2045 923 donis
2073 897 2202 923 auctus:

1251 935 1298 965 sui
1328 935 1413 965 enim
1443 934 1555 965 similis
1585 945 1708 974 semper
1729 939 1777 964 est
1801 935 1896 965 Deus.
1943 934 2007 965 Sed
2031 935 2126 966 etiam
2151 935 2203 966 hic

1250 976 1489 1008 observandum
1512 977 1628 1015 Deum,
1652 982 1687 1007 ut
1711 979 1793 1007 viam
1817 977 1912 1007 faciat
1935 987 2050 1008 arcano
2073 977 2118 1008 illi
2143 988 2202 1008 suo

1250 1025 1380 1050 aeterno
1404 1024 1436 1050 et
1454 1019 1768 1059 incomprehensibili
1792 1018 1927 1056 decretu,
1951 1030 2044 1059 saepe
2068 1021 2114 1051 uti
2138 1031 2202 1051 me-

1251 1062 1310 1092 diis
1339 1063 1442 1093 causis
1472 1062 1683 1093 inferioribus.
1728 1062 1771 1092 Et
1800 1062 1845 1092 ita
1875 1062 1992 1093 factum
2024 1068 2059 1093 ut
2082 1062 2161 1093 Saul
2185 1073 2204 1094 a

1250 1110 1336 1136 recta
1371 1105 1422 1135 via
1454 1105 1618 1143 aberrarit,
1653 1112 1686 1135 ut
1721 1104 1809 1135 Deus
1843 1115 1976 1145 regnum
2010 1104 2144 1136 Davidis
2168 1105 2202 1136 in

1250 1148 1334 1178 tribu
1365 1146 1446 1178 Iuda
1476 1147 1622 1187 erigeret,
1653 1152 1684 1177 et
1715 1147 1872 1177 Davidem
1902 1147 1936 1177 in
1966 1147 2054 1177 illius
2077 1158 2201 1187 posses-

1250 1191 1371 1220 sionem
1402 1190 1553 1221 mitteret.
1600 1190 1727 1229 Lapsus
1756 1190 1864 1229 itaque
1889 1189 1996 1220 Saulis
2019 1189 2082 1220 fuit
2105 1201 2202 1222 causa

1249 1232 1354 1263 media
1377 1233 1425 1263 vel
1450 1232 1582 1263 inferior
1605 1232 1765 1263 electionis
1790 1231 1933 1263 Davidis.
1978 1232 2028 1263 Ita
2052 1232 2092 1263 D.
2118 1233 2200 1264 Pau-

1249 1275 1299 1306 lus
1323 1275 1361 1306 de
1385 1275 1578 1305 Iudaeorum
1602 1285 1676 1306 casu
1702 1275 1833 1314 loquens
1856 1275 1899 1304 ait
1924 1275 2052 1305 illorum
2076 1275 2201 1315 lapsum

1250 1325 1282 1348 et
1315 1318 1441 1348 ruinam
1476 1328 1603 1348 causam
1636 1328 1704 1348 esse
1737 1324 1863 1347 nostrae
1899 1318 1982 1347 vitae
2015 1324 2045 1348 et
2079 1319 2202 1350 salutis.

1250 1360 1343 1399 Quod
1368 1361 1451 1390 enim
1476 1371 1494 1391 a
1518 1360 1586 1391 Deo
1610 1360 1706 1391 alieni
1729 1361 1801 1390 faeti
1825 1365 1910 1397 sunt,
1934 1360 2007 1390 inde
2030 1360 2147 1391 factum
2168 1366 2204 1392 ut

1250 1403 1319 1433 Deo
1349 1403 1543 1436 reconciliati
1574 1403 1727 1434 fuerimus
1756 1402 1795 1432 ad
1825 1403 1938 1433 salutis
1961 1403 2203 1442 promissionem

1249 1443 1468 1477 obtinendam.
1514 1446 1636 1476 Verum
1677 1446 1702 1476 si
1736 1445 1845 1476 Iudaei
1878 1450 2138 1485 perseverassent
2170 1446 2203 1477 in

1251 1489 1364 1519 timore
1397 1493 1429 1519 et
1462 1488 1532 1528 lege
1566 1489 1637 1526 Dei,
1671 1498 1735 1518 non
1768 1487 1838 1518 ideo
1870 1495 1973 1518 tamen
1999 1488 2203 1520 desiissemus

1250 1530 1320 1562 Deo
1353 1532 1504 1571 coniungi
1537 1542 1609 1562 cum
1643 1531 1737 1571 ipsis:
1771 1530 2038 1570 quemadmodum
2071 1530 2148 1561 olim
2181 1541 2199 1561 a

1250 1574 1405 1614 propheta
1436 1573 1555 1605 dictum
1585 1579 1643 1610 est,
1672 1574 1737 1604 fore
1761 1579 1795 1603 ut
1817 1578 1938 1612 septem
1961 1573 2106 1604 infideles
2131 1583 2199 1604 ves-

1250 1621 1313 1647 tem
1337 1615 1441 1648 fidelis
1464 1617 1559 1648 unius
1583 1616 1749 1655 accipiant,
1773 1615 1957 1654 dicantque:
1986 1615 2118 1654 Eamus,
2150 1627 2201 1648 as-

1249 1659 1422 1690 cendamus
1452 1660 1484 1690 in
1515 1665 1652 1690 montem
1684 1658 1824 1689 Domini.
1869 1657 1933 1688 Sed
1957 1659 2108 1698 quoniam
2132 1669 2202 1689 sese

1249 1702 1358 1732 Iudaei
1396 1702 1565 1742 privilegio
1602 1701 1657 1732 illo
1693 1700 1841 1740 indignos
1871 1700 2088 1739 reddiderunt,
2124 1701 2201 1740 quid

1249 1743 1397 1784 deinceps
1416 1744 1551 1776 accidit?
1585 1745 1805 1775 Provocarunt
1824 1753 1881 1779 me.
1908 1743 2012 1783 inquit
2031 1743 2200 1781 Dominus,

1248 1788 1313 1819 suis
1347 1787 1572 1818 rebellionibus
1600 1792 1631 1818 et
1660 1786 1876 1821 contumacus,
1911 1790 1942 1816 et
1970 1786 2111 1817 vicissim
2141 1797 2200 1826 ego

1248 1831 1320 1861 illos
1350 1831 1536 1870 provocabo.
1583 1829 1722 1869 Populos
1752 1829 1837 1859 enim
1867 1828 2036 1865 suscitabo,
2067 1829 2121 1868 qui
2144 1829 2200 1860 filii

1249 1873 1311 1903 mei
1331 1878 1436 1904 erunt.
1461 1872 1548 1904 Sane
1566 1877 1736 1912 antequam
1757 1870 1795 1901 ad
1814 1871 1972 1911 evangelii
1985 1872 2200 1911 cognitionem

1250 1915 1444 1952 veniremus,
1471 1926 1599 1946 eramus
1629 1915 1730 1945 instar
1752 1915 1941 1944 miserarum
1966 1914 2140 1953 pecudum:
2171 1921 2203 1944 et

1248 1958 1282 1989 in
1324 1958 1427 1989 locum
1462 1958 1564 1989 sancti
1598 1957 1683 1988 illius
1717 1956 1847 1987 seminis
1881 1957 2038 1996 surrogati
2073 1967 2204 1988 sumus:

1248 2001 1330 2041 quod
1360 2011 1417 2031 sua
1441 2001 1534 2041 culpa
1558 2001 1588 2031 in
1614 1999 1868 2031 maledictionem
1892 1999 2013 2030 incidit.
2059 1999 2109 2030 Ex
2133 2000 2201 2039 qui—

1247 2043 1306 2074 bus
1336 2049 1469 2083 apparet
1499 2043 1609 2074 divina
1637 2042 1841 2083 providentia
1865 2052 1915 2071 res
1938 2052 2047 2072 omnes
2070 2042 2115 2072 ita
2139 2041 2204 2073 dis-

1248 2086 1332 2127 poni,
1356 2093 1391 2117 ut.
1410 2086 1471 2116 Dei
1491 2086 1671 2123 consilium,
1695 2095 1759 2115 non
1781 2085 1950 2123 capiamus,
1969 2084 2052 2123 qnod
2072 2092 2201 2124 captum

1248 2136 1395 2160 nostrum
1430 2135 1461 2159 et
1495 2128 1692 2159 intellectum
1727 2133 1872 2166 superat,
1908 2134 2131 2157 verumtamen
2162 2138 2203 2158 ex

1248 2172 1354 2203 causis
1377 2171 1581 2202 inferioribus
1600 2175 1732 2210 apparet
1753 2170 1856 2200 Deum
1876 2169 2001 2199 efficere
2021 2180 2099 2209 quae
2118 2170 2204 2209 apud

1248 2226 1281 2246 se
1305 2214 1461 2245 decrevit:
1485 2219 1517 2244 et
1539 2215 1583 2244 sic
1606 2213 1729 2253 operari
1753 2218 1786 2242 ut
1809 2212 1892 2251 quod
1916 2222 1969 2242 ore
1989 2223 2044 2242 suo
2063 2222 2204 2251 pronun-

1247 2258 1343 2289 ciavit
1380 2267 1507 2297 semper
1539 2256 1679 2317 implleat
1727 2254 1780 2286 Sic
1810 2255 1898 2284 initio
1922 2255 2015 2284 huius
2045 2255 2200 2285 historiae

1249 2299 1395 2338 vidimus,
1426 2300 1532 2330 Deum
1562 2299 1611 2329 wo
1617 2309 1701 2329 uisse
1731 2297 1813 2328 filios
1844 2296 1895 2327 Eli
1919 2297 2069 2328 occidele.
2115 2296 2203 2336 Quid

1248 2343 1293 2373 ita
1327 2341 1424 2373 vero?
1464 2342 1588 2381 Nempe
1622 2341 1685 2371 iam
1719 2346 1793 2370 ante
1828 2338 2012 2370 decreverat
2046 2340 2201 2370 familiam

1248 2386 1336 2416 illam
1365 2390 1397 2415 et
1427 2385 1558 2424 stirpem
1590 2383 1709 2414 delere:
1744 2392 1842 2421 quare
1873 2383 1916 2413 sic
1946 2382 2065 2413 medias
2088 2392 2203 2413 causas

1248 2427 1418 2464 ordinavit,
1449 2432 1484 2457 ut
1513 2427 1558 2456 illi
1588 2426 1751 2465 perierint.
1798 2423 1851 2455 Sic
1881 2436 1978 2464 quum
2008 2425 2127 2464 populo
2148 2435 2203 2456 vo-

1222 2477 1223 2482 *
1248 2471 1309 2501 luit
1332 2469 1527 2505 benedicere,
1552 2469 1636 2499 viros
1659 2467 1827 2498 suscitavit
1851 2477 1929 2506 quos
1953 2467 2044 2498 donis
2068 2467 2107 2498 ad
2131 2479 2201 2498 sus·

1248 2511 1393 2543 tinondas
1428 2512 1510 2542 tanti
1541 2511 1683 2541 muneris
1710 2516 1817 2550 partes
1846 2511 2033 2541 necessariis
2063 2511 2204 2541 ornavit.

1221 2549 1223 2579 l
1249 2556 1369 2587 Contra
1388 2565 1471 2586 vero.
1496 2564 1593 2593 quum
1614 2554 1645 2583 in
1666 2552 1772 2592 populi
1792 2559 1919 2591 peccata
1940 2553 2040 2583 voluit
2059 2553 2203 2584 animad-

1250 2604 1381 2635 vertere,
1413 2605 1442 2626 et
1473 2597 1616 2627 severius
1646 2595 1800 2635 populum
1830 2596 1952 2633 punire,
1985 2595 2083 2625 malos
2107 2596 2204 2627 duces
