2551 3044
139 212 200 244 517

140 313 222 343 rent,
246 316 340 346 quam
365 306 449 336 ferre
468 304 653 336 nullomodo
677 310 821 344 possunt,
845 303 901 334 sed
926 303 1098 344 ringuntur

142 353 174 380 et
197 349 296 380 veluti
321 348 470 380 dentibus
501 346 686 378 infrendent
717 346 871 377 adversus
896 346 957 376 Dei
982 347 1097 376 verita-

140 395 216 423 tem.
240 390 518 430 Quemadmodum
540 390 592 429 qui
609 388 709 420 oculis
731 389 879 419 laborant
898 389 974 419 solis
993 388 1098 428 splen-

140 434 248 465 dorem
263 434 344 464 ferre
358 444 420 463 non
436 438 578 472 possunt,
593 432 684 462 cuius
698 431 795 462 radiis
810 436 963 471 tanquam
981 430 1098 461 aculeis

141 481 334 517 punguntur
356 479 388 505 et
410 474 625 505 stimulantur.
648 473 768 503 Eadem
788 474 930 504 omnium
951 473 1098 503 incredu-

140 519 242 550 lorum
267 523 314 548 est
337 518 426 553 ratio,
458 526 594 556 quorum
617 516 812 547 conscicntia
840 517 1045 564 corruptione
1068 520 1100 545 et

140 560 307 601 putredine
338 559 529 597 suffocatur,
564 558 688 589 diabolo
718 559 804 598 ipsos
837 559 935 589 etiam
971 559 1099 597 penitus

139 606 348 635 excaecante:
379 601 457 632 adeo
481 606 516 632 ut
546 601 574 632 si
604 600 730 641 quando
754 600 1038 649 reprehendantur
1069 605 1100 631 et

132 650 292 685 >tanquam
315 643 481 675 flammula
504 643 542 674 ad
562 644 673 674 vivum
693 654 793 683 usque
818 644 933 674 iniecta
957 653 1100 683 pungan-

140 692 201 725 tur,
223 697 287 717 non
307 691 415 717 tamen
434 686 624 717 afficiantur.
649 686 743 716 Hane
760 686 798 716 ob
812 696 942 717 causam
961 685 1099 725 improbi

139 740 250 762 omnes
281 729 426 760 homines
457 734 489 759 et
512 728 639 759 divinae
664 729 839 759 maiestatis
864 734 1099 767 contemptores

140 773 286 804 veritatis
299 771 517 812 cognitionem
527 771 671 811 fugiunt:
686 781 781 811 qnam
796 777 902 801 tamon
916 771 967 801 vel
981 771 1100 801 invitos

139 816 222 847 seire
241 819 273 845 et
296 824 487 854 cognoscere
503 814 591 853 ipsos
610 819 744 852 oportet.
770 812 834 845 Sed
848 814 978 844 obsecro
996 813 1100 852 qualis

139 859 202 889 ista
210 856 372 897 cognitio?
391 867 506 896 nempe
517 856 641 896 qualem
653 856 809 896 propheta
819 856 930 887 Esaias
940 855 1099 893 describit,

140 899 401 940 utcognesoendo
409 905 717 939 noncognoscant,et
726 898 861 929 videndo
871 898 949 928 nihil
960 897 1099 929 videant.

224 942 312 973 'Palis
336 942 396 972 fuit
418 941 473 972 illa
495 941 636 982 cognitio
650 940 758 972 Saulis
782 946 813 971 et
832 941 967 972 scientia
986 940 1024 971 de
1038 951 1100 980 qua

141 985 295 1025 loquitur,
317 985 372 1024 qui
392 989 559 1023 postquam
581 983 683 1014 modis
695 984 844 1014 omnibns
864 984 1009 1014 divinam
1029 993 1100 1022 pro-

140 1028 324 1059 missionem
342 1026 462 1057 Davidi
488 1037 544 1066 per
557 1025 742 1057 Samuelem
767 1026 882 1057 factam
908 1026 1101 1057 labefactare

140 1075 173 1102 et
202 1070 409 1110 exstinguere
431 1074 564 1100 conatus
587 1073 643 1106 est,
667 1069 880 1100 nihilominus
901 1069 961 1099 Dei
985 1068 1102 1099 iudicio

140 1118 274 1154 urgetur
297 1119 329 1142 et
340 1112 551 1151 convincitur,
575 1111 652 1142 adeo
671 1117 708 1141 ut
721 1111 771 1142 vel
794 1112 935 1142 invitum
955 1116 1102 1151 oporteat

141 1155 211 1187 Deo
231 1155 395 1186 veritatem
420 1154 571 1192 tribuere,
601 1159 632 1184 et
656 1158 846 1194 potestatem
871 1164 946 1185 suas
971 1155 1103 1193 promis-

142 1198 247 1229 siones
269 1196 434 1237 implendi,
465 1207 563 1236 quum
587 1197 631 1227 ait
653 1207 687 1227 se
710 1197 791 1228 scire
814 1196 898 1236 quod
922 1196 1102 1228 certissime

142 1240 250 1272 David
279 1243 472 1279 regnaturus
497 1239 548 1270 sit.
584 1239 707 1279 Nempe
740 1239 832 1270 illum
864 1239 926 1270 Dei
950 1239 1101 1270 voluutas

140 1283 389 1323 constringebat,
408 1286 440 1312 et
459 1282 672 1313 conscientiae
685 1282 825 1313 stimulis
839 1282 938 1321 ipsius
951 1282 1101 1321 superbia

140 1332 172 1356 et
196 1325 282 1356 virus
306 1325 525 1364 superabatur,
556 1329 591 1354 ut
613 1324 684 1355 Deo
708 1325 930 1355 testimonium
955 1324 1101 1355 veritatis

141 1367 296 1399 redderet.
325 1366 419 1398 Unde
441 1371 575 1407 apparet
598 1367 746 1406 profanos
770 1372 801 1398 et
824 1367 1004 1398 incredulos
1028 1371 1102 1407 post

140 1412 302 1451 cognitam
326 1409 498 1441 voluntatis
522 1409 652 1440 divinae
677 1410 845 1440 veritatem
870 1410 1010 1441 stimulis
1031 1410 1099 1449 qui-

140 1453 276 1485 busdam
299 1452 416 1493 urgeri,
446 1458 477 1482 et
507 1452 644 1492 quadam
676 1452 806 1483 tristitia
825 1453 924 1484 affici:
957 1452 1012 1484 sed
1036 1463 1098 1483 non

140 1498 247 1526 tamen
269 1495 300 1526 in
331 1505 368 1525 ea
390 1495 614 1534 conquiescere
643 1505 738 1534 quam
761 1499 873 1527 contra
895 1506 952 1535 pro
975 1495 1099 1525 viribus

140 1539 250 1578 fugere
273 1542 432 1568 conantur
463 1542 494 1568 et
518 1537 682 1568 suffocare.
729 1538 776 1569 Ac
801 1538 935 1586 proinde
964 1538 1036 1568 licet
1060 1537 1099 1568 ad

143 1588 267 1620 tempus
298 1580 427 1611 divinae
458 1580 603 1611 veritatis
639 1584 671 1610 et
697 1581 860 1620 potentiae
890 1580 1099 1611 meditatione

141 1628 418 1655 commoveantur:
447 1632 512 1653 non
543 1628 650 1653 tamen
674 1623 708 1652 in
732 1633 768 1653 ea
795 1627 1012 1662 perseverant,
1044 1622 1099 1653 sed

139 1667 253 1697 incerti
277 1676 402 1705 semper
425 1665 487 1695 huc
500 1670 531 1695 et
554 1665 630 1695 illuc
642 1665 801 1704 feruntur,
826 1671 858 1696 et
877 1666 991 1705 quovis
1004 1671 1100 1696 vento

140 1709 321 1749 agitantur,
368 1717 473 1747 neque
515 1708 598 1739 enim
639 1708 717 1738 satis
755 1709 849 1739 firma
890 1708 1101 1739 fundamenta

139 1751 299 1787 iecerunt,
335 1760 438 1790 neque
469 1750 561 1781 vivas
590 1750 714 1782 radices
744 1755 889 1791 egerunt.
934 1750 1030 1790 Quod
1060 1750 1101 1781 ad

139 1793 248 1824 fideles
278 1798 386 1824 autem
418 1793 534 1824 attinet
564 1804 627 1823 non
657 1804 694 1824 ea
724 1794 917 1833 perfectione
948 1804 1029 1833 quae
1060 1793 1100 1823 ad

138 1837 278 1876 ipsorum
311 1835 446 1866 salutem
483 1839 560 1866 sunt
589 1837 770 1867 necessaria
799 1843 998 1876 cognoscunt
1021 1837 1098 1875 quin

138 1879 248 1909 multis
271 1888 397 1918 semper
420 1878 676 1909 dubitationibus
695 1882 727 1909 et
743 1879 904 1919 scrupulis
925 1879 1100 1919 agitentur,

139 1921 193 1952 sed
216 1921 260 1952 ita
283 1926 399 1958 tamen,
431 1925 465 1951 ut
489 1921 521 1951 in
547 1921 659 1952 mediis
685 1922 750 1952 illis
776 1922 926 1953 fluctibus
950 1922 1040 1952 Deus
1060 1922 1099 1952 ad

141 1964 254 1995 salutis
277 1969 404 2003 portum
431 1968 552 1995 rectam
583 1965 730 1994 semitam
761 1964 825 1995 illis
851 1964 1008 1995 ostendat.
1053 1965 1100 1994 Ac

141 2006 281 2046 proinde,
305 2006 379 2037 licet
401 2006 512 2037 multis
525 2006 768 2037 difficultatibus
792 2012 823 2037 et
843 2006 1100 2038 dubitationibus

142 2049 312 2088 agitentur,
344 2053 450 2079 tamen
474 2050 621 2080 veritatis
645 2049 774 2081 divinae
797 2054 921 2080 tantam
941 2050 1099 2090 cognitio·

141 2102 214 2122 nem
237 2091 357 2122 habent
380 2097 501 2131 quanta
523 2091 600 2131 ipsis
620 2102 700 2132 opus
723 2096 772 2122 est
790 2092 829 2123 ad
853 2092 991 2123 salutem
1015 2102 1100 2123 asse-

142 2134 311 2173 quendam,
334 2135 367 2164 in
391 2144 453 2174 qua
476 2134 610 2174 proinde
629 2136 869 2174 conquiescunt,
893 2140 923 2165 et
943 2135 982 2166 ad
1003 2145 1098 2175 quam

143 2177 245 2217 magis
267 2186 303 2208 ac
326 2177 428 2217 magis
449 2176 702 2215 conformantur,
731 2188 939 2217 quaeeunque
969 2178 1100 2208 tandem

143 2219 296 2259 ingruant
322 2220 525 2258 tentationes,
556 2219 635 2250 adeo
654 2224 691 2251 ut
714 2220 909 2260 pedetentim
933 2220 973 2250 ad
994 2220 1100 2250 Deum

143 2261 302 2299 accedant,
326 2266 357 2292 et
379 2262 412 2292 in
436 2262 611 2294 voluntatis
633 2263 734 2302 ipsius
752 2263 935 2303 cognitione
958 2262 1100 2303 quotidie

144 2303 318 2343 proficiant,
351 2314 448 2344 seque
478 2305 623 2345 cognitae
647 2306 706 2336 Dei
736 2306 867 2336 veritati
891 2312 1003 2345 sponte
1026 2305 1100 2336 sub-

144 2346 261 2383 iiciant,
291 2350 322 2376 et
351 2346 532 2378 divinarum
555 2348 803 2388 promissionum
834 2348 1041 2388 aequitatem,
1070 2352 1102 2378 et

144 2389 310 2419 veritatem
332 2390 558 2422 confiteantur.
584 2390 716 2422 Accedit
739 2391 778 2421 ad
803 2392 970 2431 superiora
993 2391 1100 2421 omnia

144 2431 266 2462 invicta
285 2433 474 2471 constantia,
498 2443 579 2473 quae
591 2433 733 2464 hostium
746 2433 886 2465 insultus
895 2439 927 2464 et
939 2435 1100 2465 cruciatus

145 2473 302 2513 quoslibet
323 2474 458 2515 frangat,
483 2480 518 2507 ut
541 2476 656 2506 armati
680 2476 782 2507 sancti
802 2476 864 2507 Dei
887 2477 1020 2516 spriritu
1045 2475 1099 2506 ad-

146 2525 258 2546 versus
297 2527 502 2558 quascunque
544 2519 740 2550 tentationes
783 2520 896 2551 invicti
939 2522 1100 2556 maneant,

146 2558 270 2589 etiamsi
293 2559 413 2591 multae
430 2571 464 2591 se
482 2561 560 2601 ipsis
579 2561 810 2601 desperationis
823 2562 1005 2593 occasiones
1023 2562 1100 2592 offe-

145 2605 228 2631 rant.
252 2600 342 2631 Licet·
361 2603 447 2633 enim
468 2604 561 2635 istius
575 2604 660 2634 modi
674 2604 813 2635 insultus
832 2604 1015 2645 gravissimi
1035 2604 1100 2634 sint

145 2652 181 2674 30
193 2652 291 2682 paene
303 2643 525 2683 intolerabiles,
550 2646 759 2678 nihilominus
781 2651 889 2678 tamen
911 2647 971 2678 Dei
991 2646 1099 2678 decre-

787 210 834 240 IN
860 209 884 241 I.
910 209 996 242 LIB.
1022 209 1218 242 SAMUEL.
1243 209 1339 241 (JAP.
1364 210 1472 243 XXV.

2055 207 2117 239 518

1150 309 1218 335 tum
1244 316 1306 335 non
1339 305 1527 343 illusorium,
1559 304 1613 337 sed
1640 303 1851 338 irrevocabile
1874 315 1943 338 esse
1966 305 2114 346 persuasi

1150 352 1234 383 sunt,
1258 358 1356 386 quum
1370 348 1413 378 ait
1426 360 1458 379 se
1473 350 1537 379 fore
1560 349 1688 379 fidelem
1713 349 1745 379 in
1767 350 1871 389 ipsum
1895 349 2112 389 sperantibus,

1150 400 1185 419 ac
1210 390 1342 429 proinde
1371 391 1397 421 si
1427 401 1488 430 qua
1519 392 1706 422 infirmitate
1738 392 1882 422 humana
1904 392 2112 432 peccaverint

1150 432 1182 461 in
1204 432 1383 463 istiusmodi
1403 433 1568 473 agonibus,
1593 434 1747 465 adversus
1769 445 1802 465 se
1826 435 1911 474 ipsos
1930 434 2025 474 primi
2038 444 2112 465 sen-

1151 475 1286 504 tentiam
1318 475 1435 513 ferunt,
1470 481 1501 505 et
1536 476 1695 507 humanae
1724 481 1860 508 naturae
1891 477 2112 507 infirmitatem

1151 523 1370 555 agnoscentes,
1396 518 1427 547 in
1451 518 1535 548 verbi
1562 519 1665 549 ‹livini
1685 518 1879 550 certitudine
1896 522 2112 559 perseverant,

1151 558 1275 598 sibique
1300 570 1421 600 nunqu
1414 571 1464 590 im
1496 562 1659 600 patientur
1685 561 1772 592 illam
1799 561 1836 592 de
1862 561 1922 592 Dei
1947 562 2113 593 voluntate

1152 601 1376 632 certitudinem
1400 603 1490 642 cripi
1513 603 1581 633 Hoc
1605 604 1672 651 ipsa
1692 604 1894 643 experientia
1914 604 2008 635 hodie
2027 614 2114 635 com-

1152 649 1277 683 pertum
1310 644 1463 675 habemus
1501 646 1531 675 in
1566 647 1663 677 variis
1693 646 1756 676 illis
1790 646 2055 678 altercationibus
2083 650 2114 677 et

1152 686 1422 725 disputationibus
1442 698 1514 718 cum
1534 687 1726 719 adversariis
1746 689 1914 726 evangelii,
1938 689 2113 728 puritatem

1152 739 1247 767 quam
1273 730 1460 767 profitemur
1484 740 1668 770 oppugnare
1692 731 1892 768 conantibus,
1925 732 1977 770 qui
2003 731 2115 762 vident

1152 782 1281 802 eausam
1306 777 1447 802 nostram
1472 773 1588 803 iustam
1613 784 1691 813 esse,
1714 779 1747 804 et
1771 784 1833 804 non
1858 774 1967 804 invehi
1988 784 2006 805 a
2022 774 2115 804 nobis

1153 813 1331 844 doctrinam
1352 814 1490 854 aliquam
1506 826 1631 854 nuperz
1624 815 1663 845 ab
1684 816 1867 846 hominibus
1880 816 2113 857 excogitatam.

1153 856 1208 886 sed
1231 867 1270 886 ex
1295 857 1394 887 sviciis
1419 857 1519 887 literis
1540 857 1697 896 hit,inst2m
1720 864 1751 888 et
1771 859 1901 898 propria
1920 859 2116 890 conscientia

1153 899 1397 936 convincuntur,
1429 899 1508 929 nihil
1539 911 1556 930 a
1581 901 1670 930 nobis
1701 907 1793 931 extra
1820 901 1878 931 Dei
1904 901 2036 932 verbum
2062 901 2117 932 ad-

1153 941 1238 972 ferri.
1292 941 1356 972 Sed
1391 952 1454 972 non
1490 942 1560 972 ideo
1596 949 1701 973 tamen
1745 943 1910 974 doctrinae
1946 945 2117 975 veritatem

1153 988 1351 1024 cognoscunt
1374 989 1405 1014 et
1429 985 1629 1024 intelligunt,
1659 986 1712 1024 qui
1737 986 1864 1026 magnis
1897 986 2037 1017 tenebris
2061 997 2116 1017 ex·

1153 1031 1332 1063 caecantur,
1363 1030 1394 1056 et
1417 1037 1435 1057 a
1458 1026 1583 1057 diabolo
1607 1027 1651 1058 sic
1676 1029 1885 1063 fascinantur,
1917 1034 1953 1059 ut
1972 1029 2042 1059 sine
2066 1040 2119 1060 ra-

1154 1069 1241 1099 tione
1265 1075 1296 1098 et
1319 1069 1435 1099 iudicio
1454 1080 1545 1099 suam
1562 1080 1691 1100 causam
1716 1076 1825 1111 agant,
1846 1071 2118 1110 quemadmodum

1154 1121 1249 1151 saepe
1287 1111 1432 1142 videmus
1470 1111 1624 1143 fanaticos
1659 1113 1803 1143 homines
1837 1114 1960 1144 ratione
1991 1113 2118 1153 quidem

1154 1154 1263 1193 aliqua
1282 1164 1515 1193 nonnunquam
1530 1155 1575 1184 uti
1595 1161 1624 1185 et
1645 1155 1725 1185 bene
1745 1156 1955 1195 compositam
1975 1161 2118 1187 mentem

1154 1196 1280 1234 habere,
1305 1195 1359 1227 sed
1383 1201 1507 1227 tantum
1529 1197 1567 1227 ad
1588 1203 1799 1238 momentum,
1823 1198 1907 1237 quod
1931 1198 2119 1237 perturbata

1154 1239 1365 1286 intelligentia
1388 1239 1497 1270 statim
1524 1239 1666 1279 ipsorum
1695 1240 1784 1270 furor
1814 1246 1844 1271 et
1868 1242 2008 1271 amentia
2031 1241 2118 1272 dete-

1154 1287 1280 1321 gantur,
1305 1287 1335 1312 et
1360 1281 1404 1312 ita
1426 1281 1559 1312 redeant
1579 1282 1617 1312 ad
1641 1283 1814 1330 pristinum
1838 1287 1970 1320 statum,
1999 1284 2051 1323 qni
2077 1283 2117 1314 ad

1155 1330 1281 1364 tempus
1297 1334 1371 1355 cum
1394 1325 1516 1355 ratione
1539 1330 1571 1355 et
1595 1325 1752 1364 sapientia
1772 1335 1884 1364 gerere
1909 1325 2016 1356 0011113
2028 1326 2117 1357 vide-

1154 1367 1282 1398 bantur.
1306 1366 1382 1398 Sic
1406 1367 1535 1406 inquam
1562 1367 1620 1397 Dei
1645 1372 1882 1415 contemptores
1906 1368 1968 1398 Dei
1987 1368 2116 1407 quidem

1154 1409 1299 1441 veritatis
1328 1409 1469 1449 aliquam
1504 1409 1620 1440 habere
1657 1410 1875 1449 cognitionem
1910 1410 2116 1450 videbuntur,

1153 1451 1209 1483 sed
1232 1452 1302 1483 sine
1325 1452 1544 1488 fundamento,
1567 1452 1650 1491 quod
1674 1453 1707 1482 in
1732 1462 1767 1482 ea
1792 1463 1854 1483 non
1879 1452 2115 1492 conquiescant,

1153 1495 1208 1526 sed
1243 1495 1355 1525 incerti
1389 1505 1515 1534 semper
1548 1495 1721 1532 fluctuent,
1760 1499 1791 1525 et
1827 1495 1920 1525 modo
1954 1496 1986 1525 in
2022 1495 2114 1532 hanc,

1153 1537 1247 1568 modo
1271 1537 1304 1567 in
1328 1537 1415 1567 illam
1440 1543 1562 1577 partem
1582 1540 1734 1568 ferantur.
1760 1537 1995 1568 Verumtamen
2016 1542 2051 1568 ut
2069 1539 2116 1568 in-

1153 1580 1352 1611 excusabiles
1365 1590 1470 1611 coram
1485 1580 1546 1610 Dei
1564 1580 1681 1610 iudicio
1703 1579 1890 1616 reddantur,
1915 1580 2002 1611 Deus
2015 1580 2115 1612 efficit

1153 1628 1189 1653 ut
1209 1623 1258 1653 vel
1282 1622 1376 1653 inviti
1400 1628 1592 1662 cognoscant
1622 1622 1798 1652 doctrinam
1830 1632 1925 1661 quam
1949 1623 2115 1662 sequimur

1154 1676 1267 1705 puram
1292 1676 1361 1696 esse
1386 1665 1446 1695 Dei
1471 1666 1648 1701 veritatem,
1678 1665 1736 1695 etsi
1768 1664 1942 1695 adhaerere
1966 1666 2114 1705 cognitae

1152 1707 1200 1738 illi
1214 1708 1344 1738 veritati
1364 1707 1477 1745 nolint,
1502 1708 1555 1737 sed
1577 1712 1687 1737 contra
1706 1708 1813 1737 furore
1832 1707 1945 1746 perciti
1959 1707 2114 1739 adversus

1152 1750 1241 1781 illam
1266 1751 1419 1781 ferantur,
1466 1749 1683 1780 Nihilominus
1715 1754 1821 1780 tamen
1844 1759 1959 1781 causae
1982 1756 2113 1781 nostrae

1153 1794 1328 1824 bonitatem
1362 1792 1433 1824 illos
1464 1798 1590 1832 oportet
1619 1792 1669 1823 vel
1707 1792 1826 1822 invitos
1860 1792 2006 1823 confiteri
2039 1793 2114 1824 licet

1153 1836 1307 1866 adversus
1330 1835 1464 1866 eandem
1483 1836 1636 1869 saeviant,
1660 1839 1691 1864 et
1710 1839 1822 1873 sponte
1835 1834 1936 1865 eidem
1950 1835 2111 1866 resistant.

1152 1878 1283 1909 Interea
1305 1888 1381 1909 vero
1411 1882 1537 1908 tantum
1568 1878 1657 1907 abest
1688 1884 1723 1907 ut
1747 1877 1785 1907 ad
1809 1887 1876 1907 eam
1901 1877 2112 1908 reverendam

1153 1921 1365 1957 adducantur,
1389 1925 1424 1951 ut
1437 1926 1548 1951 contra
1561 1920 1674 1959 quovis
1690 1925 1783 1949 vento
1797 1919 2009 1958 abripiantur‚
2034 1920 2112 1951 adeo

1153 1968 1190 1994 ut
1212 1975 1267 2004 per
1290 1963 1461 1993 intervalla
1478 1962 1570 1993 modo
1590 1963 1620 1992 in
1641 1962 1732 1998 hanc,
1757 1961 1849 1992 modo
1874 1962 1905 1991 in
1930 1962 2018 1992 illam
2039 1972 2112 2002 par-

1153 2012 1217 2037 tem
1242 2006 1405 2041 inclinent,
1428 2011 1458 2036 et
1481 2005 1573 2035 modo
1593 2005 1759 2035 veritatem
1785 2004 1928 2040 laudent,
1952 2004 2047 2035 modo
2071 2006 2111 2036 ad

1152 2049 1411 2081 incredulitatem
1434 2048 1583 2079 redeant:
1616 2047 1739 2077 diabolo
1762 2046 1951 2086 praesertim
1971 2047 2042 2078 illos
2065 2048 2112 2079 ita

1152 2092 1349 2131 fascinante,
1386 2096 1421 2121 ut
1455 2091 1504 2121 vel
1539 2090 1577 2121 ad
1612 2089 1810 2120 levissimum
1846 2089 1947 2129 ipsius
1982 2090 2111 2130 signum

1154 2134 1336 2182 triumphos
1366 2138 1463 2173 agant
1490 2137 1563 2164 ante
1591 2133 1769 2167 victoriam,
1801 2142 1897 2170 seque
1926 2132 1958 2162 vi
1990 2142 2049 2163 sua
2079 2137 2112 2164 et

1154 2177 1338 2217 arrogantia
1367 2176 1515 2207 facillime
1549 2185 1671 2205 saetam
1709 2175 1900 2213 sti-ipturam
1931 2184 2111 2223 puramque

1152 2220 1340 2259 religionem
1354 2228 1561 2267 oppressuros
1574 2217 1780 2254 arbitrentur,
1801 2227 1881 2256 quae
1894 2218 2001 2248 omnia
2014 2218 2111 2249 nimis

1152 2262 1336 2302 quotidiana
1370 2260 1566 2301 experientia
1590 2261 1765 2291 confirmat
1811 2259 1877 2289 Nos
1901 2270 1976 2290 vero
1997 2265 2108 2291 contra

1153 2305 1313 2336 discamus
1335 2304 1369 2334 in
1383 2303 1449 2334 dies
1472 2303 1504 2334 in
1519 2313 1594 2334 vera
1616 2303 1751 2333 scientia
1769 2302 1921 2341 proficere
1941 2306 1977 2332 ut
1995 2302 2027 2333 10
2047 2303 2108 2334 Dei

1152 2348 1318 2379 voluntate
1348 2350 1413 2377 tam
1444 2346 1525 2376 altas
1556 2345 1678 2375 radices
1709 2355 1859 2384 agamus,
1897 2355 1937 2375 ne
1967 2355 2106 2385 unquam

1153 2391 1226 2421 ullis
1249 2389 1494 2428 tempestatibus
1517 2387 1671 2418 eradicari
1696 2387 1863 2427 possimus
1895 2387 2006 2427 Neque
2030 2398 2107 2419 vero

1152 2432 1282 2473 (fatcor)
1296 2442 1331 2461 ea
1355 2442 1423 2461 esse
1447 2430 1524 2461 fides
1549 2436 1657 2460 nostra
1682 2435 1785 2469 potest
1808 2434 1842 2459 ut
1865 2429 1903 2459 ad
1928 2430 2106 2469 angelicam

1152 2476 1375 2516 perfectionem
1398 2473 1574 2513 perveniat,
1598 2482 1715 2511 easque
1735 2482 1774 2508 a(
1777 2478 1807 2501 at
1831 2472 1961 2510 radices,
1984 2478 2018 2503 ut
2043 2484 2105 2504 non

1151 2518 1289 2557 amplius
1308 2516 1429 2546 auxilio
1442 2515 1550 2545 divino
1563 2526 1623 2554 quo
1639 2516 1824 2545 roboremur
1847 2514 1995 2554 indigeat
2021 2515 2106 2546 Nam

1151 2566 1261 2592 contra
1284 2564 1406 2590 tantam
1430 2569 1497 2588 esse
1522 2563 1661 2588 nostram
1690 2557 1910 2587 infirmitatem
1939 2557 2105 2589 fatendum

1152 2609 1207 2639 est,
1238 2608 1274 2633 ut
1298 2602 1357 2632 nisi
1389 2601 1489 2640 ipsius
1512 2600 1631 2630 virtute
1660 2601 1732 2630 freti
1763 2599 1897 2630 subinde
1921 2600 2105 2639 titubemus,

1152 2652 1183 2677 et
1206 2651 1357 2684 tanquam
1382 2643 1477 2674 morti
1501 2643 1639 2682 proximi
1665 2642 1856 2673 vacillemus
1899 2641 1962 2673 Sed
1988 2643 2104 2674 nihilo-

1855 2693 1904 2718 33*
