2551 3044
356 211 397 241 91

365 302 483 337 tollere,
509 311 547 331 ne
571 298 709 340 populus
732 299 797 329 suis
821 297 946 329 viribus
968 303 1001 328 et
1023 295 1230 328 multitudine
1253 295 1320 336 glo·

361 346 516 377 riaretur:
547 348 602 373 aut
633 351 723 382 reges
750 341 846 372 etiam
870 350 1040 371 numeroso
1075 339 1147 370 freti
1180 339 1322 370 exercitu

363 387 460 418 nimis
483 386 684 421 efferrentur,
709 390 741 414 et
764 382 866 414 multa
885 389 1003 414 temere
1023 383 1223 413 molirentur.
1268 380 1321 411 Id-

361 432 445 462 circo
477 436 541 459 tam
575 437 686 458 severe
710 426 857 466 punitam
881 435 900 456 a
924 425 992 456 Deo
1017 424 1161 456 videmus
1187 422 1322 455 Davidis

362 472 496 504 stultam
521 470 699 506 audaciam,
727 479 826 509 quum
849 468 1001 508 populum
1026 467 1189 498 numerari
1213 466 1320 497 iussit:

362 515 450 554 Quin
487 514 583 545 etiam
622 511 812 543 nominatim
842 510 957 542 dicitur
984 510 1130 541 diabolus
1163 508 1321 539 Davidem

363 557 528 598 impulisse
551 555 591 587 ad
614 553 794 586 faciendum
815 559 927 585 contra
951 553 1012 584 Dei
1037 553 1237 583 mandatum:
1268 562 1322 582 va-

363 601 467 631 nitate
498 604 604 630 autem
633 604 663 628 et
693 596 879 637 arrogantia
901 595 999 627 fuisse
1023 595 1195 635 impulsum
1219 593 1321 626 Davi·

363 643 434 674 dem
459 649 582 674 certum
606 646 662 672 est.
709 639 882 671 Caeterum
906 638 1033 670 licuisse
1055 637 1188 669 ducibus
1211 642 1243 668 et
1265 636 1322 668 im—

364 685 565 727 peratoribus
589 692 760 714 numerum
785 681 924 713 militum
948 691 1027 721 quos
1050 681 1082 711 in
1107 680 1224 711 bellum
1248 679 1322 710 edu-

364 728 479 760 cebant
502 727 583 759 scire
606 731 730 758 eertum
752 730 818 756 est:
841 723 926 765 quod
950 724 1067 763 alioqui
1092 722 1239 754 militaris
1261 721 1322 754 dis-

365 770 484 811 ciplina
515 776 544 801 ct
572 768 648 800 ordo
672 767 795 799 servari
818 767 974 807 nequiret.
1020 766 1125 805 Quam
1149 766 1190 796 sit
1214 770 1321 796 autem

365 824 503 849 neccsse,
537 811 588 843 vel
612 811 773 842 invasuris
795 809 914 846 hostes,
945 809 996 841 vcl
1019 820 1052 840 sc
1075 808 1228 839 adversus
1251 807 1322 839 illos

364 855 553 891 defensuris,
585 863 756 886 numerum
784 853 924 884 militum
953 852 1034 884 scire
1063 857 1097 882 ut
1121 851 1152 881 in
1177 849 1322 881 ordinem

366 898 588 939 disponantur,
611 897 690 928 satis
714 900 824 928 notum
848 901 916 928 est:
947 905 983 926 ac
1007 893 1139 934 proinde
1165 893 1214 924 vel
1239 893 1322 924 hanc

365 942 405 973 ob
439 951 569 972 causam
602 939 765 971 numerari
796 937 950 979 populum
981 937 1020 968 ad
1051 936 1169 968 bellum
1193 941 1322 967 euntem

364 983 543 1025 oportuisse
567 987 710 1022 apparet.
1071 1022 1076 1023 ⁷

449 1026 628 1067 Pergamus
657 1024 696 1055 ad
720 1023 860 1064 reliqua:
895 1023 1040 1063 sequitur
1065 1021 1195 1053 Saulem
1218 1026 1323 1052 castra

363 1074 519 1101 metatum
539 1068 639 1100 fuisse
658 1077 757 1108 prope
775 1067 923 1098 civitates
942 1065 1209 1097 Amalecitarum:
1230 1063 1323 1094 nimi-

365 1123 438 1144 rum
459 1117 493 1143 ut
511 1110 676 1143 obsidione
694 1110 847 1151 cingeret,
866 1114 898 1141 et
917 1109 997 1140 nulli
1018 1108 1148 1139 daretur
1167 1106 1322 1138 evadendi

366 1154 510 1186 facultas.
557 1153 664 1193 Quam
689 1153 787 1184 etiam
809 1152 848 1184 ob
871 1161 1001 1184 eausam
1025 1150 1063 1182 ad
1088 1150 1245 1188 Reii-aeos,
1268 1149 1323 1189 qui

365 1198 398 1229 in
430 1196 533 1228 medio
564 1195 815 1228 Amalecitarum
845 1194 1044 1231 habitabant,
1076 1193 1208 1224 nuncios
1232 1203 1323 1232 prae·

365 1240 506 1277 miserat,
537 1240 590 1280 qui
621 1243 791 1270 monerent
820 1238 865 1269 uti
895 1237 935 1268 ab
966 1236 1029 1268 illis
1060 1235 1252 1272 recederent,
1283 1245 1324 1265 ne

365 1293 430 1314 una
459 1293 533 1314 cum
564 1281 627 1313 illis
656 1280 855 1317 tollerentur,
889 1285 920 1310 et
942 1290 1006 1310 una
1030 1279 1246 1310 internecione
1269 1288 1323 1318 pe·

365 1326 477 1358 rirent.
525 1325 628 1356 Erant
657 1329 765 1354 autem
796 1322 923 1354 Kenaei
953 1332 970 1353 a
994 1321 1138 1352 Iithronc
1168 1333 1184 1352 e
1207 1320 1324 1352 Midia-

365 1369 442 1400 nitis
475 1366 621 1399 oriundi:
655 1372 687 1397 et
721 1366 834 1397 Mosen
858 1365 892 1397 in
916 1364 1042 1396 deserto
1066 1365 1200 1404 sequuti,
1235 1363 1322 1394 viam

365 1415 583 1443 monstrantes
615 1419 709 1450 quani
742 1407 920 1449 ignorabat,
951 1413 983 1438 et
1012 1406 1128 1439 idcirco
1158 1407 1190 1437 in
1221 1411 1324 1437 terrae

365 1453 599 1494 possessionem
623 1462 694 1483 cum
719 1450 876 1482 Israelitis
895 1450 1034 1482 admissi.
1081 1450 1180 1481 Porro
1199 1453 1324 1480 constat

366 1497 449 1527 hanc
494 1501 623 1536 gentem
666 1495 764 1525 vitam
798 1498 960 1525 austeram
994 1492 1139 1524 duxisse:
1182 1491 1324 1532 quando-

366 1537 496 1579 quidem
526 1537 636 1569 domos
667 1548 729 1568 non
753 1536 975 1576 aedificabant,
1006 1535 1061 1567 sed
1091 1535 1148 1566 sub
1178 1534 1325 1566 tentoriis

367 1581 538 1612 vivebant:
569 1590 648 1620 quae
678 1589 772 1611 causa
803 1579 861 1610 suit
884 1589 942 1610 cur
965 1588 1029 1609 uon
1054 1578 1222 1609 habuerint
1245 1578 1325 1608 fixas

365 1623 468 1661 sedes,
491 1623 545 1654 sed
569 1623 601 1653 in
628 1623 722 1653 variis
746 1622 823 1653 locis
845 1621 1004 1652 errarint:
1029 1626 1063 1651 ut
1083 1621 1110 1652 si
1125 1631 1186 1661 quo
1204 1621 1237 1651 in
1258 1620 1325 1652 loco

367 1677 433 1697 non
457 1671 642 1706 suppeteret
664 1665 754 1705 copia
776 1665 889 1702 victus,
912 1664 944 1695 in
964 1664 1027 1695 alia
1046 1665 1229 1703 migrarent.
1275 1663 1324 1693 Id-

366 1709 451 1740 circo
494 1707 640 1739 videmus
674 1707 745 1738 illos
779 1706 958 1747 peregrinis
992 1706 1117 1746 populis
1151 1706 1326 1746 permixtos

368 1751 478 1783 fuisse.
524 1750 632 1790 Quare
668 1749 841 1781 verisimile
875 1754 923 1780 est
956 1749 1039 1780 hanc
1069 1754 1197 1789 gentem
1229 1759 1325 1788 quum

368 1793 480 1826 Iudaei
504 1793 623 1824 crebris
645 1792 737 1824 bellis
762 1798 965 1833 urgerentur,
987 1802 1023 1823 ac
1043 1791 1175 1831 proinde
1187 1791 1326 1822 hostium

367 1836 506 1877 praedae
529 1835 674 1876 exposita
697 1841 790 1874 esset,
814 1835 981 1866 recessisse
1004 1845 1023 1865 a
1040 1834 1167 1865 Iudaeis
1189 1841 1221 1865 ct
1243 1834 1327 1865 inter

367 1879 565 1911 Amalecitas
605 1877 713 1909 sedem
754 1877 920 1918 delegisse.
967 1877 1045 1909 Saul
1084 1877 1210 1907 interim
1250 1877 1326 1917 ipsis

368 1922 488 1962 parcit:
522 1920 606 1961 quod
641 1931 703 1952 non
735 1920 865 1961 proprio
893 1926 982 1951 motu
1005 1919 1115 1951 fecisse
1140 1919 1238 1956 illuni,
1272 1919 1326 1950 sed

369 1965 431 1996 Dei
455 1964 611 1995 instinctu
632 1962 808 1994 verisimile
826 1968 890 1994 est:
913 1963 966 2003 qui
986 1973 1077 1994 suam
1097 1961 1326 2002 benignitatem

369 2012 400 2038 et
425 2007 628 2039 clementiam
658 2016 735 2047 erga
757 2005 847 2036 illum
871 2005 1024 2046 populum
1049 2015 1195 2035 exserere
1221 2004 1328 2043 voluit,

1203 201 1406 235 HOMILIA
1429 203 1505 235 Lu.

2293 204 2334 236 92

1348 303 1350 326 ῑ
1375 296 1496 328 malum
1526 297 1559 327 in
1591 295 1708 328 bonum
1737 304 1924 328 convertere
1948 296 1986 327 ad
2010 297 2163 329 ecclesiae
2185 307 2261 328 suae
2284 308 2335 330 sa-

369 2048 549 2090 separando
580 2051 684 2089 ipsum
715 2048 755 2080 ab
784 2048 826 2079 iis
855 2058 909 2088 qui
940 2047 1148 2079 internecioni
1179 2047 1328 2078 destinati
1354 2051 1355 2088 ᾖ

370 2098 472 2124 erant.
519 2092 569 2123 Ex
608 2102 669 2131 quo
702 2095 833 2132 apparet
865 2100 923 2122 nos
953 2091 1026 2122 licet
1056 2089 1227 2130 aliquando
1256 2099 1327 2120 cum

369 2135 514 2176 reprobis
538 2134 683 2175 perituri,
707 2139 739 2165 ct
760 2133 871 2165 eodem
895 2143 966 2165 cum
991 2133 1067 2173 ipsis
1088 2131 1204 2164 iudicio
1228 2132 1326 2162 invol-

371 2177 466 2210 vendi
499 2177 676 2217 videamur,
720 2176 826 2207 Deum
850 2181 958 2207 tamen
981 2174 1074 2207 facile
1097 2175 1181 2206 viam
1217 2175 1327 2205 inven-

370 2225 478 2252 turum
501 2230 564 2260 qua
582 2219 759 2260 periculum
780 2219 981 2260 effugiamus,
1005 2223 1037 2249 et
1055 2218 1214 2258 praesenti
1235 2218 1328 2248 morti

369 2264 555 2304 eripiamur.
601 2262 714 2302 Neque
750 2267 858 2292 tamen
891 2261 1000 2292 eadem
1034 2271 1160 2301 semper
1194 2259 1225 2290 id
1259 2260 1328 2290 fieri

369 2307 494 2337 ratione
525 2311 682 2345 putemus.
729 2304 812 2336 Nam
843 2315 938 2344 saepe
968 2303 1042 2335 boni
1065 2303 1156 2334 malis
1180 2303 1328 2343 permixti

369 2358 488 2389 poenas
517 2347 646 2379 easdem
676 2358 748 2379 cum
780 2346 843 2378 illis
873 2347 1045 2384 sustinent,
1074 2351 1105 2377 et
1127 2346 1195 2377 sine
1219 2344 1328 2376 discri-

370 2392 458 2422 mine
499 2391 688 2431 puniuntur.
734 2389 951 2430 Conspicuum
993 2388 1070 2420 illud
1115 2389 1152 2420 fit
1184 2387 1330 2427 exemplo

1354 2122 1356 2161 ξ

1354 2166 1356 2178 l

1354 2223 1356 2248 l

1355 2274 1357 2287 ι

1355 2334 1357 2359 l

1356 2375 1357 2398 l

372 2433 529 2472 Danielis,
562 2432 616 2473 qui
646 2443 718 2464 cum
749 2432 844 2464 sociis
875 2433 944 2464 suis
975 2432 1008 2463 in
1031 2431 1251 2472 captivitatem
1275 2430 1329 2461 ab-
1356 2434 1358 2442 ’

371 2476 486 2507 ductus
517 2481 575 2514 est,
605 2476 688 2507 inter
719 2486 772 2507 eos
802 2475 856 2515 qui
887 2474 1050 2506 manifesti
1081 2474 1142 2505 Dei
1165 2478 1329 2512 contemp-

372 2523 457 2550 tores
480 2523 581 2556 erant,
606 2524 636 2549 et
659 2517 834 2558 prophetas
858 2517 994 2549 ludibrio
1018 2516 1207 2553 habuerant,
1237 2520 1267 2547 et
1290 2514 1329 2545 ad

372 2561 503 2600 quaevis
536 2561 657 2602 flagitia
692 2559 917 2592 occalluerant.
964 2559 1074 2599 Quare
1111 2560 1198 2591 Deus
1236 2567 1329 2598 saepe

372 2603 454 2635 filios
495 2614 567 2635 suos
609 2603 768 2643 permittit
810 2603 919 2634 multis
952 2601 1187 2634 calamitatibus
1219 2600 1328 2640 affligi,
1355 2593 1357 2642 ζ
1383 2606 1538 2633 tarentur.

1376 339 1475 371 lutem
1500 339 1597 370 novit.
1643 339 1747 380 Saepe
1770 340 1867 371 etiam
1891 350 1944 370 eos
1968 339 2136 379 distinguit
2156 346 2187 370 et
2206 345 2334 380 separat

1375 382 1415 412 ab
1453 381 1604 422 improbis
1640 382 1695 422 qui
1725 383 1758 413 in
1790 383 1891 423 ipsius
1923 383 2036 413 timore
2067 381 2242 418 ambulant,
2280 388 2334 414 aut

1375 434 1454 464 quos
1476 424 1634 465 singulari
1657 425 1763 465 aliqua
1781 426 1886 466 gratia
1905 425 2020 463 affecit,
2044 431 2078 455 ut
2100 425 2252 464 perieulis
2270 424 2334 457 illis

1374 467 1499 508 eripiat,
1530 468 1563 498 in
1594 477 1676 507 quae
1700 468 1852 508 reprobos
1876 468 2013 506 coniicit,
2043 478 2122 507 quos
2146 477 2163 498 a
2187 466 2334 500 fidelibus

1374 517 1539 550 separatos
1568 509 1690 541 ultimis
1720 510 1886 551 suppliciis
1909 509 2016 541 afficit.
2063 509 2222 541 Davidem
2249 510 2333 541 vide-

1375 563 1448 583 mus
1470 551 1556 592 apud
1580 552 1687 583 Deum
1711 559 1894 593 querentem
1919 554 2051 593 precari,
2085 563 2124 584 ne
2148 552 2238 584 Deus
2260 563 2333 584 cum

1375 593 1551 626 incredulis
1581 595 1685 634 ipsum
1714 595 1975 636 comprehendat,
2007 606 2046 626 ne
2069 595 2101 626 in
2127 595 2253 626 illorum
2277 606 2335 626 nu-

1374 647 1463 668 mero
1497 636 1758 677 deprehendatur
1792 648 1870 678 quos
1904 638 2064 669 horrenda
2098 637 2159 669 Dei
2194 638 2335 669 vindicta

1375 688 1502 710 manet:
1536 679 1590 710 sed
1625 680 1656 710 in
1692 680 1796 720 ipsum
1831 690 1923 711 suam
1953 681 2059 720 potius
2083 680 2333 712 misericordiam

1374 728 1510 753 exserat.
1556 722 1715 753 Davidem
1740 722 1881 762 profecto
1911 723 1970 754 has
2003 733 2113 763 preces
2146 723 2334 755 fundentem

1376 766 1490 796 nixum
1516 764 1614 796 fuisse
1638 764 1757 796 divinis
1780 765 2048 806 promissionibus
2070 772 2192 797 certum
2216 774 2273 804 est,
2303 770 2334 797 et

1375 807 1436 839 hoc
1469 807 1626 847 principio
1661 808 1789 845 fultum,
1828 807 1935 839 Deum
1970 818 2082 848 nempe
2116 809 2169 848 qui
2204 819 2333 840 suorum

1375 860 1485 882 curam
1519 851 1612 891 gerit,
1646 855 1676 881 et
1707 850 1901 882 iustissimus
1930 860 2039 882 rerum
2061 851 2206 882 omnium
2229 850 2334 883 mode-

1376 897 1465 924 rator
1487 900 1546 929 est,
1572 903 1635 923 non
1659 894 1850 933 puniturum
1875 893 1980 933 ipsum
2002 898 2133 930 temere,
2157 894 2249 933 quasi
2272 903 2335 925 non

1375 935 1573 967 discerneret
1596 934 1729 966 rebelles
1752 941 1784 967 ct
1806 939 2043 976 contemptores
2061 946 2137 967 suae
2158 937 2335 968 maiestatis

1376 988 1395 1009 a
1427 977 1591 1009 fidelibus:
1622 977 1679 1009 sed
1709 988 1808 1018 quum
1837 989 1912 1010 suos
1934 979 2034 1019 probe
2057 983 2177 1017 noscat,
2207 978 2334 1010 eosdem

1375 1021 1474 1052 etiam
1497 1021 1556 1052 sub
1579 1020 1703 1052 alarum
1727 1031 1858 1052 suarum
1883 1022 1998 1052 umbra
2021 1027 2144 1062 tegere:
2168 1028 2201 1052 et
2218 1020 2258 1052 ab
2276 1022 2334 1052 im-

1375 1063 1485 1103 probis
1518 1064 1563 1094 ita
1597 1062 1789 1102 discernere,
1836 1068 1874 1095 ut
1911 1064 1988 1095 satis
2021 1064 2162 1104 amplam
2196 1063 2337 1095 habeant

1376 1106 1477 1147 ipsius
1506 1106 1744 1138 misericordiae
1775 1112 1808 1138 ct
1836 1107 1989 1138 bonitatis
2017 1105 2240 1147 agnoscendae
2269 1116 2336 1138 ma-

1377 1149 1500 1180 teriam.
1555 1148 1669 1180 Nonne
1711 1149 1795 1180 istud
1838 1159 1913 1181 vero
1950 1150 2090 1181 maxime
2125 1149 2335 1189 conspicuum

1375 1196 1424 1223 est
1450 1191 1672 1223 Israelitarum
1703 1192 1862 1233 exemplo,
1891 1192 2008 1232 quibus
2037 1192 2173 1233 angelus
2203 1191 2337 1223 Domini

1376 1235 1610 1266 exterminator
1639 1235 1792 1275 pepercit,
1821 1234 1922 1267 caesis
1951 1235 2174 1275 primogenitis
2204 1235 2238 1265 in
2269 1239 2335 1266 tota

1375 1277 1536 1318 Aegypto,
1568 1282 1633 1309 tam
1663 1277 1831 1309 hominum
1853 1287 1949 1318 quam
1973 1277 2208 1309 animantium?
2250 1276 2335 1308 Nam

1377 1320 1461 1360 quod
1484 1320 1627 1360 ipsorum
1651 1319 1766 1351 domus
1784 1321 1941 1361 sanguine
1954 1320 2030 1361 agni
2048 1325 2156 1352 essent
2176 1329 2335 1360 aspersae,

1376 1362 1512 1403 angelus
1542 1363 1679 1394 intactas
1708 1363 1780 1395 illas
1810 1363 1985 1404 praeteriit.
2029 1362 2075 1394 Et
2105 1362 2234 1403 quidem
2263 1372 2335 1394 san·

1377 1405 1486 1446 guinis
1508 1406 1702 1446 aspersionis
1726 1406 1913 1438 nominatim
1935 1406 1971 1437 fit
1989 1406 2121 1443 mentio,
2141 1412 2177 1436 ut
2196 1406 2336 1437 sciamus

1377 1448 1554 1486 ecclesiam,
1586 1448 1659 1480 licet
1688 1449 1722 1479 in
1751 1448 1870 1480 mundo
1903 1449 2036 1480 caeteris
2066 1448 2270 1489 permixtam,
2304 1451 2336 1479 et

1377 1491 1467 1522 nullo
1491 1499 1624 1522 externo
1647 1491 1816 1531 splendore
1835 1492 2006 1532 insignem,
2027 1501 2131 1531 neque
2151 1490 2335 1523 distinctam

1377 1534 1476 1565 ullam
1501 1534 1665 1575 regionem
1690 1533 1860 1566 habentem
1891 1534 1924 1565 in
1947 1545 2009 1574 qua
2039 1538 2192 1574 tanquam
2215 1534 2250 1564 in
2273 1540 2335 1565 ter-

1378 1577 1472 1608 restri
1496 1576 1644 1617 paradiso
1667 1584 1831 1609 versetur:
1855 1577 1911 1609 sed
1934 1577 2040 1617 potius
2064 1576 2173 1608 multis
2196 1575 2337 1617 undique

1378 1620 1516 1652 cinctam
1552 1620 1696 1651 veritatis
1729 1620 1883 1659 hostibus,
1917 1620 1951 1650 in
1985 1629 2081 1660 quam
2115 1619 2211 1650 etiam
2243 1618 2337 1650 multi

1380 1663 1568 1704 hypocritae
1592 1662 1740 1694 fidelibus
1763 1663 2007 1703 permiscentur,
2032 1666 2141 1693 tamen
2163 1660 2265 1693 aDeo
2286 1671 2337 1693 oo-

1379 1706 1499 1746 gnosci,
1523 1706 1579 1746 qui
1598 1715 1671 1737 suos
1691 1705 1730 1737 ab
1749 1705 1931 1737 infidelibus
1950 1704 2042 1736 facile
2061 1704 2222 1742 discernit,
2243 1703 2338 1736 modo

1380 1748 1454 1789 agni
1486 1749 1643 1788 sanguine
1673 1754 1897 1789 aspergantur,
1931 1758 2045 1788 nempe
2075 1747 2207 1778 Domini
2237 1746 2338 1779 nostri

1379 1791 1455 1823 Iesu
1478 1790 1609 1829 Christi,
1633 1796 1670 1822 ut
1692 1790 1814 1823 Paulus
1837 1791 1987 1831 loquitur.
2033 1790 2179 1830 Denique
2207 1789 2260 1822 hic
2282 1789 2338 1822 ob-

1380 1844 1547 1866 servemus
1570 1834 1605 1865 in
1627 1844 1746 1874 genere
1760 1834 1866 1865 Deum
1889 1844 1948 1865 sua
1970 1832 2087 1864 iudicia
2111 1834 2156 1864 sic
2179 1842 2338 1871 exercere,

1380 1882 1417 1908 ut
1440 1881 1547 1908 sontes
1570 1877 1693 1917 puniat,
1725 1882 1757 1908 et
1787 1887 1866 1917 quos
1895 1876 1993 1908 semel
2025 1875 2262 1915 reprobraverit
2283 1885 2338 1906 ex-

1381 1924 1483 1950 tremo
1507 1919 1664 1960 supplicio
1687 1919 1823 1951 afficiat:
1855 1925 1886 1951 et
1910 1917 2120 1950 nihilominus
2143 1917 2285 1949 bonitate
2307 1921 2339 1949 et

1380 1962 1553 1994 clementia
1583 1967 1693 1993 utatur
1722 1963 1755 1993 in
1789 1973 1842 1994 eos
1873 1961 1986 2003 quibus
2010 1960 2078 1992 vult
2100 1971 2190 1992 suam
2214 1960 2338 1992 miseri—

1381 2004 1523 2037 cordiam
1547 2006 1736 2045 patefacere.
1773 2005 1874 2036 Porro
1897 2005 1924 2036 si
1946 2004 2118 2045 contigisse
2141 2002 2226 2034 istud
2250 2002 2339 2034 vide-

1381 2058 1454 2079 mus
1476 2047 1628 2086 Kenaeis,
1652 2053 1688 2079 ut
1711 2047 1864 2079 nimirum
1887 2045 2138 2079 misericordiam
2162 2056 2180 2077 a
2198 2044 2339 2077 Domino

1354 2089 1355 2111 ³
1381 2092 1447 2122 siut
1469 2091 1669 2131 consequuti,
1693 2090 1794 2122 multo
1817 2091 1925 2122 minus
1948 2088 2159 2121 dubitandum
2183 2092 2240 2126 est,
2263 2088 2339 2128 quin

1381 2133 1519 2164 cundem
1543 2143 1621 2174 erga
1639 2143 1698 2165 nos
1711 2133 1773 2165 Dei
1796 2133 1938 2164 favorem
1959 2133 2136 2164 sentiamus
2158 2131 2191 2162 in
2215 2131 2340 2162 domes-

1382 2178 1517 2207 ticorum
1548 2186 1718 2207 numerum
1749 2176 1880 2212 adsciti,
1911 2182 1944 2207 et
1971 2176 2004 2206 in
2035 2174 2137 2215 ipsius
2171 2173 2286 2205 timore
2308 2177 2341 2206 et

1381 2218 1562 2250 obedientia
1591 2218 1803 2250 ambulantes.
1848 2218 1931 2250 Nam
1960 2217 2111 2249 Kenaeos
2145 2216 2224 2248 istos
2255 2214 2341 2257 quod

1382 2262 1506 2298 attinet,
1538 2272 1590 2293 eos
1621 2267 1756 2302 apparet
1785 2266 1953 2302 postquam
1981 2258 2170 2291 admiranda
2200 2258 2255 2290 illa
2279 2258 2342 2290 Dei

1382 2313 1479 2343 opera
1501 2304 1739 2344 cognovissent,
1759 2310 1792 2335 et
1808 2314 1881 2336 cum
1895 2302 2010 2344 populo
2029 2301 2202 2334 israelitico
2221 2311 2341 2333 manna

1382 2347 1594 2378 comedissent
1617 2347 1650 2378 in
1674 2346 1808 2382 deserto,
1833 2351 1862 2378 et
1886 2344 2169 2386 superstitionibus
2190 2349 2222 2376 et
2244 2343 2340 2376 idolo-

1383 2389 1497 2420 maniis
1521 2390 1773 2426 renunciassent,
1808 2389 2017 2420 nibilominus
2047 2393 2154 2418 tamen
2186 2386 2278 2418 valde
2306 2386 2339 2418 in

1383 2431 1538 2472 religione
1561 2432 1659 2463 fuisse
1682 2432 1911 2464 inconstantes.
1955 2430 2048 2468 Nam,
2071 2435 2108 2461 ut
2129 2434 2272 2470 apparet,
2295 2429 2340 2460 ita

1356 2476 1358 2514 ζ
1383 2480 1458 2504 sunt
1481 2485 1499 2504 a
1522 2475 1700 2506 tentatione
1731 2473 1883 2515 superati,
1915 2478 1950 2504 ut
1978 2479 2097 2504 terram
2127 2473 2216 2503 illam
2244 2472 2338 2505 bene-

1356 2519 1358 2537 l

1384 2515 1515 2556 dietam,
1550 2517 1661 2548 divino
1696 2517 1796 2548 cultui
1831 2516 1968 2548 dicatam
2002 2515 2217 2554 deseruerint,
2257 2513 2340 2555 quod

1356 2581 1357 2591 i
1383 2558 1516 2590 subinde
1540 2559 1683 2591 hostium
1706 2559 1816 2600 populi
1828 2558 1959 2591 Israelis
1981 2558 2221 2590 incursionibus
2243 2557 2339 2588 infes-

1586 2602 1672 2634 Sane
1696 2602 1829 2634 mollitie
1853 2611 1915 2633 non
1938 2607 2014 2632 sunt
2037 2611 2074 2632 eo
2098 2599 2236 2637 adducti,
2260 2609 2338 2640 quos

373 2655 470 2684 quum
500 2646 584 2677 inter
607 2646 732 2686 iniquos
755 2645 990 2678 habitaverint:
1025 2645 1079 2677 scd
1103 2650 1209 2676 tamen
1233 2643 1328 2675 etiam
1354 2645 1357 2670 l
1383 2642 1495 2674 duram
1524 2646 1627 2686 egisse
1657 2645 1759 2677 vitam
1788 2644 1847 2676 sub
1870 2644 2017 2676 tentoriis
2040 2650 2135 2675 antea
2157 2642 2338 2675 docuimus:
