2551 3044
361 196 403 226 ‘19

367 290 450 320 circo
463 295 571 318 mouet
590 286 765 327 apostolus,
790 296 828 316 00
848 285 960 316 demus
979 285 1083 316 locum
1105 286 1186 316 irae:
1212 283 1328 315 docens

372 332 415 362 ita
445 329 593 371 impediri
622 329 684 360 Dei
708 339 788 369 opus
813 334 969 368 quantum
994 329 1027 358 iu
1053 328 1143 359 uobis
1166 334 1221 362 cst,
1247 325 1329 367 quod

369 373 470 414 ipsius
492 372 631 404 officium
657 380 858 411 usurpemus.
895 370 981 410 Quid
1001 371 1046 402 ita
1067 369 1165 402 vero?
1190 368 1329 400 Causam

368 417 436 456 ipsc
460 415 549 446 Deus
573 415 635 446 alio
659 414 737 449 1000,
763 423 879 454 nempe
902 413 934 444 iu
959 413 1092 444 Cautico
1108 413 1207 444 Mosis
1219 411 1329 452 (Deut.

370 458 425 500 32)
447 458 561 498 aperit,
586 457 636 488 his
660 457 782 488 verbis:
813 456 887 487 Mea
916 462 963 486 est
987 456 1067 487 ultio
1090 464 1121 487 et
1145 454 1329 486 retributio:

369 502 502 541 loquens
525 499 563 531 de
587 499 695 540 populi
718 499 766 530 sui
791 498 983 530 defensioue.
1019 499 1087 529 Deo
1107 499 1213 538 itaque
1236 507 1329 528 suum

370 543 462 575 nobis
486 543 645 574 auxilium
669 542 888 583 promittente,
914 546 946 572 et
964 541 1068 573 illatas
1089 540 1177 572 uobis
1197 539 1331 571 iniurias

370 586 489 626 ulcisci,
525 591 556 616 01
590 591 744 625 tauquam
778 584 887 624 clypeo
920 589 1028 625 tegere
1062 583 1198 619 volente,
1230 592 1331 623 quare

370 629 469 670 ipsius
493 638 574 669 opus
596 626 896 668 praeverteremus?
919 637 1018 667 quare
1037 625 1202 658 iracundia
1221 631 1331 656 nostra

369 671 560 713 praecipites
574 671 605 702 iu
626 670 781 701 ultionem
802 675 941 701 nostram
962 668 1140 701 ferremur?
1164 668 1232 699 Nae
1244 667 1329 700 istud

370 720 420 746 est
441 714 559 745 ostium
584 713 654 744 Deo
685 711 843 749 claudere,
875 717 905 743 et
934 712 1036 753 ipsius
1066 712 1205 743 officium
1237 721 1329 742 usur-

371 767 462 798 pare:
486 763 516 787 et
541 756 683 787 divinam
708 755 948 795 protectionem,
972 754 1067 796 longe
1091 754 1237 785 omnibus
1256 753 1329 784 sub-

372 799 518 839 terfugiis
541 805 573 829 et
602 798 862 830 excusationibus
893 797 1136 838 praeferendam
1160 796 1328 837 repudiare

372 848 403 873 et
427 842 568 873 reiicere.
613 840 686 872 Nou
717 840 810 871 aliter
840 850 936 881 quam
959 840 985 872 si
1009 840 1081 880 quis
1104 844 1257 879 occupata
1280 839 1327 870 iu-

372 884 451 916 dicis
480 883 555 915 sede
584 888 773 924 quereretur
806 883 845 914 de
874 882 957 914 facta
989 883 1049 914 sibi
1085 882 1210 919 iniuria,
1245 881 1328 922 quod

369 937 442 958 eum
473 927 587 958 merito
618 936 730 958 omnes
763 925 939 967 explodaut
973 931 1005 956 et
1039 925 1218 956 exsibilent.
1271 924 1328 956 Sic

369 980 446 1001 sano
469 969 553 1010 apud
580 969 686 1000 Deum
709 967 749 999 de
771 968 867 1000 illatis
890 968 982 1000 nobis
1004 968 1128 999 iniuriis
1151 967 1240 1008 queri
1264 977 1328 998 me-

369 1013 430 1043 rito
454 1023 517 1043 nou
539 1022 718 1052 possumus,
748 1011 811 1043 nisi
840 1011 1001 1052 patienter
1027 1010 1153 1042 easdem
1177 1011 1325 1047 feramus,

368 1060 401 1086 et
430 1055 546 1095 spiritu
579 1053 837 1086 mausuetudinis
868 1053 1074 1091 retineamur,
1109 1064 1147 1083 ue
1182 1054 1213 1083 in
1244 1053 1326 1083 iram

367 1098 628 1129 effervescamus.
674 1096 760 1128 Hinc
794 1096 902 1137 itaque
932 1096 1010 1127 satis
1040 1101 1087 1127 est
1110 1096 1325 1135 conspicuum,

367 1150 467 1181 quare
491 1140 571 1171 ultio
592 1139 720 1180 privata
740 1138 956 1179 prohibeatur.
981 1143 1068 1179 puta,
1088 1150 1126 1169 ne
1140 1139 1198 1169 Dei
1218 1143 1326 1178 partes

368 1183 626 1224 praeveniamus,
649 1187 680 1213 et
703 1182 806 1222 ipsius
828 1181 968 1213 officium
992 1187 1103 1212 nostra
1126 1181 1326 1221 impatientia

368 1225 590 1265 impediamus.
626 1224 895 1265 Quandoquidem
913 1225 999 1256 enim
1019 1224 1087 1264 ipse
1107 1234 1164 1254 nos
1182 1225 1213 1255 iu
1232 1234 1324 1255 suam

368 1268 503 1299 tutelam
528 1268 654 1308 recepit,
684 1267 790 1299 illatas
822 1267 912 1298 uobis
939 1267 1073 1298 iniurias
1104 1266 1175 1297 vult
1198 1266 1323 1298 ulcisci:

368 1321 428 1343 nos
457 1317 566 1342 autem
595 1309 633 1341 ab
662 1310 750 1341 omui
780 1309 902 1341 ultione
929 1309 1100 1346 abstinere,
1129 1309 1210 1349 quod
1240 1310 1325 1340 norit

367 1364 464 1394 quam
495 1359 625 1386 nostrae
657 1353 820 1393 passiones
852 1352 1009 1383 violentae
1031 1352 1096 1383 sint
1118 1356 1149 1384 01
1173 1351 1324 1383 immode-

367 1402 474 1428 ratae:
509 1395 627 1436 quibus
657 1406 716 1426 nos
746 1400 872 1436 oportet
901 1395 985 1432 exui,
1017 1399 1049 1426 et
1077 1395 1233 1435 patienter
1263 1394 1324 1426 Dei

366 1438 545 1470 vindictam
568 1443 763 1478 exspectare,
794 1448 834 1469 ue
865 1442 975 1468 nostra
1003 1437 1204 1477 impatientia
1233 1448 1323 1478 prae·

367 1481 522 1513 iudicium
552 1481 613 1521 ipsi
644 1480 834 1512 adferamus.
880 1479 1003 1511 Verum
1036 1481 1197 1511 enimvero
1227 1490 1324 1520 quae·

369 1524 442 1555 dam
466 1524 607 1555 ultiones
636 1534 699 1554 nou
731 1523 825 1554 modo
853 1523 1027 1564 permissae
1058 1528 1089 1553 et
1112 1523 1215 1554 licitae
1239 1528 1324 1562 suut,

369 1567 424 1598 sed
456 1567 552 1597 etiam
582 1565 762 1597 mandatae.
808 1565 959 1606 Exempli
989 1566 1102 1606 gratia.
1149 1565 1183 1597 Si
1207 1566 1324 1606 magis-

369 1614 475 1641 tratus
487 1609 602 1649 aliquis
621 1609 762 1640 iustitiae
781 1607 888 1649 gladio
907 1614 1059 1645 armatus,
1084 1608 1132 1639 vel
1157 1608 1324 1646 latronem,

369 1652 421 1683 vel
456 1651 568 1688 furem,
604 1651 655 1682 vel
691 1651 902 1682 facinorosum
936 1650 1108 1690 quemlibet
1141 1650 1180 1682 ad
1219 1652 1325 1683 furcas

369 1694 486 1732 trahat,
509 1694 652 1735 legitima
671 1699 702 1725 et
721 1694 802 1725 bona
822 1693 876 1724 illa
895 1699 942 1724 est
966 1693 1054 1731 ultio,
1077 1693 1138 1724 Dei
1169 1694 1324 1725 voluntati

370 1736 459 1768 nullo
492 1735 585 1768 modo
615 1737 786 1767 contraria.
833 1736 917 1767 Nam
948 1740 1067 1774 contra,
1096 1741 1131 1767 01
1161 1737 1203 1767 ait
1233 1736 1324 1768 Salo-

370 1790 454 1817 mon,
477 1780 503 1810 si
527 1779 734 1820 magistratus
753 1779 792 1810 ab
812 1778 867 1810 illa
886 1778 1006 1810 ultione
1025 1788 1120 1818 quam
1136 1779 1222 1810 Deus
1234 1789 1324 1819 prae-

369 1822 448 1862 cipit
471 1822 658 1854 abstineret,
682 1821 715 1852 iu
730 1821 837 1852 Deum
856 1821 999 1861 graviter
1017 1827 1162 1861 peccaret
1185 1821 1327 1853 rebellio-

371 1865 421 1896 nis
436 1874 525 1896 reus:
548 1863 603 1895 sed
623 1864 677 1895 illa
696 1863 787 1902 ultio,
806 1863 899 1895 modo
918 1864 959 1894 sit
977 1868 1154 1904 temperata
1173 1870 1205 1895 et
1223 1865 1327 1905 aequi-

371 1913 436 1938 tate
450 1907 582 1945 nitatur,
607 1906 668 1938 Dei
692 1912 740 1937 est
770 1916 835 1937 non
864 1906 1044 1937 hominum:
1076 1912 1162 1947 puta,
1192 1908 1216 1937 si
1245 1908 1326 1938 serio

371 1950 488 1981 affectu
511 1950 544 1981 iu
558 1949 620 1980 Dei
644 1949 771 1981 cultum
796 1949 918 1980 feratur
940 1949 1158 1989 magistratus,
1181 1956 1210 1980 et
1233 1961 1325 1981 suum

368 1992 508 2023 officium
532 1993 636 2024 facere
659 1991 795 2029 studeat,
820 1991 909 2023 nulla
932 1992 1057 2032 privata
1080 1991 1197 2023 iniuria
1220 1992 1258 2022 ad
1283 1998 1328 2022 ta-

369 2035 431 2066 lem
456 2035 621 2072 ultionem,
645 2034 700 2065 sed
723 2034 790 2065 solo
810 2034 872 2066 Dei
895 2034 1044 2066 mandato
1069 2034 1232 2074 impulsus,
1255 2046 1326 2065 son-

371 2083 419 2109 tes
442 2078 485 2108 ita
507 2077 616 2118 puniri
640 2077 790 2108 iubentis.
824 2077 875 2108 Ex
894 2077 964 2109 istis
983 2077 1080 2117 igitur
1098 2077 1176 2108 satis
1196 2082 1328 2117 apparet
1352 2101 1354 2118 r

370 2120 507 2161 privatis
548 2119 724 2151 ultionibus
767 2119 891 2151 nullum
936 2119 1073 2160 amplius
1113 2119 1218 2151 1000111
1259 2119 1327 2150 dari

371 2167 527 2202 oportere,
551 2162 635 2203 quod
651 2162 710 2193 Dei
735 2163 894 2194 maiestati
918 2161 1098 2198 detrahant,
1121 2167 1153 2193 ct
1177 2162 1208 2192 in
1229 2162 1328 2202 ipsius

369 2204 622 2236 iurisdictionem
646 2205 798 2236 involent.
835 2204 901 2237 Sed
921 2205 1033 2236 divina
1057 2204 1134 2236 ultio
1147 2204 1327 2244 laudabilis,

368 2258 469 2288 quum
500 2248 708 2288 magistratus
739 2247 862 2279 nullam
900 2247 1102 2288 privatarum
1136 2247 1326 2278 iniuriarum

371 2291 525 2321 rationem
557 2290 689 2328 habens,
721 2291 753 2321 in
784 2291 888 2322 solum
918 2290 978 2322 Dei
1011 2289 1198 2321 mandatum
1228 2290 1328 2321 fertur

372 2333 478 2364 studio
501 2333 606 2365 cultus
629 2333 738 2373 ipsius.

457 2375 636 2407 Veniamus
660 2376 723 2406 iam
747 2375 785 2406 ad
809 2376 988 2416 praesentis
1014 2375 1164 2406 historiae
1188 2375 1327 2415 explica-

373 2418 504 2448 tionem:
526 2418 614 2449 Deus
627 2418 823 2449 Amalecitas
846 2418 992 2450 funditus
1015 2417 1113 2449 deleri
1137 2417 1234 2449 iubet.
1272 2418 1327 2448 At-

372 2461 425 2500 qui
460 2461 520 2492 hac
554 2461 676 2492 ratione
710 2460 848 2502 populus
883 2471 957 2492 suas
987 2461 1122 2492 iniurias
1155 2460 1326 2492 ulciscitur.

373 2502 437 2534 Sed
463 2513 523 2534 nou
548 2508 596 2534 est
619 2504 681 2535 ista
710 2503 838 2544 privata
861 2503 950 2540 ultio,
979 2502 1234 2544 quandoquidem
1265 2513 1326 2534 uon
1353 2519 1355 2521 ·

373 2551 460 2577 motu
489 2546 617 2586 proprio
648 2550 705 2577 aut
733 2546 880 2586 passione
911 2545 1157 2584 vehementiore,
1189 2544 1244 2576 sed
1267 2545 1328 2576 Dei

374 2587 523 2620 mandato
547 2589 648 2619 fertur
678 2589 816 2629 populus
846 2588 885 2620 ad
916 2588 999 2620 hauc
1028 2588 1201 2620 ultionem:
1231 2598 1328 2629 quare

374 2640 475 2670 neque
504 2631 644 2663 humana
675 2642 778 2672 neque
807 2632 934 2672 privata
963 2631 1023 2663 fuit
1051 2631 1129 2663 haec
1152 2630 1240 2663 ultio.
1286 2630 1328 2662 Et

1213 188 1415 222 HOMILIA
1439 189 1496 221 LI.

2301 190 2342 222 80

1354 286 1357 324 Ι
1383 283 1474 315 Ι)000
1498 294 1561 315 000
1594 284 1715 315 laxavit
1746 284 1886 316 habenas
1915 284 2032 325 populo
2061 290 2097 316 ut
2126 285 2287 317 crudelius
2310 291 2342 318 et

1383 326 1559 358 immanius
1581 327 1722 358 saeviret
1745 327 1778 358 iu
1803 327 1919 366 hostes,
1953 334 1985 358 et
2016 326 2136 358 malum
2161 327 2244 359 malo
2266 339 2341 369 pen-

1383 376 1484 399 saret:
1513 369 1568 401 scd
1593 376 1700 401 tamen
1725 370 1808 402 hanc
1837 370 1882 401 illi
1907 369 2078 401 vindictam
2109 371 2277 408 commisit,
2306 376 2341 402 ut

1382 412 1485 443 cuivis
1519 418 1672 453 appareat
1696 422 1791 453 quam
1815 413 1965 444 ecclesiae
1998 412 2087 444 salus
2111 413 2153 444 sit
2184 413 2244 453 ipsi
2269 423 2343 445 cara

1383 459 1415 485 et
1438 455 1588 494 pretiosa.
1622 454 1731 494 Quare
1755 466 1818 486 uou
1842 455 1937 486 debet
1961 455 2050 486 uobis
2074 455 2216 487 insolens
2239 456 2342 488 videri

1383 495 1462 528 haec
1485 498 1547 529 Dei
1577 499 1738 529 sententia
1767 498 1806 529 de
1829 498 2015 529 Amalecitis
2047 497 2218 538 perdendis
2238 504 2270 530 et
2293 499 2341 530 iu-

1385 540 1569 572 terneeioue
1593 551 1657 571 una
1680 540 1832 572 delendis.
1866 540 1932 572 Sed
1955 541 2015 572 alia
2038 540 2089 572 1110
2108 542 2210 572 011101·
2232 551 2340 582 quaes-

1382 582 1436 620 tio,
1470 582 1626 623 quomodo
1649 583 1738 614 Deus
1761 588 1832 624 post
1855 589 1919 614 tam
1943 583 2074 624 longum
2106 584 2258 624 temporis
2291 585 2339 616 iu-

1383 625 1553 656 tervallum
1578 625 1774 657 Amalecitas
1804 636 1867 657 una
1896 626 2123 664 internecione,
2154 632 2186 658 et
2209 626 2338 667 quidem

1381 667 1466 707 ipsas
1491 669 1642 699 mulieres
1665 678 1738 699 cum
1762 667 1941 699 infantibus
1964 668 2062 699 deleri
2093 668 2210 701 iubeat.
2255 669 2339 702 Nam

1381 712 1520 750 primum
1545 710 1653 742 nullus
1676 709 1751 741 dum
1775 720 1886 742 eorum
1909 711 1960 750 qui
1985 717 2052 742 tum
2073 712 2224 743 vivebant
2243 718 2338 745 natus

1381 758 1459 790 erat,
1482 763 1581 793 quum
1605 753 1638 784 in
1663 753 1778 784 itinere
1801 753 1938 794 populus
1961 753 2158 786 Israeliticus
2182 755 2338 795 impetum

1380 795 1508 826 illorum
1541 796 1712 827 sustinuit:
1741 795 1796 827 sed
1828 800 1940 826 contra
1970 796 2025 836 qui
2055 795 2208 828 adversus
2232 797 2337 829 Deum

1380 843 1412 869 et
1442 838 1611 870 ecclesiam
1641 838 1742 878 ipsius
1774 838 1843 869 ausi
1874 843 1941 869 tum
1965 839 2122 878 impetum
2147 839 2250 871 facere
2272 841 2339 872 fue—

1380 886 1463 917 raut,
1487 882 1604 922 partim
1629 881 1857 919 occubuerant,
1879 880 1996 921 partim
2021 881 2096 922 suga
2120 880 2179 912 sibi
2202 882 2340 914 salutem

1379 925 1620 963 quaesiverant.
1665 924 1709 955 Et
1731 922 1884 964 quidquid
1907 924 1949 954 sit
1977 923 2223 964 conspirationis
2246 926 2340 958 istius

1379 971 1508 998 autores
1538 966 1645 1007 puniri
1673 965 1812 1006 amplius
1842 976 1907 997 000
1940 971 2106 1006 poteraut:
2140 977 2176 998 ac
2203 968 2339 1008 proinde

1378 1009 1442 1040 iam
1466 1009 1686 1041 internecione
1716 1008 1814 1040 deleri
1844 1008 1996 1040 iubentur
2019 1009 2072 1049 qui
2103 1008 2244 1041 nondum
2267 1016 2335 1042 tum

1378 1052 1532 1092 temporis
1555 1052 1589 1083 in
1619 1051 1703 1083 vivis
1733 1055 1834 1083 eraut.
1879 1051 1944 1084 Sed
1975 1051 2049 1092 quid
2079 1051 2118 1083 de
2147 1052 2336 1086 mulieribus

1378 1093 1529 1132 dicemus,
1565 1095 1680 1135 quibus
1713 1094 1901 1135 plerumque
1934 1095 1966 1126 in
2001 1094 2084 1126 bello
2118 1095 2206 1134 parci
2238 1095 2335 1128 solet:

1378 1137 1454 1177 quid
1479 1137 1518 1168 de
1541 1137 1722 1169 infantibus
1745 1137 1849 1169 adhuc
1872 1148 1891 1169 a
1913 1142 2053 1168 mat-rum
2082 1136 2234 1170 uberibus
2257 1149 2335 1179 pen·

1378 1179 1549 1211 dentibus?
1573 1179 1658 1211 Nam
1681 1180 1868 1211 nominatim
1888 1190 2005 1221 pueros
2024 1180 2179 1212 lactantes
2198 1182 2335 1213 interfici

1377 1222 1486 1254 iubere
1509 1222 1568 1254 1100
1599 1223 1666 1255 1000
1690 1222 1864 1254 Ι)011110001
1895 1222 2051 1254 videmus.
2097 1222 2183 1255 Sane
2211 1224 2335 1256 nullum

1378 1265 1430 1297 hic
1460 1266 1561 1297 teneri
1592 1265 1721 1297 modum
1751 1266 1832 1296 forte
1860 1265 1930 1305 quis
1960 1265 2087 1304 dixerit,
2121 1271 2153 1297 et
2176 1276 2335 1298 summam

1377 1308 1473 1340 istam
1497 1318 1566 1339 esse
1589 1308 1814 1340 crudelitatem
1837 1312 1868 1339 et
1890 1308 2066 1339 inauditam
2090 1309 2335 1341 immanitatem.

1379 1350 1445 1383 Sed
1467 1356 1556 1383 tanto
1580 1351 1684 1392 magis
1708 1351 1768 1382 hac
1790 1351 1824 1382 in
1847 1356 1938 1391 parte
1961 1350 2052 1382 uobis
2074 1351 2252 1383 cavendum
2277 1356 2335 1390 est,

1377 1399 1409 1425 et
1433 1398 1561 1426 nostrae
1584 1393 1762 1425 curiositati
1785 1392 1928 1425 habenae
1946 1393 2143 1430 iuiicieudae,
2167 1404 2207 1425 00
2226 1394 2259 1425 iu
2274 1395 2335 1426 Dei

1377 1436 1495 1468 iudicia
1517 1437 1673 1468 curiosius
1695 1436 1904 1476 inquiramus.
1948 1436 2032 1468 Nam
2055 1447 2135 1476 quae
2157 1442 2250 1475 esset,
2279 1437 2334 1469 ob—

1378 1489 1475 1518 secro,
1506 1479 1678 1517 dementia,
1710 1479 1770 1510 Dei
1802 1478 1919 1511 iudicia
1949 1484 1980 1510 et
2009 1479 2093 1511 facta
2116 1484 2246 1511 nostrae
2267 1480 2335 1521 opi-

1377 1523 1466 1554 nioni
1489 1528 1521 1553 et
1543 1522 1767 1563 imaginationi
1789 1521 1954 1559 subiicere,
1975 1527 2005 1553 et
2029 1522 2068 1552 de
2091 1522 2191 1561 ipsius
2209 1522 2336 1555 iudiciis

1377 1576 1417 1596 ex
1431 1570 1541 1596 nostro
1559 1576 1655 1597 sensu
1677 1566 1759 1597 ferre
1777 1564 1993 1596 seutentiam?
2017 1564 2085 1596 Nae
2098 1564 2160 1595 Dei
2179 1565 2335 1606 sapientia

1378 1612 1426 1640 est
1456 1607 1680 1639 immutabilis:
1716 1606 1982 1648 quemadmodum
2013 1612 2045 1638 et
2071 1607 2203 1639 immota
2233 1608 2334 1648 ipsius

1378 1651 1508 1688 veritas,
1538 1651 1641 1682 virtus
1669 1655 1701 1681 et
1729 1649 1866 1681 iustitia:
1898 1660 1979 1690 quae
2007 1650 2114 1680 omnia
2144 1655 2221 1681 sunt·
2244 1650 2335 1683 nobis

1376 1693 1727 1734 incomprehensibilia:
1747 1693 1816 1733 quis
1838 1703 1914 1733 ergo
1927 1692 2014 1724 furor
2035 1697 2118 1724 esset
2137 1692 2176 1724 ad
2189 1699 2334 1725 nostrum

1377 1741 1507 1777 captum
1531 1741 1562 1766 et
1592 1746 1775 1767 mensuram
1801 1735 1855 1766 illa
1878 1734 1960 1766 velle
1984 1734 2137 1776 exigere?
2183 1735 2334 1768 Profecto

1378 1789 1444 1810 non
1465 1789 1556 1810 secus
1580 1779 1703 1810 faciunt
1724 1776 1907 1809 istiusmodi
1931 1777 2087 1816 homiues,
2117 1788 2214 1818 quam
2245 1779 2271 1810 si
2300 1789 2335 1810 00

1378 1821 1487 1853 lunam
1510 1821 1659 1853 dentibus
1681 1820 1764 1852 velle
1787 1820 2027 1861 apprehendere
2055 1820 2220 1858 iactarem,
2251 1820 2334 1862 quod

1378 1874 1522 1896 summae
1547 1869 1631 1896 esset
1653 1864 1796 1895 insaniae
1815 1863 2044 1895 testimouium.
2080 1862 2230 1902 Quantus
2247 1864 2334 1896 enim

1378 1908 1468 1938 furor
1498 1912 1581 1938 esset
1611 1906 1710 1938 solem
1741 1906 1845 1946 ipsum
1882 1906 1964 1937 velle
1996 1905 2092 1946 pallio
2126 1906 2174 1937 vel
2208 1906 2334 1938 manica

1352 1946 1353 1953 ¹
1378 1948 1671 1990 comprehendere?
1716 1948 1815 1989 Atqui
1838 1948 1943 1980 Deum
1975 1949 2041 1980 suis
2065 1947 2211 1980 sensibus
2233 1949 2334 1981 subii-

1378 1993 1508 2030 cieutes,
1538 1997 1570 2023 ct
1598 1992 1667 2023 eius
1696 1992 1780 2024 facta
1813 1990 1853 2022 ad
1883 1991 1932 2022 sui
1962 1997 2076 2032 captus
2098 2001 2244 2022 normam
2265 1992 2333 2023 exi-

1378 2040 1499 2076 gentes,
1530 2045 1595 2066 non
1623 2034 1708 2066 aliud
1739 2034 1860 2066 faciunt
1889 2044 1986 2074 quam
2015 2034 2041 2065 si
2064 2038 2189 2065 montes
2211 2043 2333 2071 omnes,

1379 2078 1564 2118 coelumque
1577 2088 1613 2109 00
1625 2082 1743 2109 terram
1763 2077 1865 2117 ipsam
1884 2087 1982 2108 mauu
1995 2086 2052 2108 sua
2064 2075 2334 2116 comprehendere

1379 2126 1584 2152 conarentur.
1629 2119 1725 2159 Quod
1747 2120 1775 2151 si
1798 2119 1870 2160 quis
1894 2118 2109 2160 aggrediatur,
2135 2128 2244 2150 aunon
2268 2129 2334 2151 me-

1352 2166 1354 2192 ]
1380 2164 1441 2194 rito
1465 2163 1603 2195 furiosus
1625 2168 1658 2194 et
1680 2163 1812 2194 insanus
1836 2161 2028 2194 habebitur?
2056 2160 2273 2201 Quamobrem
2295 2171 2333 2194 eo

1379 2206 1498 2237 maiore
1521 2205 1627 2236 studio
1657 2205 1855 2242 enitendum,
1886 2209 1922 2236 ut
1951 2205 2036 2235 iutra
2064 2203 2239 2235 modestiae
2272 2209 2333 2236 ter-

1353 2281 1354 2284 ,
1380 2249 1484 2279 minos
1507 2249 1745 2280 contineamur:
1770 2252 1806 2279 ut
1829 2258 1901 2278 cum
1926 2247 2014 2278 omni
2036 2246 2207 2278 sobrietate
2230 2251 2263 2278 et
2284 2257 2333 2278 re-

1353 2326 1355 2335 1
1380 2292 1524 2322 verentia
1554 2291 1613 2322 Dei
1649 2290 1765 2322 iudicia
1794 2300 1876 2330 quae
1904 2289 1998 2329 louge
2029 2295 2174 2320 nostrum
2203 2293 2333 2330 captum

1352 2338 1354 2366 J
1379 2338 1533 2373 superant
1555 2333 1725 2365 adoremus
1748 2338 1779 2364 01
1802 2342 2002 2364 veneremur.
2037 2331 2160 2363 Verum
2184 2333 2333 2372 quoniam

1353 2379 1354 2392 ¹
1380 2377 1552 2416 importuni
1575 2375 1702 2416 quidam
1728 2375 1874 2407 homines
1903 2374 2057 2406 diabolica
2085 2374 2222 2415 quadam
2246 2385 2333 2406 arro-

1379 2419 1489 2459 gantia
1513 2417 1666 2450 adversus
1690 2418 1795 2450 Deum
1819 2419 2002 2458 insurgunt,
2031 2421 2064 2448 et
2093 2417 2192 2449 veluti
2215 2427 2334 2449 cornua

1353 2475 1355 2486 ι
1380 2461 1507 2499 tollunt,
1530 2461 1666 2502 agedum
1690 2466 1727 2492 ut
1749 2471 1784 2492 os
1806 2460 1869 2492 illis
1891 2459 2076 2491 occludatur
2095 2465 2126 2491 et
2145 2460 2240 2500 plane
2258 2470 2332 2492 con-

1381 2504 1566 2542 tundantur,
1579 2503 1689 2535 divina
1701 2505 1762 2536 ista
1780 2502 1895 2534 iudicia
1913 2512 1952 2532 ex
1972 2502 2109 2543 quadam
2123 2502 2333 2534 similitudine

1353 2545 1355 2588 ξ
1379 2545 1417 2576 ab
1442 2546 1622 2578 hominibus
1645 2546 1739 2578 ducta
1762 2544 1988 2586 expendamus.
2013 2544 2049 2577 Si
2072 2545 2143 2585 quis
2166 2549 2332 2577 nocentem

1354 2595 1355 2610 ¹
1382 2588 1540 2620 hominem
1575 2589 1663 2622 caedi
1687 2595 1794 2620 tamen
1814 2587 1902 2625 nolit,
1927 2598 2029 2628 neque
2047 2587 2086 2619 ad
2106 2593 2239 2619 mortem
2254 2587 2332 2627 rapi,

1353 2628 1355 2651 ¹
1381 2630 1504 2663 etiamsi
1518 2642 1535 2662 a
1555 2632 1658 2664 iudice
1677 2632 1717 2664 011
1736 2631 1864 2672 capitali
1883 2630 2040 2671 supplicio
2060 2629 2213 2668 addictus,
2226 2639 2331 2662 noune
