2551 3044
195 205 255 236 309

193 298 432 331 exhortationes
455 298 660 338 applicemus.
705 295 814 334 Quare
844 295 870 326 si
900 304 954 326 606
984 305 1001 325 a
1031 294 1144 334 quibus

193 341 313 373 nullam
344 341 491 371 iniuriam
523 340 605 379 passi
635 348 754 372 sumus,
787 337 941 368 violentia
965 343 996 368 et
1019 337 1146 368 iniuriis

194 384 378 421 afficiamus,
413 388 533 414 certum
564 387 612 413 est
642 380 763 411 malitia
794 379 1004 411 inexcusabili
1037 389 1144 419 pecca—

195 435 294 459 turos.
327 425 397 457 Etsi
419 435 483 456 non
507 425 606 455 simus
630 423 668 454 ab
692 423 777 453 omni
802 423 896 462 culpa
921 422 1021 461 vacui,
1046 432 1145 461 quum

193 469 313 510 species
343 468 448 507 aliqua
470 467 605 497 iniuriae
625 465 714 496 nobis
738 465 840 496 factae
864 465 1064 496 ulciscendae
1089 474 1142 504 ap-

193 511 330 553 parebit:
364 509 620 550 quandoquidem
651 518 705 538 eos
734 508 787 547 qui
821 507 886 538 vim
917 507 949 537 vi
981 507 1144 546 repellere,

193 554 374 593 malumque
397 551 479 582 malo
502 561 707 590 compensare
730 550 919 587 studuerint,
952 549 1041 580 Deus
1069 549 1143 580 olim

193 597 318 629 ulturus
341 598 396 626 est.
428 593 619 633 Quanquam
644 604 681 624 60
702 592 921 632 impudentiae
944 591 1144 623 devenerunt

191 639 342 680 papistae,
379 641 414 667 ut
449 636 612 667 docuerint
646 646 712 667 rem
748 635 881 666 arduam
916 641 947 666 et
981 635 1143 665 difficilem

190 691 258 713 esse
286 679 476 711 iniuriarum
506 678 659 715 oblivisci,
690 682 722 708 et
744 678 883 709 inimicis
906 678 1025 708 nostris
1050 677 1142 708 bene-

190 725 300 760 facere,
334 732 369 753 ac
402 720 533 761 proinde
567 720 818 752 admonitionem
852 720 942 751 illam
971 720 1142 751 consilium

190 777 257 798 esse
280 765 319 796 ad
342 763 567 805 perfectionem
591 762 839 803 adipiscendam,
869 773 934 794 000
959 767 1064 794 autem
1089 773 1143 793 ex-

187 818 332 850 pressum
366 806 551 838 mandatum
587 805 747 836 divinum:
790 805 836 836 sic
877 805 944 836 ausi
987 805 1142 836 adversus

187 852 293 883 Deum
328 849 558 889 blasphemare.
614 848 683 880 Nae
724 847 904 879 istiusmodi
946 847 1071 879 cavillis
1111 852 1142 878 et

185 894 312 934 effugiis
335 892 419 923 haud
443 891 640 922 iuvabuntur
662 901 768 922 coram
793 891 880 922 Deo:
904 891 958 930 qui
978 901 1034 921 nos
1054 890 1142 921 iubet

186 938 355 969 adversum
380 934 544 974 nosipsos
573 944 736 974 pugnare:
769 938 801 964 et
829 944 926 973 quum
959 933 1076 964 luctam
1108 933 1141 964 in

187 979 277 1011 nobis
310 977 512 1013 senserimus,
550 982 581 1007 et
609 977 858 1017 repugnantiam
893 976 1050 1007 adversus
1078 975 1141 1007 Dei

187 1021 346 1058 mandata,
377 1020 481 1059 ipsum
509 1019 658 1050 invocare
689 1023 725 1050 ut
753 1030 864 1050 omnes
894 1018 1079 1049 inimicitias
1110 1023 1142 1049 et

186 1065 358 1096 vindictam
378 1073 413 1094 ac
436 1061 608 1093 ulciscendi
632 1062 809 1102 appetitum
829 1072 869 1092 ex
889 1061 1004 1092 animis
1025 1061 1141 1092 nostris

185 1107 308 1147 eripiat,
339 1110 370 1136 et
398 1104 546 1145 spiritum
576 1104 716 1136 lenitatis
747 1109 778 1135 et
807 1103 1062 1135 mansuetudinis
1092 1104 1139 1134 in-

185 1149 306 1182 fundat.
331 1147 395 1180 Sed
417 1148 450 1178 in
470 1147 582 1187 primis
601 1147 627 1178 si
646 1147 870 1178 innocentibus
889 1146 1024 1178 nocendi
1043 1157 1139 1186 quae-

186 1193 257 1224 dam
281 1191 422 1223 animum
452 1194 597 1221 nostrum
623 1190 827 1230 occupaverit
849 1189 1018 1229 cupiditas,
1044 1190 1138 1220 istam

185 1234 365 1266 doctrinam
387 1233 421 1263 in
444 1233 632 1263 memoriam
656 1242 861 1264 revocemus:
886 1237 918 1263 et
941 1233 979 1263 de
1000 1232 1138 1271 acceptis

184 1277 343 1309 beneficiis
367 1286 428 1306 nou
449 1280 577 1306 tantum
596 1276 732 1316 gratiam
757 1275 943 1313 habeamus,
966 1275 1020 1306 sed
1040 1276 1136 1306 etiam

182 1321 364 1352 referamus.
409 1318 492 1349 Nam
522 1318 755 1358 ingratitudine
778 1318 903 1349 nullum
927 1317 1011 1358 apud
1034 1318 1137 1348 homi-

182 1374 238 1394 nes
263 1362 376 1393 vitium
399 1361 502 1401 magis
526 1360 767 1392 detestandum:
792 1361 830 1391 de
853 1371 915 1400 qua
937 1361 997 1400 ipsi
1017 1360 1137 1392 ethnici

182 1406 268 1446 leges
291 1414 408 1445 ponere
431 1413 495 1434 non
519 1414 587 1434 6666
611 1403 764 1434 dixerunt
788 1414 927 1441 necesse,
951 1403 1034 1443 quod
1059 1404 1136 1434 satis

181 1459 198 1479 a
221 1452 336 1479 natura
359 1446 501 1478 omnium
526 1445 686 1477 mentibus
709 1446 906 1486 insculptum
926 1446 976 1485 sit,
1001 1446 1135 1485 gratiam

179 1501 236 1531 pro
268 1490 404 1529 acceptis
434 1488 595 1520 beneficiis
624 1489 833 1526 referendam,
865 1494 897 1519 et
920 1500 1013 1520 nemo
1038 1489 1136 1528 possit

179 1533 278 1565 ullam
300 1531 516 1572 ignorantiam
534 1537 737 1572 praetexere:
762 1543 798 1563 66
817 1532 951 1571 proinde
972 1542 1037 1562 non
1056 1542 1135 1572 opus

181 1577 223 1607 sit
255 1575 379 1616 legibus
413 1574 486 1605 ullis
518 1578 575 1605 aut
609 1574 884 1606 adhortationibus
917 1574 1062 1606 homines
1096 1574 1135 1605 ad

182 1619 319 1650 officium
353 1627 473 1658 cogere.
525 1616 743 1648 Nihilominus
777 1622 886 1648 tamen
918 1617 1054 1648 nimium
1089 1624 1135 1648 est

182 1661 314 1702 vulgare
333 1660 417 1691 istud
437 1660 680 1700 ingratitudinis
700 1660 824 1697 vitium,
849 1665 880 1691 et
898 1660 1034 1690 nimium
1054 1660 1135 1692 altas

180 1704 246 1744 egit
275 1705 308 1734 in
338 1702 457 1734 nostris
490 1702 606 1734 animis
640 1702 771 1739 radices,
807 1702 906 1734 donec
936 1702 1015 1733 illud
1043 1702 1134 1734 Deus

180 1746 330 1777 radicitus
353 1745 547 1784 exstirparit,
571 1750 602 1776 et
626 1745 665 1776 ab
689 1756 725 1776 eo
748 1746 938 1785 repurgarit.
971 1745 1134 1784 Quamob-

181 1799 249 1820 rem
265 1799 319 1820 ore
342 1787 514 1819 Ionathani
537 1788 694 1827 prolatam
725 1789 916 1820 sententiam
949 1789 1034 1828 agite
1063 1789 1134 1819 dili-

181 1836 293 1872 genter
315 1831 520 1861 meditemur:
545 1841 580 1862 ac
603 1831 629 1862 si
653 1841 705 1862 eos
728 1831 844 1870 quibus
868 1831 966 1862 nullis
990 1831 1134 1863 benefac-

181 1875 220 1906 tis
244 1873 384 1905 devincti
407 1883 528 1911 sumus,
560 1878 668 1904 tamen
692 1873 826 1914 diligere
850 1879 1009 1913 tenemur,
1033 1874 1135 1906 multo

181 1917 282 1957 magis
312 1926 365 1947 eos
394 1916 447 1956 qui
470 1926 529 1947 nos
551 1916 611 1947 sibi
635 1916 746 1947 multis
771 1916 932 1947 beneficiis
955 1917 1134 1948 obstrinxe-

180 1964 255 1990 runt
277 1958 429 1990 amandos
453 1968 522 1990 esse
551 1959 809 1990 meminerimus:
842 1959 1028 1999 nullamque
1058 1960 1135 2000 ipsis

180 2001 218 2033 de
240 2002 329 2033 nobis
348 2001 562 2042 conquerendi
585 2002 781 2033 occasionem
802 2002 1021 2042 praebeamus,
1046 2003 1134 2042 quasi

180 2044 293 2075 leviter
326 2044 394 2085 ipsa
417 2054 494 2084 erga
516 2055 574 2075 nos
601 2044 767 2076 benefacta
796 2045 1068 2084 praeterierimus,
1102 2051 1134 2076 et

180 2087 306 2127 ingrato
326 2087 432 2118 animo
463 2087 710 2127 neglexerimus.
756 2087 795 2118 In
819 2088 931 2127 primis
954 2088 1052 2128 igitur
1075 2087 1133 2119 hoc

180 2129 372 2170 principium
403 2130 498 2161 altius
530 2130 692 2162 mentibus
716 2130 834 2161 nestris
865 2130 1046 2170 infigamus,
1075 2141 1133 2162 nos

181 2171 206 2203 si
230 2182 305 2212 erga
328 2172 471 2203 homines
494 2173 613 2213 ingrati
637 2173 801 2211 fuerimus,
830 2172 893 2203 illis
916 2173 991 2204 licet
1014 2174 1134 2213 pacatis

185 2218 215 2245 et
237 2214 423 2254 tranquillis,
454 2221 485 2246 et
507 2215 662 2247 ultionem
687 2227 749 2247 non
772 2215 1000 2255 repetentibus,
1029 2220 1061 2247 et
1082 2216 1134 2247 be-

185 2255 329 2287 nefacere
351 2257 440 2288 nobis
459 2268 522 2289 non
542 2257 769 2295 desinentibus,
795 2259 862 2289 Deo
882 2259 1038 2290 rationem
1058 2260 1133 2290 olim

185 2297 373 2336 reddituros,
407 2299 577 2331 adversum
608 2311 700 2341 quem
735 2301 854 2332 bellum
884 2302 1073 2341 suscipimus
1104 2306 1135 2333 et

186 2341 403 2380 praevalidum
426 2342 643 2374 adversarium
669 2344 809 2375 habituri
833 2354 953 2381 sumus,
978 2355 1076 2384 quum
1100 2345 1134 2375 in

187 2383 285 2422 ipsius
323 2388 483 2416 creaturas
523 2386 665 2418 iniuriosi
708 2397 835 2418 sumus:
876 2386 1134 2427 quandoquidem

185 2435 392 2465 quaecunque
414 2426 495 2458 dona
517 2430 712 2468 proveniunt
739 2429 778 2460 ab
802 2429 994 2467 homiuibus,
1025 2440 1043 2460 a
1066 2430 1135 2461 Deo

186 2469 323 2507 primum
347 2476 543 2501 emanarunt.
568 2471 675 2510 Quare
698 2472 724 2503 si
747 2472 817 2512 quis
841 2473 872 2502 in
893 2473 987 2504 rebus
1006 2473 1136 2504 incertis

186 2516 217 2540 et
240 2509 436 2542 difficillimis
458 2522 547 2551 opem
577 2515 652 2545 tulit
675 2519 707 2546 et
730 2515 862 2549 adiuvit,
893 2514 955 2546 Dei
978 2525 1135 2555 organum

186 2558 217 2582 et
240 2553 419 2583 ministrum
443 2554 546 2593 ipsum
569 2567 788 2597 agnoscamus,
812 2562 844 2588 et
862 2557 1050 2590 beneficium
1074 2558 1136 2598 ipsi

187 2599 353 2634 acceptum
376 2595 528 2627 feramus:
559 2604 590 2629 et
612 2606 723 2631 contra
750 2601 776 2631 si
807 2610 883 2640 erga
907 2601 1064 2632 beneficos
1086 2601 1135 2631 in-

187 2637 268 2677 grati
299 2637 462 2676 fuerimus,
493 2639 595 2671 Deum
626 2643 728 2681 ipsum
761 2648 869 2674 nostra
898 2644 1134 2683 ingratitudine

863 202 906 232 IN
931 202 954 232 Ι.
983 202 1066 232 LIB.
1092 202 1289 234 SAMUEL.
1313 204 1408 235 CAP.
1434 205 1526 235 XIX.

2095 207 2157 236 310

1198 297 1314 327 offendi
1340 307 1400 327 non
1426 297 1619 336 ignoremus.
1656 298 1744 330 Haec
1768 310 1844 330 sane
1869 300 2040 340 diligenter
2064 301 2155 333 nobis

1199 339 1380 370 meditanda
1412 344 1497 377 sunt,
1532 344 1563 370 et
1593 341 1765 372 tenendum
1797 343 1890 373 ctiam
1922 343 2038 374 bonum
2069 345 2153 375 malo

1197 388 1450 421 compensantes,
1482 382 1550 413 Deo
1582 383 1737 414 rationem
1768 385 1843 415 olim
1876 386 2064 423 reddituros,
2098 388 2152 427 qui

1197 434 1324 455 causam
1356 435 1464 455 eorum
1495 426 1655 465 suscipiet,
1690 433 1721 457 et
1751 431 1906 467 tanquam
1940 428 2044 460 laesae
2079 440 2154 462 suae

1197 467 1374 498 maiestatis
1407 477 1476 497 reos
1509 467 1610 505 faciet,
1640 469 1694 508 qui
1725 469 1809 500 ultro
1833 480 1910 510 erga
1934 471 2081 503 homines
2105 473 2153 504 in-

1196 511 1276 548 grati
1319 511 1423 549 ipsum
1449 510 1552 540 Deum
1577 521 1765 549 provocasse
1789 512 1992 545 videbuntur.
2038 514 2153 547 Caete-

1197 561 1267 581 rum
1288 552 1555 591 quemadmodum
1570 552 1742 585 Ionathani
1761 554 1864 587 fidelis
1884 555 2021 588 doctoris
2042 558 2153 589 audire

1197 599 1366 633 praecepta
1390 595 1551 633 debemus,
1581 596 1625 627 616
1648 606 1721 627 eum
1746 598 1842 628 etiam
1866 603 2019 639 tanquam
2043 611 2151 632 exem-

1195 636 1266 676 plar
1290 637 1378 677 sequi
1404 648 1460 676 par
1483 642 1539 676 est,
1572 638 1604 667 in
1628 639 1798 676 arguendis
1822 645 1853 671 et
1876 641 2151 681 reprehendendis

1196 689 1274 718 0006
1298 680 1337 710 6(1
1361 679 1479 710 malum
1511 680 1586 710 ferri
1612 681 1756 713 videmus
1776 683 1975 723 praecipites,
2008 690 2042 715 ut
2065 686 2153 717 furor

1195 722 1338 760 ipsorum
1362 722 1548 760 retineatur,
1578 723 1660 762 quod
1684 724 1817 764 quisque
1847 736 1904 765 pro
1928 737 1986 757 sua
2010 728 2095 759 virili
2120 738 2148 759 ct

1195 764 1369 795 secundum
1398 765 1578 795 occasiones
1609 776 1688 805 quae
1718 777 1736 797 a
1760 767 1828 798 Deo
1855 768 2034 800 offeruntur
2057 770 2151 802 debet

1195 807 1329 837 efficere.
1375 806 1592 845 Quamobrem
1617 807 1788 848 diligenter
1810 811 2040 843 attendendum
2065 815 2148 853 quod

1195 849 1316 880 Paulus
1347 849 1508 887 admonet,
1543 860 1582 880 ne
1610 851 1760 889 invidiae,
1790 852 1881 891 odiis,
1913 854 2088 886 inimicitiis
2119 862 2149 888 et

1195 892 1266 922 aliis
1294 891 1473 923 istiusmodi
1505 892 1591 924 vitiis
1622 895 1869 934 consentiamus,
1904 896 1957 927 sed
1988 898 2083 929 etiam
2116 905 2150 930 ut

1195 944 1291 974 opera
1321 935 1497 966 iniustitiae
1526 935 1772 976 redarguamus:
1803 948 1883 977 quae
1913 938 2060 972 doctrina
2083 952 2147 972 non

1195 978 1288 1008 unius
1319 982 1375 1008 aut
1405 977 1537 1008 alterius
1568 982 1692 1009 tantum
1724 979 1827 1010 fidelis
1856 983 1984 1021 propria
2008 989 2065 1020 est,
2093 985 2147 1015 sed

1193 1020 1340 1051 omnibus
1370 1021 1557 1051 communis.
1603 1020 1711 1059 Quare
1741 1023 1766 1052 61
1798 1024 1901 1054 officio
1932 1032 2040 1056 nostro
2073 1037 2148 1067 erga

1193 1062 1299 1094 Deum
1334 1063 1463 1101 defungi
1499 1063 1653 1101 volumus,
1688 1074 1785 1103 quum
1817 1066 1982 1099 fraudibus
2012 1068 2148 1109 aliquem

1193 1106 1426 1142 circumveniri,
1456 1116 1555 1145 quum
1583 1106 1787 1145 proditiones,
1819 1119 1916 1148 quum
1941 1111 2095 1142 saevitiae
2118 1120 2148 1143 et

1192 1147 1390 1179 crudelitatis
1421 1148 1513 1188 signa
1544 1148 1660 1187 quibus
1684 1149 1799 1189 aliquis
1824 1155 1950 1190 petatur
1973 1163 2146 1194 conspexe-

1191 1191 1303 1229 rimus,
1334 1195 1481 1221 nostrum
1512 1198 1560 1222 est
1594 1202 1650 1231 pro
1681 1192 1765 1222 virili
1796 1193 1976 1225 istiusmodi
2005 1197 2146 1228 consiliis

1191 1234 1348 1271 resistere,
1372 1243 1475 1273 neque
1495 1239 1619 1264 tantum
1642 1235 1793 1273 privatim
1812 1236 1992 1272 admonere.
2016 1239 2071 1269 sed
2092 1250 2147 1279 pa-

1191 1277 1255 1307 lam
1279 1286 1414 1317 arguere
1437 1282 1612 1316 peccantes,
1637 1282 1668 1308 et
1688 1282 1840 1317 tanquam
1859 1279 1939 1310 fidos
1959 1280 2019 1310 Dei
2041 1288 2148 1321 patro-

1190 1329 1249 1350 nos
1272 1319 1321 1350 ius
1344 1324 1375 1349 et
1398 1329 1534 1359 aequum
1559 1320 1640 1350 tueri
1661 1324 1692 1350 et
1715 1319 1892 1352 defendere.
1915 1322 1998 1353 Nam
2022 1329 2146 1355 certum

1191 1366 1239 1392 est
1270 1372 1328 1392 nos
1357 1362 1383 1393 si
1414 1362 1540 1393 silentio
1571 1372 1698 1393 causam
1731 1363 1949 1395 innocentium
1973 1366 2148 1405 prodideri-

1191 1415 1272 1441 mus,
1303 1408 1335 1435 et
1364 1404 1390 1435 si
1421 1415 1519 1443 quum
1550 1405 1637 1435 Deus
1669 1405 1791 1436 dederit
1823 1407 2006 1438 facultatem
2038 1410 2147 1449 pravis

1191 1447 1332 1478 consiliis
1362 1451 1393 1478 et
1424 1447 1594 1478 violentiae
1624 1447 1841 1487 improborum
1873 1450 2051 1489 resistendi,
2083 1463 2145 1483 non

1189 1490 1359 1522 fecerimus
1390 1500 1447 1529 pro
1471 1494 1580 1521 nostra
1604 1490 1698 1529 virili,
1730 1501 1786 1521 nos
1810 1492 1841 1522 in
1873 1503 2005 1525 numero
2029 1495 2146 1535 impro-

1190 1532 1303 1563 borum
1327 1543 1345 1563 a
1369 1532 1510 1563 Domino
1534 1532 1704 1571 habendos,
1736 1534 1923 1574 nullumque
1946 1538 2144 1568 excusationi

1188 1575 1292 1607 locum
1317 1575 1400 1615 apud
1421 1577 1525 1615 ipsum
1545 1576 1701 1613 futurum,
1724 1577 1892 1615 quominus
1913 1578 1996 1609 malo
2015 1590 2147 1611 consen-

1189 1619 1268 1650 sisse
1291 1618 1478 1649 iudieemur.
1526 1620 1633 1658 Atque
1656 1618 1738 1650 hanc
1761 1619 1799 1650 ob
1823 1630 1950 1650 causam
1974 1621 2048 1652 olim
2073 1633 2145 1662 pro-

1189 1661 1285 1700 pheta
1316 1661 1470 1691 Ieremias
1505 1661 1768 1700 conquerebatur,
1803 1673 1933 1693 suorum
1967 1671 2145 1704 temporum

1187 1703 1401 1744 corruptelam
1425 1703 1602 1743 deplorans,
1627 1703 1751 1734 nullum
1776 1705 1907 1744 reperiri
1927 1707 1980 1745 qui
2000 1708 2145 1739 veritatis

1187 1757 1316 1778 causam
1347 1747 1532 1786 susciperet,
1563 1756 1674 1777 omnes
1697 1747 1836 1786 caligare
1864 1748 1962 1779 oculis
1986 1755 2017 1780 et
2040 1755 2145 1782 mutos

1188 1800 1265 1820 esse.
1313 1789 1439 1828 Quibus
1462 1789 1567 1819 verbis
1591 1788 1681 1820 docet
1704 1789 1895 1821 intolerabili
1919 1791 2049 1831 ignavia
2072 1803 2144 1832 pec-

1188 1842 1259 1863 care
1288 1842 1340 1863 eos
1363 1832 1416 1871 qui
1448 1842 1545 1871 quum
1570 1831 1708 1862 habeant
1731 1832 1884 1872 improbis
1908 1834 2078 1865 resistendi
2102 1836 2145 1866 fa-

1187 1875 1337 1906 cultatem
1362 1879 1393 1905 et
1422 1875 1628 1914 occasionem,
1661 1874 1864 1906 dissimulant
1887 1880 1993 1907 tamen
2019 1882 2050 1908 et
2072 1889 2144 1910 ocu-

1187 1918 1234 1949 los
1246 1921 1400 1948 avertunt
1419 1927 1574 1957 auresque
1597 1917 1756 1955 obturant,
1779 1928 1819 1948 ne
1843 1918 1962 1949 vidisse
1981 1919 2033 1950 vel
2058 1920 2146 1951 audi-

1187 1961 1271 1991 visse
1295 1961 1475 1990 videantur.

1272 2002 1442 2034 Caeterum
1477 2002 1596 2042 aliquid
1631 2003 1769 2042 amplius
1798 2003 1830 2033 in
1858 2004 1940 2034 facto
1971 2004 2144 2036 Ionathani

1186 2050 1234 2077 est
1264 2045 1509 2076 observandum.
1557 2045 1638 2075 Nam
1671 2046 1770 2084 patris
1800 2055 1952 2077 accusans
1975 2047 2143 2088 malitiam,

1187 2088 1354 2120 videbatur
1384 2088 1480 2119 etiam
1511 2089 1614 2128 ipsum
1644 2088 1682 2118 ad
1711 2088 1790 2118 iram
1815 2098 1997 2128 provocare,
2029 2095 2060 2120 et
2084 2090 2143 2123 hae

1186 2132 1311 2162 ratione
1345 2140 1408 2161 non
1443 2131 1537 2161 modo
1571 2141 1635 2161 non
1670 2130 1836 2161 consulere
1870 2130 2007 2162 Davidis
2036 2133 2142 2170 saluti,

1187 2174 1243 2205 sed
1267 2184 1335 2205 sese
1364 2173 1396 2203 in
1427 2178 1571 2213 apertum
1595 2173 1769 2212 periculum
1794 2173 1958 2210 coniicere.
2006 2174 2142 2206 Verum-

1186 2223 1294 2248 tamen
1316 2216 1378 2247 ista
1390 2216 1605 2247 Ionathanum
1630 2226 1692 2246 non
1713 2215 1951 2254 impediverunt
1970 2218 2141 2257 quominus

1187 2260 1367 2290 innocentis
1380 2263 1411 2289 et
1424 2259 1499 2289 iusti
1512 2258 1653 2289 hominis
1666 2269 1792 2289 causam
1808 2258 1907 2289 libere
1919 2259 2004 2298 apud
2018 2266 2141 2299 patrem

1189 2306 1307 2342 ageret.
1330 2302 1372 2332 Et
1390 2302 1448 2332 hoc
1465 2301 1652 2331 imitarinos
1665 2306 1803 2340 oportet:
1824 2311 1859 2332 ac
1873 2302 2006 2340 proinde
2020 2303 2092 2334 licet
2105 2305 2143 2334 ab

1186 2345 1289 2376 officio
1313 2344 1413 2375 multa
1437 2355 1494 2375 nos
1513 2344 1673 2374 deterrere
1696 2348 1840 2383 possunt,
1863 2349 1939 2383 puta
1962 2350 2066 2376 metus
2088 2352 2143 2377 aut

1187 2387 1318 2428 periculi
1347 2387 1553 2424 imminentis,
1587 2392 1641 2417 aut
1665 2386 1851 2417 offensionis
1874 2397 1983 2417 eorum
2008 2388 2061 2427 qui
2086 2398 2141 2419 au-

1187 2431 1314 2461 toritate
1337 2429 1513 2469 plurimum
1538 2429 1654 2464 valent,
1679 2428 1889 2460 nihilominus
1912 2434 2019 2460 tamen
2043 2431 2140 2462 alacri

1187 2473 1293 2503 animo
1316 2471 1513 2512 pergendum
1545 2472 1577 2501 in
1602 2471 1704 2502 officio
1727 2477 1783 2509 est,
1807 2476 1837 2502 et
1868 2472 1977 2511 procul
2008 2483 2026 2502 a
2049 2473 2141 2505 nobis

1187 2515 1366 2546 istiusmodi
1389 2514 1599 2553 cogitationes
1626 2513 1826 2551 reiieiendae,
1856 2514 1968 2553 quibus
1992 2515 2140 2554 prohibe-

1186 2568 1259 2588 mur
1281 2567 1408 2589 causam
1434 2557 1622 2587 miserorum
1646 2556 1830 2587 defendere:
1855 2556 1960 2588 Deum
1986 2568 2061 2589 vero
2084 2569 2140 2599 po-

1187 2602 1249 2631 tius
1279 2600 1361 2640 quod
1392 2599 1484 2630 officii
1510 2599 1607 2630 nostri
1637 2604 1742 2638 partes
1765 2601 1933 2639 requirunt
1956 2601 2139 2641 exigentem

1188 2643 1363 2679 audiamus,
1395 2652 1512 2681 nosque
1536 2642 1580 2672 illi
1605 2646 1686 2672 totos
1716 2642 1938 2680 permittamus
1962 2654 2023 2674 non
2047 2643 2141 2675 dubi-

1889 2693 1937 2718 20*
