2551 3044
117 213 178 244 477

119 306 271 338 videntur
301 305 334 337 in
358 305 429 335 illas
453 312 521 334 sese
545 302 582 333 de
606 300 766 332 industria
793 300 896 340 magis
919 309 954 330 ac
978 299 1081 339 magis

117 350 320 390 immergere,
333 348 421 379 velut
433 344 660 376 infasciculum
675 342 861 382 colligentes
873 351 1081 382 quaecunque

118 402 136 423 a
161 392 220 423 Dei
251 390 353 431 gratia
382 395 413 419 et
435 389 542 419 favore
576 390 709 426 possunt
731 385 816 425 ipsos
842 385 1015 421 abducere,
1050 388 1082 414 et

117 435 151 465 in
183 434 331 472 abyssum
357 430 506 462 tristitiae
530 427 716 465 detrudere,
751 432 787 458 ut
817 426 946 457 tandem
971 427 1003 457 in
1029 426 1081 457 de·
1108 455 1109 458 ,

117 476 333 517 sperationem
358 473 505 509 veniant;
535 475 567 502 et
590 470 714 501 nullum
739 469 878 509 amplius
902 469 1007 499 locum
1032 479 1080 499 re-

117 519 264 559 linquant
298 514 566 548 consolationibus
599 524 639 544 ex
671 513 837 552 evangelio
872 511 1081 551 depromptis,

116 571 218 601 neque
242 559 387 599 precibus
410 557 448 588 ad
473 556 580 587 Deum
604 555 800 596 confugiant.
832 554 945 594 Itaque
970 554 1080 594 despe-

115 603 248 634 rationis
282 601 366 641 pleni
401 599 504 631 solent
535 598 664 635 eiulari,
695 608 745 628 me
779 598 948 634 miserum,
983 608 1000 625 o
1031 607 1081 627 me

114 644 292 686 perditum,
321 654 339 674 o
369 653 420 673 me
443 652 461 672 a
484 641 555 672 Deo
579 642 742 672 reiectum.
789 639 853 671 Sed
881 650 960 679 quae
984 649 1082 669 causa

114 693 162 719 est
191 687 285 718 istius
309 684 559 726 perturbationis
583 688 614 714 et
637 682 885 722 desperationis,
910 682 972 712 nisi
996 681 1080 721 quod

114 730 244 770 ipsimet
273 739 341 760 sese
365 728 397 758 in
421 727 551 767 laqueos
580 726 659 757 istos
682 726 767 756 ultro
791 724 968 756 inducunt?
1015 724 1081 754 Alii

113 783 191 804 vero
226 771 355 802 fanatici
378 770 542 807 homiues,
572 779 671 809 quum
695 768 818 808 aliquas
843 778 949 798 rerum
975 772 1079 797 muta-

113 815 218 846 tiones
238 814 391 851 sentiunt,
410 817 563 852 tanquam
582 811 769 851 prophetico
782 810 843 840 Dei
857 810 972 850 spiritu
985 809 1080 849 pleni,

113 858 220 889 nescio
249 867 329 896 quae
358 855 417 886 sibi
448 854 573 886 somnia
595 855 741 894 fingunt,
771 854 886 892 quibus
918 853 1020 892 magis
1044 862 1079 883 ac

113 900 216 941 magis
252 899 476 938 implicantur,
515 897 590 928 olim
620 907 637 927 a
668 896 737 927 Deo
768 897 916 926 meritam
947 905 1078 925 suorum

112 943 268 975 factorum
303 941 482 971 mercedem
514 939 682 979 recepturi.
730 939 890 970 Davidem
922 948 997 969 vero
1033 938 1079 968 vi-

113 986 224 1017 demus
254 984 288 1015 in
318 983 381 1015 illis
404 984 470 1014 suis
501 981 736 1013 calamitatibus
759 992 777 1012 a
800 981 922 1021 gratiae
946 980 1008 1010 Dei
1032 990 1080 1011 co-

111 1027 266 1070 gitatione
294 1037 357 1057 non
383 1025 566 1057 recessisse:
599 1036 702 1064 neque
734 1035 791 1055 sua
823 1023 906 1054 mala
930 1023 1079 1063 graviora

111 1071 239 1107 fecisse,
270 1079 372 1108 neque
395 1069 455 1100 sibi
479 1067 518 1099 ad
542 1067 605 1097 Dei
629 1069 765 1108 gratiam
790 1066 939 1106 precibus
962 1066 1078 1097 solliei-

113 1112 244 1145 tandam
268 1111 390 1143 aditum
422 1110 649 1151 praeclusisse,
679 1110 733 1141 scd
758 1110 797 1140 ad
822 1109 928 1139 Deum
953 1119 1080 1148 semper

112 1155 338 1188 assurrexisse.
370 1154 482 1194 Neque
501 1163 577 1184 vero
596 1163 673 1183 saue
693 1153 871 1183 humanum
890 1162 968 1192 opus
992 1151 1078 1182 istud

111 1199 209 1230 fuisse
239 1196 408 1228 dicendum
432 1202 495 1233 est,
520 1195 575 1226 sed
600 1195 746 1226 divinum
773 1197 898 1234 potius,
920 1194 1078 1234 siquidem

111 1242 218 1273 Deum
242 1239 384 1280 oportuit
407 1245 518 1270 sancto
544 1249 600 1269 suo
625 1238 739 1278 spiritu
764 1238 925 1268 Davidem
956 1247 1078 1277 regere.

109 1284 345 1316 Verumtamen
385 1282 480 1313 etiam
516 1291 728 1321 agnoscamus
758 1281 865 1311 Deum
906 1291 972 1310 non
1010 1290 1078 1311 esse

110 1326 312 1366 tentandum,
337 1335 440 1364 neque
464 1325 601 1364 gratiam
626 1324 726 1363 ipsius
750 1330 861 1354 nostra
881 1322 1078 1363 negligentia

110 1368 338 1401 suffocandam.
384 1367 508 1399 Idcirco
543 1366 664 1397 Paulus
699 1366 808 1397 fideles
843 1365 1006 1402 hortatur,
1042 1370 1078 1396 ut

110 1412 245 1444 salutem
275 1421 367 1442 suam
399 1420 472 1441 eum
507 1409 621 1440 timore
656 1414 687 1439 et
721 1415 859 1440 tremore
892 1409 1077 1448 perficiant:

111 1454 195 1496 quod
223 1453 315 1484 Deus
345 1453 386 1484 sit
416 1453 448 1483 in
481 1451 580 1483 nobis.
627 1451 715 1491 Quid
748 1462 825 1482 vero
854 1451 956 1482 Paule
989 1451 1078 1489 dicis,

111 1501 258 1538 oportere
278 1495 388 1527 fideles
407 1495 544 1526 salutem
563 1505 654 1526 suam
675 1494 838 1534 perficere,
863 1493 945 1533 quod
966 1503 1079 1524 omnes

111 1540 267 1571 humanos
291 1538 378 1569 vires
402 1538 498 1578 longe
522 1537 677 1578 superat?
715 1539 759 1568 At
778 1548 840 1567 non
860 1537 919 1576 ipsi
941 1536 1078 1567 salutem

111 1588 252 1614 nostram
288 1581 441 1621 perficere
471 1580 637 1618 iubemur,
679 1579 734 1611 sed
769 1580 910 1611 officium
943 1579 1079 1619 quisque

111 1635 206 1658 suum
229 1625 342 1656 facere.
384 1624 467 1655 Nam
492 1629 523 1654 et
545 1623 614 1663 ipse
633 1622 755 1654 Paulus
779 1622 871 1653 docet
893 1622 1078 1662 superbiam

111 1667 286 1699 maximam
305 1671 338 1698 et
356 1666 575 1707 arrogantiam
600 1666 676 1706 fore,
701 1665 727 1696 si
752 1676 809 1696 nos
832 1666 917 1704 ipsos
941 1664 1079 1695 salutem

112 1715 255 1742 nostram
285 1710 388 1740 facere
411 1719 504 1749 posse
527 1708 741 1740 crederemus.
788 1707 875 1747 Quid
899 1708 944 1738 ita
975 1707 1077 1738 vero?

110 1753 234 1793 Nempe
253 1752 336 1792 quod
356 1762 374 1783 a
393 1752 484 1783 nobis
507 1752 584 1791 ipsis
607 1750 687 1782 nihil
711 1761 891 1791 possumus,
915 1749 971 1780 sed
991 1750 1079 1781 Deus

111 1796 219 1827 omnia.
240 1795 274 1826 in
309 1794 458 1825 omnibus
486 1794 571 1825 facit.
617 1793 833 1833 Quamobrem
865 1803 1079 1833 agnoscamus

111 1849 169 1869 nos
188 1848 205 1869 a
225 1837 315 1868 nobis
333 1837 410 1877 ipsis
430 1837 512 1868 nihil
532 1847 636 1877 posse,
659 1836 786 1876 quando
809 1836 939 1876 quidem
963 1842 1078 1866 natura

111 1891 224 1912 sumus
248 1880 287 1911 ad
311 1890 405 1911 omne
429 1880 547 1911 bonum
572 1880 689 1919 inepti:
720 1880 774 1910 sed
800 1879 907 1910 Deum
931 1878 964 1909 in
989 1878 1078 1909 nobis

111 1924 247 1964 operari,
283 1922 392 1962 Quare
412 1933 469 1953 nos
488 1923 548 1963 ipsi
568 1923 750 1962 offeramus⁷
773 1927 804 1952 et
826 1932 925 1962 quum
946 1921 1078 1961 propius

113 1966 245 2003 accedit,
270 1976 310 1996 ne
333 1965 372 1996 ab
395 1966 463 2005 ipso
487 1965 677 1996 resiliamus.

196 2009 370 2040 Caeterum
405 2008 456 2039 hie
489 2008 608 2039 iterum
641 2018 718 2048 erga
742 2006 903 2038 Davidem
935 2007 1079 2037 notanda

108 2050 312 2092 providentia
337 2051 456 2082 divina.
488 2050 572 2082 Nam
596 2049 734 2081 Davidis
758 2049 886 2089 quidem
910 2049 1077 2080 hominum

109 2094 260 2135 opinione
280 2094 449 2134 desperata
469 2094 555 2125 salus
577 2098 654 2130 erat,
679 2100 709 2123 et
729 2092 767 2124 de
785 2092 887 2132 ipsius
911 2092 980 2124 vita
1003 2102 1078 2123 eon-

111 2136 302 2179 clamatum:
325 2136 381 2167 sed
404 2136 497 2167 illum
516 2140 625 2167 tamen
643 2135 734 2167 Deus
758 2135 923 2166 variarum
948 2135 1077 2166 calami-

112 2183 214 2210 tatum
238 2179 380 2210 examini
397 2179 443 2210 ita
463 2178 606 2215 subiecit,
631 2183 666 2209 ut
688 2188 787 2208 manu
811 2189 869 2209 sua
892 2179 1077 2218 protexerit.

113 2221 209 2260 Nam,
244 2221 391 2259 obsecro,
425 2222 500 2262 quid
530 2221 677 2261 impediit
706 2221 878 2260 quominus
902 2221 934 2251 in
959 2219 1079 2259 Saulis,

113 2269 177 2295 tam
211 2274 382 2296 numeroso
418 2264 560 2296 exercitu
594 2263 761 2300 instructi,
802 2274 934 2294 manum
970 2262 1078 2294 David

113 2306 248 2344 veniret,
279 2317 373 2347 quem
403 2307 547 2338 sexcenti
571 2310 696 2338 tantum
727 2306 787 2337 viri
818 2306 1079 2338 comitabantur?

114 2348 201 2389 Quid
219 2349 304 2380 enim
320 2355 386 2380 tam
398 2350 493 2390 pauci
506 2349 660 2381 adversus
677 2353 800 2380 tantam
813 2348 1079 2379 multitudinem?

114 2391 202 2424 Sane
225 2391 332 2422 David
363 2393 461 2423 etiam
491 2392 609 2423 idcirco
637 2401 701 2422 non
724 2402 758 2422 se
781 2391 821 2422 ad
844 2391 1002 2431 praelium
1026 2401 1079 2431 ap—

115 2434 255 2475 paravit:
286 2434 340 2465 sed
370 2445 498 2466 omnem
528 2435 641 2466 salutis
662 2445 739 2466 suae
762 2444 852 2474 spem
882 2434 916 2464 in
939 2433 1082 2465 latibulis

117 2480 149 2508 et
177 2477 254 2517 fuga
282 2477 459 2509 constituit.
499 2477 606 2509 Deum
637 2477 736 2518 igitur
758 2487 857 2508 manu
880 2487 938 2508 sua
961 2477 1082 2507 texisse

117 2517 276 2550 Davidem
316 2525 465 2560 apparet,
507 2525 539 2551 et
579 2519 709 2552 Saulem
752 2529 960 2551 excaecasse:
999 2519 1082 2559 quod

71 2586 79 2593 .
118 2560 263 2601 pluribus
291 2561 368 2593 locis
388 2562 495 2595 David
525 2563 689 2603 agnoscit:
723 2562 909 2602 nullamque
940 2561 1002 2593 sibi
1032 2572 1082 2593 sa-

119 2603 198 2635 lutis
213 2614 302 2644 spem
320 2606 515 2645 superfuisse
530 2605 659 2642 fatetur,
679 2605 740 2637 nisi
757 2605 790 2635 in
810 2605 925 2636 umbra
939 2604 1083 2635 Domini.

120 2644 336 2685 Quamobrem
360 2657 508 2679 arcanam
526 2647 590 2678 Dei
609 2647 846 2688 providentiam
861 2647 1083 2686 suspiciamus,

753 208 799 238 IN
824 207 848 238 Ι.
874 206 961 237 Llss.
987 205 1186 237 SAMUEL.
1211 206 1308 236 OAP.
1336 206 1466 236 XXIII.

2039 203 2100 233 475

1136 309 1265 329 suorum
1291 300 1425 330 salutem
1451 299 1670 339 promoventis
1695 304 1724 329 et
1749 309 1805 338 pro
1829 298 1906 338 ipsis
1925 296 2100 337 vigilantis,

1135 342 1288 380 quauuliu
1309 342 1354 372 illi
1377 342 1426 372 vel
1441 343 1604 372 dormiunt
1628 342 1673 372 vel
1693 341 1853 372 incautius
1872 347 1982 380 agunt.
2007 339 2100 376 Nam,

1135 384 1273 423 exempli
1306 385 1426 424 gratia,
1466 384 1570 415 David
1606 384 1734 424 quidem
1773 383 1927 413 rationem
1961 382 2099 421 aliquam

1135 426 1292 456 evadendi
1312 434 1464 466 sequutus
1485 434 1542 465 est,
1566 438 1663 466 quum
1689 427 1805 458 dicitur
1829 426 1867 457 ab
1892 436 1956 455 uno
1981 425 2100 455 montis

1136 468 1234 499 latere
1266 470 1379 507 fuisse,
1414 470 1491 500 Saul
1528 476 1634 500 autem
1665 480 1736 500 eum
1772 468 1839 499 suis
1869 468 2025 498 militibus
2060 467 2099 497 ab

1135 511 1251 541 altero:
1283 512 1361 542 adeo
1393 518 1427 542 ut
1452 523 1577 551 semper
1601 513 1681 542 alter
1704 511 1795 542 alteri
1820 518 1901 541 esset
1926 510 2099 549 oppositus,

1135 560 1359 584 verumtamen
1374 565 1471 593 quum
1489 560 1554 584 tam
1571 566 1760 585 numerosus
1780 559 1863 584 esset
1881 553 1988 584 Saulis
2006 562 2099 583 exer-

1135 596 1234 634 eitus,
1265 598 1367 635 potuit
1400 603 1502 627 totum
1536 602 1674 627 montem
1705 596 1916 632 circumdare,
1951 595 2099 634 viamque

1135 638 1255 669 Davidi
1276 639 1491 678 praecludere,
1516 646 1546 669 ct
1566 640 1649 670 iutra
1670 639 1787 669 montis
1806 640 1913 669 fauces
1932 637 2097 668 claudere:

1134 692 1169 712 ac
1200 681 1334 721 proinde
1358 692 1419 711 non
1445 692 1502 712 sua
1527 683 1555 712 vi
1584 682 1738 711 Davidem
1763 681 1919 719 evasisse,
1948 680 2002 711 sed
2027 684 2098 710 tan-

1134 734 1228 763 quam
1252 735 1268 754 c
1292 724 1438 764 sepulcro
1462 724 1611 755 eductum
1637 726 1732 755 fuisse
1757 729 1890 763 apparet
1914 723 2010 753 unius
2034 722 2098 752 Dei

1134 766 1300 805 praesidio.
1348 766 1453 797 David
1485 767 1570 797 euim
1604 768 1633 797 iu
1665 767 1815 797 humanis
1846 766 1941 796 rebus
1970 764 2098 804 aliquod

1134 809 1327 848 praesidium
1353 820 1526 849 quaerens,
1557 809 1680 840 nullum
1709 808 1794 839 aliud
1820 808 2021 848 praesentius
2045 807 2099 837 lia-

1134 852 1202 882 buit
1233 862 1326 891 quam
1363 862 1431 882 sese
1463 852 1495 882 in
1527 852 1712 891 speluncam
1744 851 1878 888 abdere,
1907 857 1937 881 et
1969 850 2100 880 latebris

1106 900 1107 908 ¹
1133 894 1195 925 illis
1219 895 1316 925 vitam
1337 896 1428 932 tueri,
1453 894 1496 925 sic
1521 899 1627 925 tamen
1652 895 1739 933 quasi
1765 894 1913 924 vivorum
1938 892 2099 924 consortio

1132 937 1298 976 expulsus,
1321 937 1566 976 quemamodum
1591 947 1687 975 supra
1713 936 1866 974 vidimus,
1891 935 2098 975 quamobrem

1133 990 1231 1019 quum
1256 979 1346 1010 Deus
1379 980 1468 1010 illum
1501 990 1540 1010 ex
1566 980 1662 1010 tantis
1694 979 1843 1018 periculis
1873 978 2005 1018 eripuit,
2035 988 2098 1008 non

1133 1028 1259 1052 tantum
1283 1033 1300 1052 a
1325 1028 1436 1058 morte,
1462 1022 1516 1053 sed
1542 1033 1558 1052 a
1583 1022 1742 1053 sexcentis
1766 1021 1923 1052 mortibus
1942 1020 2098 1050 liberavit.

1133 1065 1175 1095 Et
1206 1065 1327 1104 species
1351 1065 1504 1104 quaedam
1536 1065 1780 1095 resurrectionis
1809 1064 1872 1094 fuit
1898 1063 2023 1094 eductio
2046 1062 2101 1092 illa

1133 1119 1174 1138 ex
1197 1108 1349 1147 spelunea
1374 1114 1523 1147 tanquam
1549 1119 1565 1137 e
1588 1107 1741 1146 sepulcro.
1768 1112 1798 1137 et
1822 1107 1907 1136 vitae
1927 1105 2098 1136 restitutio.

1132 1150 1180 1181 Ae
1204 1161 1281 1181 sane
1304 1150 1378 1189 quid
1403 1151 1527 1180 miseris
1552 1150 1611 1180 Dei
1635 1150 1710 1179 filiis
1734 1150 1839 1188 fieret,
1866 1148 1926 1179 nisi
1951 1148 2039 1178 Deus
2059 1147 2097 1177 il-

1132 1193 1234 1223 lorum
1253 1192 1482 1223 misereretur?
1507 1193 1574 1223 Nae
1590 1192 1731 1231 ipsorum
1750 1191 1886 1223 conditio
1900 1191 2096 1230 reliquarum

1133 1236 1277 1266 omnium
1298 1242 1517 1267 creaturarum
1539 1236 1631 1275 longe
1652 1235 1789 1265 deterior
1808 1239 1900 1265 esset.
1936 1233 2002 1263 Imo
2021 1232 2098 1272 quid

1132 1278 1282 1309 omnibus
1297 1278 1523 1314 animantibus,
1539 1284 1569 1308 et
1585 1278 1679 1308 rebus
1695 1278 1843 1307 omnibus
1861 1276 1976 1307 creatis
1997 1276 2096 1312 fieret,

1132 1321 1193 1352 nisi
1213 1321 1303 1352 Deus
1323 1332 1380 1351 sua
1404 1321 1604 1361 providentia
1627 1320 1780 1350 mundum
1805 1318 1952 1359 regeret?
1984 1318 2097 1357 Neque

1132 1364 1217 1394 enim
1248 1364 1379 1394 fortuito
1410 1364 1537 1403 pluviae
1568 1363 1737 1393 decidunt:
1775 1372 1877 1401 neque
1905 1366 2025 1392 temere
2049 1371 2098 1391 ar-

1132 1406 1224 1437 bores
1247 1407 1370 1438 fructus
1393 1417 1467 1437 suos
1498 1405 1693 1445 producunt,
1726 1415 1827 1444 neque
1851 1408 1937 1434 terra
1960 1413 2096 1444 gramen

1133 1450 1268 1489 profert,
1299 1449 1361 1480 nisi
1391 1455 1550 1489 quatenus
1575 1448 1664 1479 Deus
1690 1458 1748 1478 sua
1772 1446 1973 1487 providentia
1997 1445 2095 1477 semel

1132 1492 1195 1523 illis
1224 1492 1289 1523 vim
1324 1491 1459 1522 inditam
1490 1491 1590 1527 fovet,
1625 1496 1655 1521 et
1686 1500 1742 1521 sua
1773 1489 1975 1529 providentia
2005 1488 2097 1528 regit,

1132 1540 1226 1575 atque
1250 1535 1418 1566 benedicit.
1464 1534 1507 1564 At
1537 1534 1562 1564 si
1588 1533 1647 1564 Dei
1673 1532 1873 1572 providentia
1898 1532 1929 1561 in
1950 1542 2001 1562 res
2025 1531 2096 1561 illas

1131 1578 1299 1608 inferiores
1324 1578 1436 1614 fertur,
1457 1576 1583 1616 qualem
1608 1586 1683 1615 erga
1707 1575 1788 1606 filios
1812 1575 1877 1605 fore
1899 1574 1988 1604 illam
2011 1573 2096 1604 arbi-

1133 1620 1277 1651 tramur?
1310 1621 1353 1651 Et
1372 1621 1522 1659 quoniam
1543 1618 1686 1649 diabolus
1704 1618 1803 1648 hostis
1821 1616 1953 1647 humani
1970 1617 2096 1657 generis

1132 1663 1387 1702 infensissimus,
1422 1667 1452 1693 et
1483 1661 1593 1692 multis
1624 1661 1662 1691 ad
1687 1661 1866 1691 nocendum
1898 1659 2021 1690 artibus
2051 1659 2098 1688 in-

1132 1706 1380 1739 structissimus,
1412 1715 1538 1744 semper
1568 1703 1685 1743 aliquid
1716 1703 1889 1733 adversum
1922 1701 1984 1731 Dei
2015 1701 2097 1732 filios

1132 1749 1280 1786 molitur,
1314 1747 1390 1787 quid
1420 1747 1545 1778 miseris
1572 1746 1661 1777 nobis
1688 1746 1793 1783 fieret,
1828 1745 1889 1775 nisi
1918 1744 2008 1774 Deus
2039 1753 2097 1774 sua

1132 1792 1275 1823 bonitate
1305 1802 1362 1821 nos
1393 1791 1425 1820 in
1450 1800 1539 1821 suam
1566 1789 1745 1820 clientelam
1771 1793 1801 1818 et
1825 1786 2020 1827 praesidium
2045 1796 2094 1816 re-

1132 1833 1274 1875 ciperet?
1320 1833 1539 1872 Quamobrem
1571 1842 1651 1871 quae
1682 1831 1720 1861 de
1744 1830 1880 1861 Davidis
1911 1829 2097 1859 defensione

1133 1878 1284 1908 dicuntur
1314 1877 1346 1906 in
1371 1882 1514 1906 nostrum
1545 1885 1638 1905 usum
1668 1879 1911 1908 convertamus,
1942 1871 2097 1911 nobisque

1132 1920 1267 1961 singulis
1290 1918 1495 1958 applicemus.

1217 1961 1418 1993 Admiranda
1441 1960 1500 1991 fuit
1524 1964 1630 1991 autem
1651 1960 1683 1989 in
1700 1969 1736 1989 eo
1756 1958 1863 1988 diviua
1882 1956 2097 1997 providentia,

1132 2005 1215 2045 quod
1240 2008 1372 2045 repente
1393 2003 1500 2035 Saulis
1522 2003 1683 2034 exercitus
1704 2012 1721 2031 a
1738 2000 1863 2031 Davide
1877 1999 2097 2039 persequendo

1132 2049 1194 2079 alio
1218 2054 1267 2079 est
1289 2052 1449 2078 avocatus.
1495 2046 1575 2076 Nam
1607 2044 1722 2075 allatus
1744 2043 1783 2074 ad
1807 2042 1938 2073 Saulem
1963 2042 2097 2073 nuntius

1133 2091 1250 2123 dicitur
1273 2090 1311 2121 de
1334 2089 1585 2120 Philistaeorum
1616 2088 1647 2117 in
1672 2086 1830 2117 iudaicam
1854 2085 2017 2125 regionem
2041 2084 2096 2115 ad-

1132 2138 1250 2166 ventu:
1282 2143 1343 2173 qua
1366 2132 1490 2162 ratione
1514 2131 1603 2161 Deus
1626 2129 1807 2161 consultum
1831 2127 1969 2158 Davidis
2000 2127 2097 2158 saluti

1133 2182 1202 2207 tum
1226 2175 1335 2207 voluit.
1382 2174 1464 2205 Nam
1496 2173 1661 2203 hominum
1685 2171 1834 2211 opinione
1864 2169 1953 2200 nulla
1976 2169 2096 2200 Davidi

1133 2219 1246 2251 salutis
1269 2218 1443 2257 apparebat
1462 2217 1523 2252 via,
1548 2215 1645 2246 nullis
1664 2213 1794 2250 viribus,
1820 2212 1901 2243 nulli
1919 2212 2097 2243 industriae

1133 2263 1221 2293 locus
1240 2266 1309 2292 erat
1329 2259 1480 2299 reliquus,
1499 2258 1553 2289 sed
1567 2258 1696 2288 omnino
1709 2255 1911 2287 moriendum
1926 2261 1956 2285 et
1972 2254 2098 2285 fortiter

1133 2302 1383 2335 occumbendum
1407 2307 1485 2338 erat,
1509 2301 1541 2331 ni
1563 2300 1654 2331 vivus
1673 2299 1703 2329 iu
1725 2298 1832 2330 Saulis
1851 2308 1967 2328 manus
1986 2297 2097 2328 venire

1134 2346 1303 2378 laniandus
1316 2351 1347 2375 et
1361 2343 1588 2383 discerpendus
1601 2342 1772 2379 voluisset;
1796 2345 1832 2371 ut
1851 2340 1968 2370 mirum
1991 2339 2096 2370 videri

1135 2400 1198 2421 non
1223 2388 1351 2424 debeat,
1375 2397 1473 2426 quum
1498 2397 1531 2416 se
1554 2386 1664 2415 mortis
1687 2383 1839 2424 periculis
1862 2381 2095 2413 circumdatum

1134 2433 1231 2464 fuisse
1251 2430 1335 2467 dicit,
1353 2434 1384 2460 et
1405 2429 1443 2459 de
1462 2428 1527 2459 vita
1541 2428 1771 2467 desperantem,
1791 2426 1829 2456 ad
1843 2425 1950 2456 Deum
1963 2425 2097 2455 unicum

1135 2475 1368 2513 redemptorem
1387 2471 1570 2507 accurrisse,
1595 2475 1625 2500 et
1644 2480 1677 2500 se
1696 2473 1799 2500 totum
1819 2469 1886 2508 ipse
1904 2467 2098 2507 permisisse.

1136 2517 1201 2549 Sed
1224 2516 1352 2547 interim
1372 2513 1461 2545 Deus
1485 2513 1572 2543 illum
1594 2511 1783 2543 miraculose
1806 2510 1972 2541 liberavit:
1996 2509 2096 2541 susci-

1136 2560 1211 2591 tatis
1233 2557 1426 2593 Philistaeis‚
1451 2556 1531 2586 nihil
1553 2555 1660 2585 minus
1684 2560 1791 2585 tamen
1814 2563 1910 2593 quam
1935 2552 1973 2583 de
1996 2552 2097 2592 ipsius

1136 2603 1238 2635 salute
1251 2600 1472 2641 cogitantibus,
1493 2608 1587 2638 quem
1599 2607 1676 2628 cane
1689 2597 1779 2636 peius
1791 2602 1822 2627 et
1835 2606 1940 2636 angue
1951 2595 2096 2632 oderant,

1137 2651 1169 2676 et
1191 2654 1283 2685 quem
1307 2642 1428 2673 laniare
1451 2640 1638 2672 voluissent.
1672 2639 1907 2670 Verumtamen
1925 2638 2015 2669 Deus
2033 2636 2097 2668 illis
