2551 3044
154 190 214 222 557

154 286 225 317 sinc
249 285 370 316 iniuria
393 288 423 315 et
446 282 638 315 contumelia
651 282 815 313 vivamus:
840 280 924 320 quod
947 280 973 310 si
996 280 1115 309 factum

155 329 218 359 erit
240 333 353 368 pacata
377 331 407 357 et
431 326 607 366 tranquilla
629 323 832 359 conscientia,
856 322 943 352 omni
966 321 1117 360 scrupulo

155 375 187 402 et
209 380 320 401 morsu
343 379 443 400 vacua
467 369 529 399 Dei
552 367 645 398 donis
668 365 792 406 placide
816 365 971 395 fruemur.

241 412 375 443 Interim
395 411 602 442 observemus
616 408 796 449 Abigaileni
814 407 931 446 alloqui
946 406 1117 443 Davidem,

156 461 188 487 et
212 455 304 486 illum
328 464 385 494 pro
408 463 494 493 rege,
518 452 592 483 licet
615 456 692 482 tunc
715 460 853 491 egenum
878 454 910 479 et
933 449 1117 488 profugum,

155 497 283 535 habere,
306 495 389 535 quod
411 496 511 526 factas
535 505 553 525 a
576 494 717 525 Domino
740 492 969 532 promissiones
992 491 1117 521 intuea-

156 546 218 571 tur.
254 539 319 571 Sed
343 545 410 569 erat
434 537 567 574 occulta,
592 537 673 568 sicut
697 541 772 566 ante
797 534 944 570 vidimus,
968 533 1023 564 illa
1047 544 1118 573 pro-

156 582 275 619 missio,
299 581 371 612 licet
395 580 450 610 illa
474 585 579 610 tamen
604 589 668 609 non
692 578 736 609 sic
760 577 885 609 occulta
915 577 1011 607 fuerit
1041 576 1118 615 quin

155 624 195 656 ad
218 623 325 656 Saulis
347 632 440 653 aures
460 622 668 662 pervenisset,
692 620 783 651 cuius
803 630 866 650 non
887 623 955 650 erat
974 619 1118 659 ignarus.

153 667 237 698 Nam
261 666 322 696 etsi
345 665 461 696 missus
486 665 590 695 fuerat
614 663 743 695 Samuel
775 662 815 693 ad
839 661 999 693 Davidem
1031 661 1119 691 velut

154 709 236 741 clam
261 707 461 749 ungendum,
485 707 523 738 de
547 706 607 738 hoc
630 712 738 737 tamen
762 705 845 736 facto
873 704 989 736 certior
1015 703 1119 734 factus

155 751 234 783 Saul
255 751 367 787 fuerat,
387 756 422 781 ut
442 750 564 780 nullam
581 750 797 789 ignorantiam
813 752 999 787 praetexere
1013 751 1120 786 posset

155 794 194 825 ad
223 794 353 834 signum
384 792 463 823 illud
495 792 622 823 visibile
648 791 764 822 Davidi
796 790 946 821 collatum
977 789 1120 820 reiicien-

156 838 243 875 dum,
266 835 350 876 quod
376 834 560 867 Samuelem
584 834 680 865 sciret
709 833 838 864 fidelem
868 842 938 863 esse
961 831 1023 862 Dei
1056 842 1119 862 scr-

153 890 232 911 vum
256 884 288 910 et
317 878 482 909 nuncium.
527 877 599 908 Hoc
628 876 729 916 igitur
759 875 966 906 fundamento
991 873 1119 914 Abigail

155 922 234 953 nixa
256 920 418 952 concludit
443 919 601 951 Davidem
626 929 735 959 regem
759 918 836 954 fore,
860 917 1119 957 quandoquidem

155 964 246 995 Deus
269 964 315 994 ita
339 963 491 1001 decrevit,
514 962 606 994 cuius
630 961 780 992 voluntas
811 965 860 991 est·
890 959 1118 990 irrevocabilis.

155 1007 222 1038 Nos
252 1007 352 1047 igitur
380 1005 456 1036 inde
486 1005 646 1036 discamus
678 1004 739 1034 Dei
770 1002 1036 1043 promissionibus
1073 1002 1119 1033 sic

155 1049 260 1086 inniti,
297 1059 336 1079 ne
371 1059 411 1078 ex
448 1058 555 1078 rerum
592 1047 752 1087 praesenti
789 1050 875 1076 statu
911 1045 949 1076 de
990 1044 1118 1075 illorum

155 1097 274 1123 eventu
298 1091 451 1122 iudicium
482 1091 633 1121 feramus.
678 1089 763 1120 Nam
793 1088 937 1128 alioquin
968 1087 1118 1118 ecclesiae

155 1138 258 1166 status
281 1132 543 1165 condemnandus
567 1132 745 1163 videretur:
776 1131 841 1161 imo
865 1130 962 1161 etiam
985 1129 1120 1160 Domini

155 1177 258 1208 nostri
271 1176 345 1207 Iesu
359 1175 492 1214 Christi,
515 1175 570 1215 qui
594 1178 642 1206 est
665 1174 752 1205 illius
775 1179 880 1213 caput.
916 1172 998 1211 Quis
1021 1172 1118 1212 enim,

156 1220 298 1260 obsecro,
328 1229 390 1249 non
415 1217 647 1249 animadvertit
678 1221 798 1257 quanto
827 1227 901 1247 cum
930 1220 1118 1254 contemptu

156 1263 264 1293 hostes
294 1261 455 1301 evangelii
486 1271 598 1291 sanam
636 1260 815 1291 doctrinam
850 1258 1013 1291 reiiciant:
1052 1258 1117 1288 imo

155 1315 218 1345 quo
240 1304 348 1335 furore
372 1309 403 1335 et
427 1303 527 1334 animi
550 1303 683 1334 vesania
706 1301 842 1342 pedibus
865 1301 1062 1337 conculcent,
1086 1305 1118 1331 et

155 1347 342 1379 adoriantur
368 1351 519 1386 tanquam
551 1345 698 1376 funditus
728 1345 882 1376 eversuri.
934 1343 1061 1374 Deinde
1091 1343 1118 1374 si

155 1400 208 1421 eos
238 1388 476 1420 consideremus
513 1399 592 1428 quos
624 1387 714 1418 Deus
743 1387 781 1418 ad
820 1387 870 1424 sui
899 1386 1116 1426 cognitionem

156 1432 293 1469 vocavit,
323 1432 473 1472 exiguam
504 1431 670 1462 hominum
702 1440 851 1468 manum,
881 1428 1055 1470 ignobilem
1086 1434 1116 1459 et

156 1475 345 1515 plerumque
378 1474 499 1505 mundo
533 1484 664 1504 exosam
702 1478 733 1503 et
769 1472 907 1512 singulis
944 1472 1117 1502 moment-is

155 1517 402 1558 periclitantem,
433 1521 530 1556 atque
558 1516 638 1546 odiis
668 1520 700 1546 et
728 1516 856 1546 iniuriis
886 1514 1117 1545 malevolorum

156 1561 344 1600 expositam,
369 1566 400 1590 et
424 1560 541 1599 iniquis
561 1559 730 1590 sententiis
755 1558 843 1588 velut
861 1557 1007 1588 obrutam
1032 1568 1116 1588 com-

155 1603 326 1643 periemus
379 1602 511 1632 Domini
542 1612 619 1632 vero
655 1602 756 1632 nostri
786 1600 860 1631 Iesu
892 1600 1014 1631 Christi
1052 1610 1116 1630 non

156 1645 269 1676 melior
302 1649 352 1676 est
385 1645 542 1682 conditio,
577 1654 672 1684 quem
708 1643 854 1674 videmus
889 1653 907 1673 a
940 1642 1118 1674 catholicae

155 1698 316 1725 romanae,
340 1697 436 1727 quam
461 1692 586 1721 vocant,
618 1687 692 1717 fidei
714 1686 914 1722 satellitibus,
944 1690 976 1716 et
1006 1685 1118 1716 sancti-

155 1735 255 1762 tatem
289 1730 452 1770 quandam
487 1730 630 1761 exterius
671 1729 917 1770 profitentibus,
959 1727 1119 1758 adiunctis

155 1773 235 1815 ipsis
257 1773 376 1813 iniquis
398 1773 557 1804 iudicibus
578 1781 608 1803 et
628 1772 691 1803 Dei
712 1773 847 1803 verbum
871 1770 944 1802 odio
969 1771 1118 1801 habenti-

155 1817 222 1853 bus,
247 1816 292 1847 sic
315 1816 460 1855 undique
483 1816 560 1856 peti,
592 1821 627 1845 ut
650 1815 689 1846 de
713 1815 791 1846 solio
815 1814 984 1844 detrahere
1012 1814 1118 1853 ipsum

156 1864 186 1891 et
210 1858 346 1890 deiicere
368 1858 452 1889 velle
465 1858 648 1889 videantur.
682 1857 900 1896 Quamobrem
924 1857 950 1887 si
970 1867 1010 1887 ex
1023 1867 1120 1887 sensu

156 1911 263 1933 rerum
295 1908 430 1932 externo
458 1901 497 1932 de
520 1901 653 1931 Christo
683 1910 714 1931 et
746 1900 845 1940 ipsius
874 1899 1008 1930 ecclesia
1036 1899 1119 1929 iudi-

155 1944 239 1976 cium
260 1943 345 1975 ferre
368 1944 527 1980 volumus,
551 1949 676 1974 certum
699 1948 749 1974 est
768 1942 899 1974 Domini
923 1942 1025 1972 nostri
1044 1941 1119 1972 Iesu

156 1986 280 2019 Christi
304 1996 438 2026 regnum
463 1986 634 2018 stultitiam
659 1986 751 2016 nobis
779 1986 855 2022 fore,
886 1995 988 2024 neque
1018 1985 1119 2024 ipsius

157 2030 310 2061 virtutem
336 2029 416 2060 tanti
441 2039 459 2059 a
481 2029 574 2060 nobis
594 2029 707 2068 quanti
727 2039 786 2068 par
808 2032 856 2059 est
875 2029 995 2059 factum
1015 2028 1063 2063 iri,
1087 2033 1118 2058 et

156 2073 307 2103 miseram
331 2072 497 2103 ecclesiam
519 2077 671 2111 tanquam
693 2082 761 2102 rem
780 2070 936 2102 abiectam
956 2074 1119 2110 contemp-

158 2119 226 2146 tum
249 2115 297 2153 iri,
328 2125 508 2154 nomenque
539 2115 640 2154 ipsius
663 2114 755 2153 quasi
779 2118 935 2154 perpetua
957 2113 1119 2144 oblivione

158 2157 319 2197 sepultum
342 2158 392 2188 iri.
427 2158 551 2188 Verum
567 2156 713 2197 Abigaile
736 2167 795 2187 nos
819 2161 974 2195 tanquam
999 2156 1119 2196 optimo

159 2199 286 2231 doctore
309 2206 340 2231 et
363 2201 518 2240 magistro
542 2199 632 2231 decet
655 2200 712 2235 uti,
732 2206 768 2230 ut
791 2199 826 2229 in
849 2199 909 2230 Dei
935 2198 1119 2238 promissio-

158 2252 216 2274 nes
239 2243 347 2274 oculos
370 2243 446 2274 fidei
469 2253 648 2282 sensusque
677 2252 789 2273 omnes
812 2247 939 2272 nostros
970 2241 1118 2272 coniicia-

158 2295 241 2316 mus.
297 2285 406 2325 Neque
448 2286 533 2316 enim
578 2284 617 2316 de
657 2285 867 2325 promissione
908 2284 948 2314 ab
988 2283 1119 2315 homine

158 2327 285 2358 mortali
307 2328 391 2360 facta
413 2328 466 2359 hic
488 2329 604 2366 agitur,
636 2338 739 2367 neque
768 2327 806 2358 de
838 2337 938 2367 regno
973 2327 1119 2357 terrestri

159 2375 190 2401 et
222 2370 349 2401 caduco.
394 2371 477 2401 Nam
508 2370 647 2401 Davidis
681 2381 759 2401 sane
790 2380 926 2410 regnum
961 2380 1025 2400 non
1058 2369 1120 2399 fuit

159 2412 366 2453 diuturnum,
397 2414 457 2444 etsi
489 2413 621 2444 Domini
659 2414 762 2444 nostri
792 2412 867 2443 Iesu
898 2412 1023 2443 Christi
1060 2412 1120 2442 fuit

160 2455 272 2495 figura.
319 2455 383 2487 Sed
407 2456 470 2487 iam
494 2455 556 2487 Dei
581 2456 666 2487 filius
690 2456 782 2487 nobis
805 2455 983 2495 patefactus
1007 2459 1063 2491 est,
1088 2459 1119 2485 et

161 2498 252 2537 regni
273 2498 376 2537 ipsius
388 2499 556 2538 promissio
579 2499 684 2538 palam
699 2498 913 2539 promulgata,
937 2502 969 2528 et
989 2497 1118 2537 quidem

160 2540 261 2579 ipsius
273 2550 336 2578 ore,
349 2541 617 2581 quemadmodum
631 2542 789 2581 propheta
802 2540 935 2580 pulchre
948 2540 1078 2571 Psalmo
1089 2540 1118 2570 2.

161 2581 253 2614 docet
282 2583 365 2614 istud
397 2584 538 2615 officium
576 2594 594 2614 a
629 2590 721 2624 patre
750 2583 918 2615 Christum
950 2583 1118 2622 accepisse,

161 2634 260 2664 quum
284 2625 344 2657 ait:
367 2626 511 2658 Narrabo
533 2636 570 2657 ex
592 2627 715 2665 decreto,
738 2626 855 2657 Iehova
882 2626 964 2657 dizit
993 2626 1035 2657 ad
1063 2635 1118 2663 me,

798 186 846 217 IN
872 187 895 217 1.
920 186 1008 217 LIB.
1035 184 1232 217 SAMUEL.
1256 185 1353 216 CAP.
1379 186 1486 216 XXV.

2064 182 2125 213 558

1141 284 1143 302 Ξ
1172 279 1276 309 Filius
1299 289 1382 309 meus
1412 290 1458 310 es:
1491 289 1542 319 eqo
1572 279 1661 310 hodie
1692 279 1784 319 [senui
1811 280 1846 313 te,
1869 280 1938 316 pete
1966 287 1986 308 a
2015 287 2070 316 me,
2100 278 2127 306 et

1141 339 1143 353 1
1167 321 1587 361 daboyentas110.s·.s·e.s·.s>2'0nmn
1606 324 1706 352 luam:
1730 321 1788 351 ius.
1802 321 1938 359 inquam,
1959 319 2125 359 pos-sessio-

1168 365 1217 394 nis
1243 367 1313 394 tuae
1335 364 1412 397 sines
1441 367 1550 395 terrac.
1596 363 1864 403 Quandoquidem
1897 363 1994 402 igitur
2025 371 2124 392 evan-

1168 406 1242 445 gelii
1276 416 1373 436 sonus
1407 413 1559 446 tanquam
1595 407 1669 437 tuba
1705 416 1760 445 pcr
1794 406 1981 436 universum
2016 405 2124 435 orbem

1169 448 1325 486 insonuit,
1356 457 1386 478 et
1420 449 1476 479 1)ιεί
1510 450 1608 489 ipsius
1641 460 1701 479 vox
1734 449 1915 487 personuit,
1948 447 2124 478 Dominum

1170 498 1313 521 nostrum
1338 491 1443 521 Iesum
1468 492 1633 522 Christum
1658 502 1727 521 esso
1748 490 1807 521 Dci
1832 491 1944 526 filium,
1977 500 2060 529 cum,
2090 495 2125 519 ut

1170 544 1227 572 par
1250 540 1307 567 est,
1333 545 1521 564 veneremur
1545 544 1580 564 ac
1600 534 1749 567 colamus,
1774 534 1865 572 cique
1886 533 2020 562 libenter
2043 531 2125 562 colla

1170 576 1405 611 submittamus,
1430 584 1460 607 ct
1484 577 1585 615 ipsum
1611 577 1790 614 adoremus,
1814 576 1989 610 maiestate,
2015 582 2126 614 potun-

1170 619 1214 649 tia
1244 624 1275 648 et
1305 619 1422 649 virtuto
1453 629 1578 649 sumina
1610 619 1804 657 praeditum:
1844 625 1875 648 et
1908 618 1965 648 1106
1995 617 2125 647 stimulo

1170 661 1272 700 magis
1310 672 1482 701 urgeamur
1523 672 1617 700 quani
1655 661 1804 691 omuibus
1843 660 2124 695 aduismitionibus,

1170 703 1252 742 quod
1277 704 1395 733 scimus
1420 714 1552 743 regnum
1578 704 1661 733 istud
1688 703 1817 733 Domini
1844 703 1943 733 nostri
1969 712 2031 732 non
2057 712 2125 732 csse

1171 753 1440 783 momentaneum,
1464 746 1517 775 sod
1542 751 1725 776 aeternum:
1752 746 1842 777 cuius
1868 752 1964 784 caput
1987 750 2035 775 est
2058 745 2126 783 ipse

1171 788 1233 818 Dei
1257 789 1356 819 filius:
1381 794 1412 818 et
1435 789 1524 819 cuius
1548 798 1606 818 nos
1625 798 1694 818 esse
1714 788 1856 818 membra
1877 788 2011 818 scimus:
2035 787 2126 818 cocli-

1172 836 1223 861 tus
1247 831 1285 860 ad
1307 842 1363 861 nos
1387 832 1482 861 misso
1507 842 1567 861 non
1590 830 1685 860 dubio
1709 841 1766 861 nec
1790 831 1911 861 incerto
1935 830 2126 860 testimonio.

1171 873 1279 911 Quare
1313 883 1376 912 quo
1418 873 1589 903 maioribus
1626 873 1773 913 procellis
1813 880 1843 903 et
1885 871 2128 911 tempestatibus

1171 915 1256 946 hunc
1279 915 1386 946 orbem
1412 915 1661 946 adversusistud
1682 926 1814 953 regnum
1839 921 1987 945 aestuare
2012 914 2127 944 videri-

1170 969 1250 993 mus,
1275 964 1306 988 et
1329 958 1536 989 christianam
1562 958 1726 988 ecclesiam
1752 969 1875 997 urgere,
1900 968 1937 987 eo
1960 957 2126 987 ardentius

1170 1001 1276 1031 oculos
1301 1001 1330 1030 in
1356 1001 1455 1030 altuni
1476 1001 1646 1034 elevemus,
1670 1000 1794 1040 Deique
1814 1000 1986 1031 bonitatem
2011 1005 2043 1030 et
2065 1000 2127 1030 cle-

1171 1044 1324 1074 mentiam
1348 1044 1615 1083 contemplemur,
1647 1053 1783 1082 eumque
1814 1043 2012 1082 supplicibus
2044 1043 2126 1072 votis

1171 1096 1339 1126 precemur
1362 1092 1398 1116 ut
1420 1086 1570 1117 ecclesiae
1584 1086 1780 1122 misercatur,
1804 1092 1835 1116 et
1857 1095 1967 1115 omnes
1985 1083 2126 1115 Satanae

1170 1129 1311 1159 insultus
1342 1129 1495 1159 adversus
1525 1139 1593 1158 eam
1625 1128 1790 1167 infringat,
1822 1133 1854 1158 et
1884 1127 2037 1167 quidquid
2068 1137 2126 1158 nos

1170 1171 1203 1202 in
1228 1171 1438 1202 tentationem
1462 1171 1612 1201 inducere
1636 1178 1748 1209 posset,
1780 1180 1838 1209 pro
1867 1181 1926 1200 sua
1947 1170 2126 1199 misericor-

1170 1214 1222 1244 dia
1259 1214 1359 1244 tollat.
1412 1214 1556 1253 Denique
1592 1213 1714 1253 quoties
1745 1212 1874 1243 Domini
1912 1212 2012 1242 nostri
2051 1212 2125 1242 Iesu

1171 1256 1291 1288 Christi
1315 1266 1451 1296 reguum
1475 1257 1644 1291 contemni,
1669 1260 1700 1285 et
1718 1256 1818 1295 ipsius
1841 1256 1975 1286 verbum
1995 1254 2127 1294 pedibus

1170 1300 1303 1337 calcari,
1334 1304 1365 1329 et
1395 1299 1561 1329 ecclesiam
1590 1298 1686 1328 minis
1714 1298 1952 1328 coniuratorum
1983 1296 2125 1328 hostium

1170 1342 1279 1383 urgeri
1303 1341 1492 1379 videbimus,
1516 1351 1556 1371 ue
1579 1350 1721 1380 unquam
1742 1347 1910 1379 propterea
1930 1339 2126 1377 vacillemus,

1171 1392 1226 1416 aut
1249 1395 1265 1415 a
1290 1384 1451 1425 proposito
1475 1384 1670 1414 resiliamus:
1694 1384 1747 1413 sed
1773 1383 1811 1413 ad
1836 1384 1940 1421 ipsum
1960 1382 2126 1421 confugia-

1171 1439 1261 1465 mus,
1302 1432 1387 1459 certo
1428 1427 1571 1466 persuasi
1613 1436 1774 1465 nunquam
1813 1425 1998 1455 defuturum
2034 1424 2126 1455 nobis

1170 1475 1349 1511 opportuno
1379 1474 1530 1509 tempore,
1561 1469 1690 1508 eiusque
1720 1468 1863 1508 potentia
1893 1467 1967 1497 freti
1997 1477 2126 1497 manea-

1170 1523 1242 1544 mus
1272 1512 1496 1552 imperterriti:
1525 1516 1556 1541 et
1587 1510 1842 1550 quandoquidem
1875 1510 1991 1540 scimus
2020 1510 2126 1548 ipsum

1171 1567 1189 1586 a
1218 1560 1308 1595 patre
1337 1565 1469 1595 regnum
1502 1555 1674 1593 accepisse,
1714 1554 1952 1583 coniuratorum
1981 1553 2125 1582 omnium

1172 1599 1310 1629 hostium
1336 1599 1449 1632 minas,
1473 1602 1504 1627 et
1527 1598 1592 1627 vim
1612 1606 1738 1626 omnem
1765 1606 1800 1626 ac
1818 1595 1993 1635 potentiam
2013 1594 2127 1624 habea-

1172 1652 1243 1672 mus
1273 1640 1426 1677 ludibrio,
1461 1647 1491 1670 et
1526 1639 1584 1669 hoc
1612 1638 1854 1678 inexpugnabili
1885 1637 2126 1676 propugnaculo

1171 1685 1233 1714 tuti
1280 1683 1476 1723 perditorum
1519 1681 1661 1712 omnium
1700 1680 1842 1712 consiliis
1884 1686 1915 1711 et
1956 1679 2125 1710 conatibus

1171 1727 1323 1758 audacter
1346 1725 1548 1756 insultemus.

1256 1769 1300 1800 Et
1322 1768 1361 1799 de
1376 1767 1533 1807 Abigailis
1556 1767 1625 1797 istis
1649 1766 1779 1797 vocibus
1802 1766 1968 1796 hactenus.
2004 1765 2125 1804 Perga-

1171 1823 1242 1842 mus
1266 1812 1303 1842 ad
1329 1817 1514 1851 sequentem
1537 1809 1690 1840 orationis
1715 1809 1814 1848 ipsius
1845 1814 1969 1847 partem
2000 1817 2063 1846 qua
2093 1817 2127 1838 se

1171 1856 1203 1886 in
1228 1855 1362 1894 gratiam
1387 1853 1524 1883 Davidis
1547 1853 1696 1887 insinuat,
1722 1851 1770 1881 his
1794 1851 1909 1886 verbis,
1934 1860 2028 1888 quum
2043 1849 2127 1880 bene-

1169 1896 1400 1937 feceritlelcova
1421 1896 1542 1927 domino
1559 1905 1632 1932 meo,
1655 1896 1687 1925 ut
1709 1894 1878 1924 recorderis
1896 1892 2029 1924 ancillae
2047 1894 2126 1922 tuae.

1171 1941 1222 1971 Ex
1247 1939 1361 1979 quibus
1389 1938 1492 1969 verbis
1521 1943 1653 1978 apparet
1680 1937 1766 1966 illam
1797 1937 1840 1967 sic
1871 1946 1965 1975 agere
1996 1944 2126 1966 causam

1171 1993 1271 2018 suam,
1292 1987 1323 2012 et
1347 1981 1486 2012 familiae
1510 1980 1710 2020 patrocinari,
1732 1990 1772 2009 ne
1798 1978 1901 2008 David
1925 1978 1985 2008 sibi
2009 1978 2126 2008 factam

1171 2026 1320 2056 iniuriam
1345 2024 1562 2059 ulcisceretur,
1587 2028 1620 2053 ut
1638 2021 1824 2053 excellentis
1847 2021 1920 2051 fidei
1943 2030 2018 2051 suae
2037 2020 2126 2050 testi-

1172 2069 1315 2099 monium
1339 2067 1496 2103 exhibeat,
1521 2066 1552 2095 in
1579 2065 1639 2095 Dei
1663 2063 1889 2104 promissiones
1917 2062 2125 2102 respicientis.

1170 2111 1253 2142 Nam
1279 2110 1305 2141 si
1329 2121 1369 2140 ex
1392 2110 1487 2140 rebus
1511 2108 1661 2145 externis,
1685 2112 1720 2137 ut
1743 2107 1878 2136 maritus
1901 2105 2016 2137 Nabal.
2040 2104 2126 2135 iudi-

1171 2158 1284 2189 casset,
1307 2163 1383 2184 sane
1408 2152 1565 2182 Davidem
1592 2151 1709 2181 habere
1740 2148 1876 2179 ludibrio
1900 2148 2065 2187 potuisset,
2095 2152 2126 2177 et

1172 2197 1281 2228 sannis
1304 2195 1451 2234 excipere
1474 2195 1608 2224 nuncios
1632 2192 1740 2232 ipsius
1777 2191 1864 2229 Quid
1884 2190 1937 2221 ille
1959 2189 2126 2229 fugitivus,

1172 2239 1245 2279 quid
1270 2238 1423 2278 profugus
1443 2241 1548 2276 posset
1567 2235 1719 2266 adversus
1742 2244 1844 2264 meam
1864 2232 2041 2263 familiam?
2067 2232 2126 2262 Ille

1172 2282 1224 2322 qui
1255 2282 1340 2311 inter
1372 2281 1471 2311 lustra
1501 2279 1653 2313 ferarum,
1692 2275 1840 2307 omnibus
1870 2285 1996 2311 exosus,
2028 2275 2127 2305 vitam

1171 2329 1352 2355 sustentare
1371 2322 1511 2361 cogitur:
1535 2331 1635 2355 mene,
1656 2320 1797 2358 inquam,
1821 2318 1875 2349 ille
1889 2318 1986 2348 miser
2002 2324 2127 2347 terrue-

1171 2366 1235 2398 rit?
1266 2366 1388 2396 Verum
1418 2363 1543 2400 Abigail
1576 2374 1637 2393 non
1667 2362 1759 2392 modo
1797 2361 1913 2391 metuit
1949 2371 1989 2391 ne
2019 2358 2127 2389 David

1172 2414 1302 2449 repente
1337 2408 1458 2438 illatam
1492 2407 1643 2436 iniuriam
1678 2404 1901 2435 ulcisceretur:
1942 2403 1997 2433 sed
2032 2402 2127 2440 longe

1172 2452 1304 2483 ulterius
1328 2451 1444 2480 mentis
1466 2448 1572 2480 oculos
1596 2447 1755 2478 extendit:
1784 2451 1938 2486 rogatque
1962 2446 2067 2485 ipsum
2092 2449 2128 2474 ut

1171 2505 1268 2535 quum
1302 2494 1336 2523 in
1378 2493 1469 2532 regni
1504 2491 1735 2530 possessionem
1777 2500 1795 2519 a
1829 2488 1969 2519 Domino
2009 2488 2127 2518 missus

1171 2537 1275 2573 fuerit,
1307 2535 1407 2575 ipsius
1437 2533 1622 2565 recordetur
1645 2538 1676 2562 et
1698 2532 1901 2562 misereatur.
1945 2530 2010 2561 Sed
2035 2530 2128 2569 quale

1172 2588 1247 2611 tune
1281 2584 1349 2610 erat
1382 2578 1546 2608 hominum
1581 2575 1619 2606 de
1652 2573 1789 2605 Davidis
1821 2584 1920 2614 regno
1950 2571 2127 2603 iudicium?

1173 2623 1255 2663 Quis
1278 2630 1418 2660 unquam
1441 2619 1532 2649 illum
1556 2623 1716 2657 sperasset
1738 2617 1777 2647 ad
1801 2617 1922 2657 regiam
1936 2615 2126 2656 dignitatem
