2551 3044
351 185 412 216 199

351 279 407 310 hic
437 276 726 308 animadvertimus
756 286 773 307 e
804 275 898 307 domo
929 280 1062 316 paterna
1090 278 1249 313 vocatum,
1279 280 1315 304 ut
1339 275 1341 282 ¹

353 331 463 353 coram
486 319 585 351 Saule
609 318 741 359 pulsans
760 318 928 352 citharam,
954 329 1026 349 eum
1051 327 1067 347 a
1091 316 1206 357 spiritu
1230 316 1314 347 malo

355 370 524 400 recrearet,
554 372 648 402 quem
680 361 770 392 Deus
801 361 931 393 Saulem
961 361 1177 400 castigaturus
1208 359 1309 389 immi‘

353 411 450 442 serat,
481 416 546 436 non
571 404 746 435 ambivisse
769 404 856 435 illam
881 404 1088 444 dignitatem3
1121 412 1223 441 neque
1245 412 1314 432 sese

354 449 442 480 ultro
484 447 655 483 obtulisse,
697 457 800 486 neque
835 447 979 487 obliquas
1014 446 1084 476 vairs
1118 444 1315 484 quaesivisse

354 491 471 531 quibus
491 490 529 520 ad
553 500 623 520 eam
648 490 842 528 perveniret,
866 497 900 520 ut
923 490 1026 520 solent
1050 487 1218 524 ambitiosi,
1243 486 1316 518 licet

353 544 462 566 coram
496 532 680 563 hominibus
710 532 856 563 morbum
885 532 1042 563 occultum
1069 541 1129 561 non
1154 529 1316 570 detegant

354 576 410 608 sed
430 576 517 606 intus
537 576 589 606 lox
593 582 667 605 eant
686 574 774 605 illam
793 574 1002 615 cupiditatem
1026 573 1084 604 sibi
1109 573 1316 603 autoritatem

355 618 541 659 quaerendi
571 626 603 648 et
633 617 769 657 gratiam
800 617 882 657 apud
915 617 1060 648 homines
1083 615 1252 649 retinendi,
1282 622 1316 645 ut

355 662 553 701 pedetentim
574 667 604 691 ot
622 660 714 699 quasi
733 659 891 700 gradatim
916 659 955 690 ad
979 660 1090 690 altiora
1115 658 1315 698 perveniant.
1342 663 1343 700 j

356 704 446 736 Nihil
475 703 537 734 talo
561 704 592 733 in
618 702 754 740 Davide,
784 702 839 734 sed
863 709 976 734 contra
1002 703 1093 742 longe
1117 713 1135 731 a
1159 700 1215 731 tali
1239 710 1317 731 cura

356 752 500 778 remotae
530 746 629 786 ipsius
659 744 900 776 sollicitudines.
954 745 1036 776 Χιιιιι
1065 744 1125 775 etsi
1153 743 1316 774 Samuelis

356 789 459 830 ipsius
486 788 663 819 ministerio
686 788 801 819 fuisset
825 796 949 825 unctus,
980 795 1009 818 et
1034 788 1127 818 sciret
1150 797 1183 817 sc
1207 797 1225 817 a
1249 786 1317 816 Deo

357 842 467 872 regem
487 832 519 862 in
543 838 707 870 posterum
731 830 945 871 designatum,
969 842 1031 861 non
1058 838 1163 860 timon
1188 838 1316 860 exerce-

358 879 413 906 tur
436 874 504 905 ulla
527 873 685 914 regnandi
708 883 783 904 cura
808 873 856 904 vel
881 873 1103 910 sollieitudine,
1132 871 1187 903 sed
1211 871 1318 911 potius

357 917 392 948 in
411 917 615 949 commissam
635 926 652 946 a
671 922 762 963 patre
781 916 841 947 sibi
861 916 1059 956 provinciam
1085 922 1168 945 totus
1191 914 1316 945 incum-

357 959 413 992 bit.
459 959 522 991 Ubi
558 969 634 990 vero
668 959 700 989 in
736 959 842 989 aulam
874 959 960 989 venit
996 965 1136 995 vocatus,
1171 967 1232 987 non
1268 962 1318 987 est
1342 939 1344 1007 ε

356 1002 470 1034 aulicis
501 1001 675 1032 honoribus
699 1000 851 1033 delinitus
870 1012 975 1041 neque
999 1001 1183 1037 inebriatus,
1215 1010 1317 1039 neque

357 1046 463 1077 ventis
499 1045 570 1075 vela
604 1044 691 1075 dedit
721 1044 878 1084 pristinae
908 1044 1099 1075 conditionis
1129 1043 1318 1073 immemor:
1342 1068 1343 1071 ,

357 1087 414 1119 sed
436 1087 492 1119 ubi
522 1087 606 1119 faeta
635 1086 696 1126 ipsi
719 1092 768 1117 est
790 1086 919 1118 domum
944 1094 1111 1127 paternam
1135 1085 1316 1116 revertendi

357 1136 512 1171 potestas,
544 1140 607 1161 non
632 1129 759 1160 erubuit
783 1130 900 1160 reverti
925 1136 956 1160 et
980 1129 1018 1160 ad
1043 1128 1218 1169 pascendas
1241 1138 1280 1158 οι
1284 1139 1317 1158 es

357 1174 503 1204 animum
528 1172 698 1212 applicare,
722 1173 812 1212 quasi
837 1182 1002 1220 nunquam
1026 1172 1099 1202 aula
1123 1171 1210 1209 regia
1233 1170 1316 1201 salu-

357 1219 436 1247 tata.
481 1215 545 1246 Hic
572 1225 651 1263 ergo
680 1215 768 1246 locus
791 1215 849 1246 etsi
874 1214 1009 1246 Daxidis
1032 1210 1228 1254 singularem
1253 1213 1317 1244 vir-

358 1262 460 1289 tutem
478 1264 509 1289 et
527 1258 627 1289 animi
645 1258 859 1288 constantiam
879 1257 1090 1294 commendat,
1111 1256 1201 1287 nobis
1220 1256 1318 1287 etiam

358 1300 400 1332 ad
430 1301 676 1332 instructionem
704 1301 910 1340 proponitur,
941 1306 976 1330 ut
1008 1299 1165 1331 Davidem
1196 1299 1317 1330 imitari

359 1344 481 1383 singuli
501 1353 558 1383 pro
578 1343 700 1374 viribus
719 1342 915 1374 studeamus.
946 1342 1212 1382 Quandoquidem
1232 1342 1317 1372 enim

359 1387 465 1434 figura
496 1386 555 1417 fuit
576 1385 710 1417 Domini
741 1386 843 1416 nostri
865 1385 940 1416 Iesu
965 1385 1095 1421 Christi,
1124 1390 1246 1416 certum
1271 1390 1319 1415 est

360 1429 419 1460 toti
443 1428 595 1460 ecclesiae
619 1429 755 1469 proponi
778 1428 944 1476 exemplar
967 1411 1169 1465 imitandum,
1193 1432 1229 1458 ιιι
1252 1427 1319 1458 vir-

359 1475 446 1503 tutes
468 1471 544 1502 illae
566 1472 680 1511 quibus
703 1471 763 1502 suit
786 1471 933 1511 insignis,
958 1481 1015 1502 nos
1038 1470 1149 1510 quales
1172 1481 1241 1501 esse
1264 1469 1316 1500 de-

360 1513 495 1546 beamus
525 1514 683 1545 erudiant.
729 1512 839 1552 Quare
866 1523 964 1553 quum
990 1513 1148 1544 Davidem
1172 1512 1320 1544 audimus

361 1557 431 1598 regi
454 1557 530 1588 licet
553 1562 680 1596 gratum
704 1561 736 1587 et
759 1562 934 1595 acceptum,
964 1561 1071 1587 tamen
1096 1555 1135 1586 ad
1158 1556 1241 1587 lares
1264 1566 1319 1595 p·1-

360 1601 442 1631 tries
464 1609 640 1636 reversum,
664 1603 701 1630 ut
723 1599 791 1630 eius
816 1598 895 1630 Saul
918 1598 1054 1639 amplius
1078 1609 1142 1629 non
1166 1598 1320 1629 memine-

359 1641 414 1682 rit,
435 1642 510 1673 inde
533 1641 686 1673 discimus
707 1641 909 1682 comprobari
931 1641 1130 1689 experientia
1153 1642 1320 1681 vulgatum

360 1666 451 1716 ist’ud
482 1685 614 1724 dictum,
643 1694 757 1725 regum
787 1684 1004 1715 ministerium
1031 1694 1095 1715 non
1118 1694 1186 1715 esse
1209 1684 1320 1714 haere-

361 1727 514 1758 ditatem:
544 1734 575 1758 et
604 1737 678 1758 eum
707 1727 761 1767 qui
792 1726 832 1758 ad
860 1737 1024 1758 summum
1055 1727 1192 1766 aliquem
1217 1726 1321 1766 digni-

361 1770 440 1801 tatis
468 1769 607 1810 gradum
630 1770 663 1800 in
687 1769 762 1800 aula
784 1770 941 1809 pervenit,
964 1776 1128 1800 momento
1153 1780 1243 1809 posse
1266 1779 1321 1800 ex-

360 1812 478 1845 cidere.
512 1812 637 1853 Nempe
650 1812 738 1843 Deus
757 1811 905 1843 homines
923 1813 967 1843 ita
989 1812 1069 1843 solet
1092 1822 1321 1852 nonnunquam

362 1865 523 1892 exercere,
548 1865 588 1886 ne
607 1855 641 1885 in
662 1854 756 1886 rebus
775 1855 844 1886 istis
863 1854 1001 1886 terrenis
1023 1854 1208 1887 collocatam
1232 1865 1322 1885 suam

363 1898 551 1930 felicitatem
580 1902 710 1938 putent:
742 1908 978 1937 nonnunquam
1002 1907 1078 1929 vero
1101 1897 1257 1938 castigare
1281 1902 1324 1927 te-

365 1941 540 1972 merariam
577 1946 609 1971 et
641 1940 775 1972 stultam
809 1941 1011 1980 opinionem,
1053 1950 1163 1971 eorum
1197 1940 1251 1979 qui
1285 1939 1323 1970 ad

366 1983 505 2015 honores
540 1993 685 2014 summos
719 1983 823 2014 evecti
860 1988 984 2014 montes
1013 1993 1126 2014 aureos
1151 1982 1211 2014 sibi
1235 1982 1324 2022 polli-

364 2031 490 2064 centur,
513 2030 545 2057 et
562 2036 596 2057 se
616 2026 761 2057 homines
783 2036 854 2057 esse
877 2036 940 2057 non
963 2026 1192 2064 meminerunt,
1214 2035 1324 2056 excae-

364 2074 460 2101 cante
479 2069 552 2100 illos
570 2068 732 2100 honorum
751 2068 930 2108 splendore.
964 2068 1071 2099 Deum
1083 2068 1190 2108 itaque
1204 2072 1326 2098 tantam
1352 2067 1353 2103 ζ

366 2112 588 2151 arrogantiam
600 2116 725 2151 oportet
737 2111 914 2151 reprimere
927 2115 960 2142 et
974 2117 1130 2142 coercere.
1154 2110 1326 2141 Caeterum

367 2154 422 2186 hic
445 2155 477 2185 in
501 2165 619 2195 genere
642 2154 847 2185 retinendum
871 2154 957 2194 quod
981 2153 1114 2194 pulchre
1137 2152 1228 2185 docet
1240 2153 1327 2184 Salo-

367 2207 454 2235 mon,
477 2197 537 2228 sub
555 2197 641 2228 coelo
661 2200 708 2227 tot
731 2201 901 2236 tantasque
925 2196 1120 2228 mutationes
1143 2202 1174 2227 et
1195 2205 1328 2227 conver·
1353 2204 1354 2208 ¹

368 2241 477 2272 siones
507 2240 587 2278 fieri,
618 2244 655 2270 ιιι
683 2240 737 2280 qui
767 2239 861 2270 hodie
891 2239 1077 2276 ditissimus,
1108 2249 1178 2271 cras
1202 2240 1329 2269 futurus

368 2284 410 2315 sit
445 2283 685 2323 pauperrimus:
723 2282 778 2322 qui
809 2293 970 2313 summum
1002 2281 1168 2322 dignitatis
1197 2287 1329 2320 occupat

369 2325 546 2374 fastigium,
569 2324 720 2365 perendie
738 2325 779 2356 sit
797 2325 882 2356 inter
904 2325 1034 2356 infimae
1057 2324 1249 2356 conditionis
1273 2323 1330 2354 ho·

368 2368 473 2400 mines
493 2367 668 2406 habendus,
692 2368 761 2399 Deo
779 2378 837 2407 pro
858 2368 990 2399 arbitrio
1014 2378 1071 2399 suo
1093 2368 1227 2398 miseros
1249 2376 1331 2397 mor-

369 2411 452 2442 tales
481 2411 662 2451 castigante
692 2415 724 2441 et
754 2415 932 2441 exercente.
978 2410 1087 2449 Quare
1119 2414 1254 2442 cavente
1277 2409 1357 2448 qui
1356 2413 1357 2420 ¹

370 2454 485 2485 sedent
518 2453 557 2483 ad
591 2463 699 2484 rerum
734 2452 959 2494 gubernacula,
993 2463 1033 2484 ne
1069 2463 1166 2493 supra
1199 2438 1357 2494 moduml

370 2497 567 2528 efferantur:
591 2496 645 2527 sed
666 2506 742 2526 suae
761 2495 954 2527 conditionis
978 2506 1135 2527 memores
1158 2495 1332 2535 diligenter

370 2549 490 2570 munus
520 2538 559 2569 ad
589 2538 670 2579 quod
696 2539 800 2570 vocati
823 2544 901 2569 sunt
923 2544 1108 2570 exercente:
1133 2542 1165 2569 et
1187 2536 1331 2578 persuasi

371 2587 467 2613 sunto
496 2581 604 2612 Deum
643 2586 787 2612 autorem
818 2581 952 2612 istarum
982 2581 1176 2630 dignitatum
1203 2579 1330 2611 easdem

370 2628 479 2665 gratas
488 2623 616 2664 habere,
629 2628 660 2655 et
672 2624 706 2655 in
719 2623 805 2655 hunc
819 2624 914 2655 finem
928 2624 1115 2662 instituisse,
1129 2629 1164 2655 ut
1177 2621 1332 2664 proximis
1356 2615 1358 2645 l

1180 179 1384 211 HOMILIA
1407 179 1499 210 LXI.

2266 178 2328 208 2ου

1367 273 1501 313 quisque
1534 273 1567 303 in
1596 282 1653 303 sua
1683 273 1848 304 vocatione
1878 272 2013 309 serviat,
2048 278 2083 303 ut
2115 272 2205 303 nulla
2239 276 2329 304 tanta

1367 317 1408 347 sit
1434 315 1575 355 dignitas
1605 325 1686 355 quae
1715 325 1779 346 non
1811 322 1959 346 teneatur
1984 316 2138 354 proximis
2161 315 2327 353 inservire,

1367 360 1392 389 si
1422 357 1461 388 ad
1493 358 1682 398 dignitatem
1707 358 1795 389 illam
1826 366 1958 389 vocatus
1987 358 2089 388 officio
2118 358 2209 397 fungi
2240 358 2327 388 velit.

1367 400 1494 432 Deinde
1523 408 1552 431 et
1582 400 1672 431 deiici
1703 407 1735 432 et
1764 400 1899 440 deprimi
1927 400 2083 435 diseunto,
2109 401 2235 440 quoties
2259 400 2328 431 Deo

1369 443 1547 474 videbitur:
1578 453 1681 482 nequo
1711 443 1901 475 conditionis
1932 444 2142 473 mutationem
2166 453 2262 483 aegre
2285 443 2329 473 fe·

1369 493 1473 523 runto,
1498 496 1599 525 neque
1618 486 1643 516 si
1658 485 1746 517 Deus
1765 487 1836 517 illos
1860 486 1892 516 in
1917 485 2031 516 humili
2055 485 2237 516 conditione
2260 495 2329 517 esse

1369 528 1447 560 velit
1476 529 1619 559 animum
1644 528 1873 568 despondente.
1919 528 1983 560 Sed
2008 529 2081 558 forti
2106 529 2329 568 praesentique

1369 571 1476 602 animo
1506 578 1610 607 sunto,
1643 571 1823 611 quicunque
1853 582 1946 603 casus
1970 570 2136 602 acciderit:
2167 571 2251 610 quod
2275 572 2330 602 fiet

1342 651 1343 654 Ἰ
1370 615 1395 645 si
1427 613 1641 644 humilitatem
1675 621 1847 651 sectentur,
1879 620 1909 644 et
1934 615 1966 644 in
1990 624 2048 644 sua
2072 613 2240 645 vocatione
2264 623 2329 645 mo-

1370 657 1458 688 deste
1481 667 1514 687 se
1537 657 1731 688 contineant.

1455 699 1497 730 Et
1511 699 1549 730 de
1565 699 1700 729 Davidis
1713 699 1859 740 exemplo
1878 699 2051 730 haetenus:
2075 699 2221 739 sequitur
2240 698 2329 730 dein·

1342 752 1453 782 :ceps,
1488 742 1578 772 illum
1614 742 1749 772 fratrum
1785 743 1883 773 fuisse
1914 744 2092 782 minimum¹
2128 752 2225 781 quum
2258 747 2330 772 octo

1370 792 1492 816 essent:
1525 790 1557 815 et
1579 784 1618 815 iis
1643 784 1749 815 verbis
1772 786 1873 825 magis
1897 784 2139 816 commendatur
2163 794 2239 824 erga
2263 784 2329 815 Da-

1371 827 1476 858 videm
1500 827 1562 858 Dei
1597 827 1711 867 gratia,
1745 838 1839 867 quem
1874 829 1932 858 etsi
1968 827 2055 858 nulla
2080 836 2155 866 prae
2179 827 2331 858 fratribus

1370 870 1475 910 specie
1507 876 1639 900 externa
1668 870 1962 908 commendabilem,
1993 877 2100 900 tamen
2132 869 2210 909 ipsis
2240 874 2330 900 ante-

1372 913 1524 952 posuerit.
1563 913 1605 943 Et.
1624 912 1751 952 quidem
1772 912 1823 943 hic
1843 921 1907 944 tres
1931 913 2031 953 ipsius
2055 913 2170 943 fratres
2193 911 2331 943 maiores

1371 962 1449 986 natu
1470 955 1677 986 nominantur
1697 955 1735 985 ad
1757 955 1872 986 bellum
1896 966 1915 986 a
1938 963 2028 996 patre
2052 956 2151 990 missi,
2176 961 2209 985 ut
2232 964 2330 995 appa-

1370 1005 1439 1029 reat
1462 998 1512 1029 vcl
1538 999 1638 1038 ipsius
1663 998 1761 1037 patris
1785 998 1899 1029 iudicio
1912 998 2071 1029 Davidem
2098 997 2187 1037 parvi
2212 997 2330 1029 factum

1370 1041 1478 1072 fuisse.
1508 1040 1624 1071 Nonne
1645 1050 1719 1071 vero
1745 1047 1851 1071 tamen
1874 1041 1942 1080 ipse
1966 1047 2056 1081 pater
2080 1040 2118 1070 dc
2131 1040 2193 1070 Dei
2217 1040 2331 1071 volun·

1371 1090 1437 1114 tate
1462 1094 1519 1123 per
1541 1083 1726 1114 Samuelem
1750 1083 1866 1114 certior
1888 1084 1990 1114 factus
2014 1084 2127 1119 fuerat,
2152 1083 2288 1114 electum
2312 1092 2331 1114 a

1372 1127 1441 1158 Deo
1472 1126 1642 1162 Davidem,
1673 1131 1705 1157 et
1735 1125 1826 1157 Sauli
1855 1136 2071 1157 successorem
2103 1124 2329 1165 designatum?

1371 1169 1447 1209 quid
1467 1180 1542 1209 ergo
1563 1169 1668 1208 ipsum
1689 1175 1856 1208 tantopere
1878 1169 2011 1209 despicit
2035 1175 2065 1199 et
2089 1167 2214 1199 reiicit?
2245 1168 2331 1199 Nam

1372 1213 1438 1242 sere
1461 1212 1496 1242 fit
1519 1217 1554 1243 ut
1578 1212 1604 1242 si
1628 1212 1699 1251 quis
1723 1217 1814 1251 pater
1837 1211 1870 1242 in
1895 1212 2065 1242 liberorum
2092 1211 2197 1251 aliquo
2222 1217 2331 1242 notam

1371 1256 1531 1294 quandam
1563 1255 1690 1285 futurae
1720 1254 1860 1291 virtutis,
1892 1260 1923 1285 et
1952 1255 2166 1285 coniecturam
2191 1254 2332 1293 aliquam

1371 1297 1500 1328 futurae
1523 1296 1691 1336 dignitatis
1714 1297 1840 1333 habeat,
1869 1297 1902 1327 in
1925 1307 1961 1327 eo
1984 1298 2125 1328 maxime
2149 1297 2332 1336 acquiescat

1372 1340 1632 1381 voluptatemque
1661 1340 1774 1379 capiat.
1820 1339 1907 1371 Sane
1929 1339 1994 1371 Isai
2016 1350 2080 1370 non
2105 1346 2230 1370 tantum
2254 1348 2331 1370 con-

1372 1384 1503 1420 iectura,
1531 1383 1586 1413 sed
1611 1382 1776 1422 promissis
1798 1382 1918 1413 divinis
1941 1393 2093 1419 magnum
2118 1381 2238 1422 aliquid
2261 1392 2332 1422 spe-

1372 1437 1445 1457 rare
1468 1425 1652 1456 iubebatur:
1683 1436 1758 1456 nam
1783 1435 1969 1465 expressum
1994 1431 2062 1456 erat
2081 1424 2243 1456 Samuelis
2265 1435 2335 1456 ora-

1373 1469 1492 1508 culum,
1522 1468 1673 1499 unctione
1696 1474 1831 1499 externa
1855 1469 2089 1503 confirmatum,
2114 1466 2274 1498 Davidem
2299 1467 2334 1499 in

1372 1511 1494 1543 Israele
1525 1517 1749 1549 regnaturum:
1780 1521 1877 1551 quare
1906 1521 1981 1551 ergo
2012 1521 2076 1541 non
2108 1510 2219 1541 habuit
2241 1509 2334 1541 illum

1373 1554 1406 1585 in
1435 1555 1555 1585 maiore
1579 1553 1703 1593 pretio?
1749 1553 1817 1585 Nae
1841 1553 1931 1584 Deus
1954 1553 2013 1585 hoc
2037 1553 2191 1593 permisit.
2215 1557 2253 1584 ut
2275 1563 2335 1584 sua.

1374 1597 1479 1638 gratia
1505 1597 1551 1628 sie
1574 1596 1669 1637 longe
1692 1596 1785 1626 fieret
1809 1597 1970 1628 illustrior.
2019 1596 2097 1626 Nam
2122 1596 2148 1627 si
2172 1595 2332 1627 Davidem

1374 1646 1464 1680 pater
1487 1639 1571 1670 ultro
1596 1639 1816 1679 promovisset.
1845 1645 1875 1670 ct
1899 1639 1938 1670 ad
1961 1638 2080 1670 bellum
2105 1648 2176 1669 cum
2201 1638 2335 1678 reliquis

1373 1681 1528 1714 fratribus
1557 1682 1616 1713 sub
1646 1682 1774 1713 vexillis
1806 1681 1916 1714 Saulis
1944 1682 2094 1719 misisset,
2125 1682 2192 1712 visa
2223 1681 2335 1713 fuisset

1374 1726 1516 1756 humana
1542 1723 1698 1764 quaedam
1723 1725 1804 1755 ratio
1828 1725 1912 1756 viam
1938 1724 2055 1756 Davidi
2079 1723 2117 1755 ad
2142 1723 2334 1765 dignitatem

1374 1768 1462 1799 illam
1487 1767 1608 1806 fecisse,
1633 1778 1669 1799 ac
1692 1767 1825 1808 proinde
1847 1768 1951 1808 gratia
1974 1772 2006 1798 et
2029 1767 2253 1798 benevolentia
2272 1766 2336 1798 Dei

1373 1811 1487 1842 fuisset
1516 1810 1690 1841 obscurior.
1735 1811 1781 1841 At
1810 1820 1909 1850 quum
1940 1816 2006 1841 tres
2030 1810 2086 1840 filii
2110 1809 2174 1840 lsai
2198 1809 2335 1841 maiores

1375 1860 1445 1894 post
1460 1853 1592 1885 Saulem
1612 1854 1645 1883 in
1664 1853 1820 1893 praelium
1840 1853 1955 1884 abiisse
1975 1853 2133 1889 dicuntur,
2153 1858 2185 1883 et
2204 1852 2336 1883 nomina

1375 1896 1503 1927 illorum
1545 1896 1654 1933 Eliab,
1696 1895 1886 1931 Abinadab,
1927 1895 2059 1927 Samma
2100 1896 2334 1935 exprimuntur,

1376 1938 1483 1970 David
1514 1946 1623 1970 autem
1654 1938 1751 1969 fuisse
1774 1938 1944 1969 minimus:
1974 1944 2006 1969 et
2029 1938 2178 1969 dimissus
2202 1949 2220 1969 a
2242 1942 2335 1978 patre

1376 1982 1415 2013 ad
1446 1982 1562 2013 fratres
1596 1982 1629 2012 in
1659 1981 1772 2013 castris
1800 1981 1979 2012 visitandos
2009 1980 2141 2019 dieitur,
2178 1986 2210 2012 et
2240 1979 2334 2011 modo

1350 2043 1353 2062 ;
1377 2023 1515 2065 pecudes
1533 2025 1566 2055 in
1587 2025 1673 2065 agris
1689 2034 1826 2061 curasse,
1850 2023 1944 2054 modo
1957 2023 1996 2054 ad
2016 2023 2132 2054 fratres
2144 2023 2334 2054 excurrisse.

1379 2068 1465 2099 Sane
1482 2066 1588 2098 David
1612 2068 1707 2107 longe
1730 2073 1870 2098 remotus
1893 2066 1932 2097 ab
1956 2066 2044 2096 omni
2068 2066 2226 2106 dignitate
2247 2065 2336 2097 vide—

1352 2109 1353 2151 J
1379 2110 1482 2148 batur,
1512 2110 1567 2149 qui
1598 2110 1691 2141 modo
1721 2110 1755 2140 in
1776 2119 1893 2150 pascua
1917 2109 2071 2140 ducendis
2094 2108 2218 2144 ovibus,
2243 2107 2336 2139 modo

1379 2153 1411 2183 in
1454 2152 1590 2183 fratrum
1635 2152 1849 2183 ministerium
1888 2162 2016 2192 operam
2059 2161 2148 2182 suam
2183 2156 2336 2182 navaret:

1380 2201 1492 2226 contra
1520 2206 1596 2226 vero
1630 2196 1745 2226 fratres
1778 2195 1931 2235 optimam
1961 2194 2118 2225 rationem
2149 2192 2266 2225 habere
2297 2193 2337 2225 ad

1381 2248 1522 2269 summos
1553 2238 1691 2269 honores
1721 2237 1940 2278 perveniendi.
1985 2236 2107 2267 Verum
2133 2235 2241 2267 divina
2265 2246 2338 2276 pro-

1383 2280 1523 2311 videntia
1536 2280 1696 2312 Davidem
1718 2281 1821 2311 voluit
1839 2285 1871 2311 et
1893 2279 1980 2311 reiici
2003 2285 2034 2310 et
2053 2278 2091 2309 ad
2116 2278 2194 2309 haec
2216 2279 2340 2310 abiecta.

1382 2324 1559 2354 ministeria
1574 2323 1690 2360 vocari,
1715 2329 1751 2354 ut
1766 2322 1805 2354 ad
1825 2333 1931 2354 rerum
1952 2321 2169 2362 gubernacula
2189 2321 2340 2362 deinceps

1383 2373 1520 2403 vocatus,
1545 2367 1752 2397 illustriorem
1777 2376 1854 2407 erga
1876 2376 1909 2397 se
1925 2365 1986 2395 Dei
2012 2364 2187 2395 bonitatem
2212 2365 2338 2396 faceret.

1382 2408 1474 2446 Nam,
1505 2410 1644 2447 obsecro,
1676 2419 1740 2449 qua
1763 2408 1904 2439 humana
1926 2407 2094 2444 industria,
2125 2407 2242 2446 quibus
2264 2417 2340 2439 con-

1381 2451 1468 2489 siliis,
1482 2451 1640 2483 Davidem
1661 2457 1823 2482 momento
1844 2451 1881 2482 de
1900 2449 2013 2481 humili
2034 2455 2065 2479 et
2084 2450 2208 2480 abiecto
2231 2460 2339 2490 regem

1383 2494 1499 2524 factum
1531 2494 1695 2526 dicemus?
1739 2494 1792 2525 An
1824 2494 1918 2525 rebus
1948 2492 2108 2540 praeclare
2140 2491 2262 2532 gestis?
2298 2502 2340 2523 an

1356 2565 1357 2568 ,
1382 2535 1547 2567 hominum
1578 2538 1682 2578 gratia
1712 2542 1742 2568 et
1771 2535 1899 2568 favore?
1924 2546 1965 2566 an
1988 2534 2090 2574 ipsius
2114 2535 2214 2575 patris
2237 2535 2343 2567 consi·

1356 2576 1359 2611 ἶ
1382 2577 1442 2614 liis,
1473 2580 1525 2618 qui
1555 2590 1572 2611 a
1597 2579 1746 2612 Samuele
1773 2584 1981 2620 regnaturum
2006 2577 2082 2608 olim
2106 2583 2282 2618 acceperat,
2310 2582 2342 2609 et

1382 2621 1516 2660 proinde
1536 2622 1576 2654 ad
1599 2622 1670 2654 illos
1694 2622 1830 2654 honores
1852 2622 1939 2654 viam
1962 2620 2023 2661 ipsi
2048 2620 2179 2652 fecerit?
2204 2620 2343 2652 Minime
