<?xml version="1.0" encoding="UTF-8"?>
<!DOCTYPE html PUBLIC "-//W3C//DTD XHTML 1.0 Transitional//EN"
    "http://www.w3.org/TR/xhtml1/DTD/xhtml1-transitional.dtd">
<html xmlns="http://www.w3.org/1999/xhtml" xml:lang="en" lang="en">
 <head>
  <title>
</title>
<meta http-equiv="Content-Type" content="text/html;charset=utf-8" />
  <meta name='ocr-system' content='tesseract 3.04.00' />
  <meta name='ocr-capabilities' content='ocr_page ocr_carea ocr_par ocr_line ocrx_word'/>
</head>
<body>
  <div class='ocr_page' id='page_1' title='image "./ioanniscalviniop30calv_0325.png"; bbox 0 0 2551 3044; ppageno 0'>
   <div class='ocr_carea' id='block_1_1' title="bbox 0 0 64 3044">
    <p class='ocr_par' dir='ltr' id='par_1_1' title="bbox 0 0 64 3044">
     <span class='ocr_line' id='line_1_1' title="bbox 0 0 64 3044; baseline 0 0"><span class='ocrx_word' id='word_1_1' title='bbox 0 0 64 3044; x_wconf 95' lang='lat' dir='ltr'> </span> 
     </span>
    </p>
   </div>
   <div class='ocr_carea' id='block_1_2' title="bbox 225 208 289 241">
    <p class='ocr_par' dir='ltr' id='par_1_2' title="bbox 225 208 289 241">
     <span class='ocr_line' id='line_1_2' title="bbox 225 208 289 241; baseline -0.016 0"><span class='ocrx_word' id='word_1_2' title='bbox 225 208 289 241; x_wconf 72' lang='lat'>629</span> 
     </span>
    </p>
   </div>
   <div class='ocr_carea' id='block_1_3' title="bbox 227 299 1185 469">
    <p class='ocr_par' dir='ltr' id='par_1_3' title="bbox 227 299 1185 469">
     <span class='ocr_line' id='line_1_3' title="bbox 227 299 1183 343; baseline -0.007 -7"><span class='ocrx_word' id='word_1_3' title='bbox 227 305 410 341; x_wconf 81' lang='lat' dir='ltr'>mittamus,</span> <span class='ocrx_word' id='word_1_4' title='bbox 439 309 471 334; x_wconf 85' lang='lat' dir='ltr'>et</span> <span class='ocrx_word' id='word_1_5' title='bbox 500 302 657 343; x_wconf 71' lang='lat' dir='ltr'>patienter</span> <span class='ocrx_word' id='word_1_6' title='bbox 688 300 818 331; x_wconf 81' lang='lat' dir='ltr'>Domini</span> <span class='ocrx_word' id='word_1_7' title='bbox 849 300 1091 340; x_wconf 77' lang='lat' dir='ltr'>castigationem</span> <span class='ocrx_word' id='word_1_8' title='bbox 1129 299 1183 330; x_wconf 86' lang='lat' dir='ltr'>ad-</span> 
     </span>
     <span class='ocr_line' id='line_1_4' title="bbox 229 342 1183 386; baseline -0.007 -8"><span class='ocrx_word' id='word_1_9' title='bbox 229 348 413 386; x_wconf 73' lang='lat' dir='ltr'>mittamus,</span> <span class='ocrx_word' id='word_1_10' title='bbox 443 345 470 377; x_wconf 89' lang='lat' dir='ltr'>si</span> <span class='ocrx_word' id='word_1_11' title='bbox 499 344 548 376; x_wconf 78' lang='lat' dir='ltr'>vel</span> <span class='ocrx_word' id='word_1_12' title='bbox 580 342 770 382; x_wconf 74' lang='lat' dir='ltr'>mendaciis,</span> <span class='ocrx_word' id='word_1_13' title='bbox 805 342 855 373; x_wconf 83' lang='lat' dir='ltr'>vel</span> <span class='ocrx_word' id='word_1_14' title='bbox 887 342 1100 379; x_wconf 84' lang='lat' dir='ltr'>simulatione,</span> <span class='ocrx_word' id='word_1_15' title='bbox 1132 342 1183 373; x_wconf 89' lang='lat' dir='ltr'>vel</span> 
     </span>
     <span class='ocr_line' id='line_1_5' title="bbox 230 384 1184 429; baseline -0.007 -8"><span class='ocrx_word' id='word_1_16' title='bbox 230 390 292 421; x_wconf 87' lang='lat' dir='ltr'>alia</span> <span class='ocrx_word' id='word_1_17' title='bbox 310 388 428 429; x_wconf 55' lang='lat' dir='ltr'>»quavis</span> <span class='ocrx_word' id='word_1_18' title='bbox 459 388 580 418; x_wconf 85' lang='lat' dir='ltr'>ratione</span> <span class='ocrx_word' id='word_1_19' title='bbox 599 395 621 416; x_wconf 83' lang='lat' dir='ltr'>a</span> <span class='ocrx_word' id='word_1_20' title='bbox 645 390 730 417; x_wconf 83' lang='lat' dir='ltr'>recta</span> <span class='ocrx_word' id='word_1_21' title='bbox 754 385 806 415; x_wconf 87' lang='lat' dir='ltr'>via</span> <span class='ocrx_word' id='word_1_22' title='bbox 829 384 1013 415; x_wconf 81' lang='lat' dir='ltr'><strong>recedentes</strong></span> <span class='ocrx_word' id='word_1_23' title='bbox 1036 395 1075 416; x_wconf 84' lang='lat' dir='ltr'>ex</span> <span class='ocrx_word' id='word_1_24' title='bbox 1094 384 1184 415; x_wconf 27' lang='lat' dir='ltr'>*diffi-</span> 
     </span>
     <span class='ocr_line' id='line_1_6' title="bbox 229 427 1185 469; baseline -0.006 -6"><span class='ocrx_word' id='word_1_25' title='bbox 229 431 404 464; x_wconf 86' lang='lat' dir='ltr'>cultatibus</span> <span class='ocrx_word' id='word_1_26' title='bbox 433 438 595 469; x_wconf 85' lang='lat' dir='ltr'>emergere</span> <span class='ocrx_word' id='word_1_27' title='bbox 624 427 728 458; x_wconf 87' lang='lat' dir='ltr'>conati</span> <span class='ocrx_word' id='word_1_28' title='bbox 758 427 922 458; x_wconf 76' lang='lat' dir='ltr'>fuerimus.</span> <span class='ocrx_word' id='word_1_29' title='bbox 974 427 1044 458; x_wconf 88' lang='lat' dir='ltr'>Deo</span> <span class='ocrx_word' id='word_1_30' title='bbox 1078 428 1185 466; x_wconf 87' lang='lat' dir='ltr'>itaque</span> 
     </span>
    </p>
   </div>
   <div class='ocr_carea' id='block_1_4' title="bbox 226 469 1212 513">
    <p class='ocr_par' dir='ltr' id='par_1_4' title="bbox 226 469 1212 513">
     <span class='ocr_line' id='line_1_7' title="bbox 226 469 1212 513; baseline -0.006 -7"><span class='ocrx_word' id='word_1_31' title='bbox 226 486 287 506; x_wconf 88' lang='lat' dir='ltr'>nos</span> <span class='ocrx_word' id='word_1_32' title='bbox 311 474 410 513; x_wconf 77' lang='lat' dir='ltr'>virgis</span> <span class='ocrx_word' id='word_1_33' title='bbox 441 473 508 503; x_wconf 82' lang='lat' dir='ltr'>suis</span> <span class='ocrx_word' id='word_1_34' title='bbox 538 471 570 501; x_wconf 89' lang='lat' dir='ltr'>in</span> <span class='ocrx_word' id='word_1_35' title='bbox 601 475 721 501; x_wconf 85' lang='lat' dir='ltr'>rectam</span> <span class='ocrx_word' id='word_1_36' title='bbox 752 469 836 501; x_wconf 88' lang='lat' dir='ltr'>viam</span> <span class='ocrx_word' id='word_1_37' title='bbox 870 475 1041 500; x_wconf 85' lang='lat' dir='ltr'>revocante</span> <span class='ocrx_word' id='word_1_38' title='bbox 1072 470 1185 500; x_wconf 85' lang='lat' dir='ltr'>merito</span> <span class='ocrx_word' id='word_1_39' title='bbox 1210 471 1212 500; x_wconf 73' lang='grc' dir='ltr'>ἰ</span> 
     </span>
    </p>
   </div>
   <div class='ocr_carea' id='block_1_5' title="bbox 216 511 1188 2684">
    <p class='ocr_par' dir='ltr' id='par_1_5' title="bbox 216 511 1188 2684">
     <span class='ocr_line' id='line_1_8' title="bbox 229 511 1185 555; baseline -0.007 -7"><span class='ocrx_word' id='word_1_40' title='bbox 229 516 261 548; x_wconf 88' lang='lat' dir='ltr'>id</span> <span class='ocrx_word' id='word_1_41' title='bbox 284 516 353 547; x_wconf 86' lang='lat' dir='ltr'>ficri</span> <span class='ocrx_word' id='word_1_42' title='bbox 376 523 599 555; x_wconf 82' lang='lat' dir='ltr'>agnoscamus,</span> <span class='ocrx_word' id='word_1_43' title='bbox 632 522 735 551; x_wconf 89' lang='lat' dir='ltr'>neque</span> <span class='ocrx_word' id='word_1_44' title='bbox 766 512 864 551; x_wconf 83' lang='lat' dir='ltr'>ipsius</span> <span class='ocrx_word' id='word_1_45' title='bbox 895 511 1019 543; x_wconf 82' lang='lat' dir='ltr'>iudiciis</span> <span class='ocrx_word' id='word_1_46' title='bbox 1043 521 1185 551; x_wconf 85' lang='lat' dir='ltr'>unquam</span> 
     </span>
     <span class='ocr_line' id='line_1_9' title="bbox 230 553 1185 598; baseline -0.006 -8"><span class='ocrx_word' id='word_1_47' title='bbox 230 558 457 598; x_wconf 83' lang='lat' dir='ltr'>obloquamur:</span> <span class='ocrx_word' id='word_1_48' title='bbox 482 554 741 595; x_wconf 84' lang='lat' dir='ltr'>quandoquidem</span> <span class='ocrx_word' id='word_1_49' title='bbox 761 553 920 585; x_wconf 76' lang='lat' dir='ltr'><strong>Davidem</strong></span> <span class='ocrx_word' id='word_1_50' title='bbox 944 559 988 585; x_wconf 91' lang='lat' dir='ltr'>tot</span> <span class='ocrx_word' id='word_1_51' title='bbox 1008 554 1070 584; x_wconf 92' lang='lat' dir='ltr'>Dei</span> <span class='ocrx_word' id='word_1_52' title='bbox 1095 554 1185 585; x_wconf 91' lang='lat' dir='ltr'>donis</span> 
     </span>
     <span class='ocr_line' id='line_1_10' title="bbox 224 596 1153 641; baseline -0.003 -12"><span class='ocrx_word' id='word_1_53' title='bbox 224 607 261 632; x_wconf 71' lang='grc' dir='ltr'>,ει</span> <span class='ocrx_word' id='word_1_54' title='bbox 282 599 394 641; x_wconf 83' lang='lat' dir='ltr'>gratiis</span> <span class='ocrx_word' id='word_1_55' title='bbox 418 598 575 638; x_wconf 73' lang='lat' dir='ltr'>insignem</span> <span class='ocrx_word' id='word_1_56' title='bbox 601 596 746 627; x_wconf 80' lang='lat' dir='ltr'>videmus</span> <span class='ocrx_word' id='word_1_57' title='bbox 770 607 834 627; x_wconf 88' lang='lat' dir='ltr'>non</span> <span class='ocrx_word' id='word_1_58' title='bbox 858 597 951 627; x_wconf 82' lang='lat' dir='ltr'>aliter</span> <span class='ocrx_word' id='word_1_59' title='bbox 975 602 1153 636; x_wconf 73' lang='lat' dir='ltr'>exceptum.</span> 
     </span>
     <span class='ocr_line' id='line_1_11' title="bbox 313 639 1186 678; baseline -0.003 -6"><span class='ocrx_word' id='word_1_60' title='bbox 313 641 446 672; x_wconf 78' lang='lat' dir='ltr'>Interim</span> <span class='ocrx_word' id='word_1_61' title='bbox 477 650 552 670; x_wconf 88' lang='lat' dir='ltr'>vero</span> <span class='ocrx_word' id='word_1_62' title='bbox 589 639 763 678; x_wconf 85' lang='lat' dir='ltr'>singularis</span> <span class='ocrx_word' id='word_1_63' title='bbox 788 639 1029 671; x_wconf 29' lang='lat' dir='ltr'>,misericordiae</span> <span class='ocrx_word' id='word_1_64' title='bbox 1058 639 1186 671; x_wconf 86' lang='lat' dir='ltr'>divinae</span> 
     </span>
     <span class='ocr_line' id='line_1_12' title="bbox 224 681 1187 724; baseline -0.001 -11"><span class='ocrx_word' id='word_1_65' title='bbox 224 683 411 724; x_wconf 17' lang='lat' dir='ltr'>*exemplum</span> <span class='ocrx_word' id='word_1_66' title='bbox 434 688 569 722; x_wconf 85' lang='lat' dir='ltr'>apparet</span> <span class='ocrx_word' id='word_1_67' title='bbox 587 682 619 713; x_wconf 91' lang='lat' dir='ltr'>in</span> <span class='ocrx_word' id='word_1_68' title='bbox 642 681 775 719; x_wconf 81' lang='lat' dir='ltr'>Davide,</span> <span class='ocrx_word' id='word_1_69' title='bbox 799 692 893 722; x_wconf 87' lang='lat' dir='ltr'>quem</span> <span class='ocrx_word' id='word_1_70' title='bbox 914 682 1003 713; x_wconf 90' lang='lat' dir='ltr'>Deus</span> <span class='ocrx_word' id='word_1_71' title='bbox 1026 682 1058 712; x_wconf 89' lang='lat' dir='ltr'>in</span> <span class='ocrx_word' id='word_1_72' title='bbox 1082 687 1187 712; x_wconf 81' lang='lat' dir='ltr'>extre-</span> 
     </span>
     <span class='ocr_line' id='line_1_13' title="bbox 226 725 1186 764; baseline -0.004 -6"><span class='ocrx_word' id='word_1_73' title='bbox 226 737 316 758; x_wconf 91' lang='lat' dir='ltr'>mum</span> <span class='ocrx_word' id='word_1_74' title='bbox 341 726 425 758; x_wconf 85' lang='lat' dir='ltr'>vitae</span> <span class='ocrx_word' id='word_1_75' title='bbox 454 725 625 756; x_wconf 74' lang='lat' dir='ltr'>discrimen</span> <span class='ocrx_word' id='word_1_76' title='bbox 649 730 794 756; x_wconf 87' lang='lat' dir='ltr'>vocatum</span> <span class='ocrx_word' id='word_1_77' title='bbox 826 729 967 764; x_wconf 85' lang='lat' dir='ltr'>repente,</span> <span class='ocrx_word' id='word_1_78' title='bbox 997 729 1029 755; x_wconf 85' lang='lat' dir='ltr'>et</span> <span class='ocrx_word' id='word_1_79' title='bbox 1059 730 1186 764; x_wconf 87' lang='lat' dir='ltr'>praeter</span> 
     </span>
     <span class='ocr_line' id='line_1_14' title="bbox 226 765 1187 808; baseline -0.003 -8"><span class='ocrx_word' id='word_1_80' title='bbox 226 769 394 800; x_wconf 86' lang='lat' dir='ltr'>hominum</span> <span class='ocrx_word' id='word_1_81' title='bbox 418 768 600 808; x_wconf 86' lang='lat' dir='ltr'>opinionem</span> <span class='ocrx_word' id='word_1_82' title='bbox 625 777 664 797; x_wconf 74' lang='lat' dir='ltr'>ex</span> <span class='ocrx_word' id='word_1_83' title='bbox 689 778 724 797; x_wconf 89' lang='lat' dir='ltr'>eo</span> <span class='ocrx_word' id='word_1_84' title='bbox 747 767 871 805; x_wconf 86' lang='lat' dir='ltr'>liberat,</span> <span class='ocrx_word' id='word_1_85' title='bbox 903 778 965 797; x_wconf 93' lang='lat' dir='ltr'>non</span> <span class='ocrx_word' id='word_1_86' title='bbox 990 777 1081 798; x_wconf 88' lang='lat' dir='ltr'>secus</span> <span class='ocrx_word' id='word_1_87' title='bbox 1104 777 1140 797; x_wconf 87' lang='lat' dir='ltr'>ac</span> <span class='ocrx_word' id='word_1_88' title='bbox 1159 765 1187 796; x_wconf 83' lang='lat' dir='ltr'>si</span> 
     </span>
     <span class='ocr_line' id='line_1_15' title="bbox 227 809 1186 852; baseline -0.004 -9"><span class='ocrx_word' id='word_1_89' title='bbox 227 813 297 852; x_wconf 86' lang='lat' dir='ltr'>quis</span> <span class='ocrx_word' id='word_1_90' title='bbox 321 822 354 842; x_wconf 88' lang='lat' dir='ltr'>se</span> <span class='ocrx_word' id='word_1_91' title='bbox 376 810 478 842; x_wconf 87' lang='lat' dir='ltr'>filium</span> <span class='ocrx_word' id='word_1_92' title='bbox 502 820 595 841; x_wconf 91' lang='lat' dir='ltr'>suum</span> <span class='ocrx_word' id='word_1_93' title='bbox 625 809 896 850; x_wconf 87' lang='lat' dir='ltr'>comprehensum</span> <span class='ocrx_word' id='word_1_94' title='bbox 926 809 1103 848; x_wconf 78' lang='lat' dir='ltr'>simularet,</span> <span class='ocrx_word' id='word_1_95' title='bbox 1134 809 1186 839; x_wconf 87' lang='lat' dir='ltr'>vel</span> 
     </span>
     <span class='ocr_line' id='line_1_16' title="bbox 227 852 1186 892; baseline -0.003 -7"><span class='ocrx_word' id='word_1_96' title='bbox 227 855 257 886; x_wconf 91' lang='lat' dir='ltr'>in</span> <span class='ocrx_word' id='word_1_97' title='bbox 282 854 419 892; x_wconf 83' lang='lat' dir='ltr'>foveam,</span> <span class='ocrx_word' id='word_1_98' title='bbox 451 852 501 883; x_wconf 89' lang='lat' dir='ltr'>vel</span> <span class='ocrx_word' id='word_1_99' title='bbox 525 853 557 883; x_wconf 91' lang='lat' dir='ltr'>in</span> <span class='ocrx_word' id='word_1_100' title='bbox 582 853 687 892; x_wconf 85' lang='lat' dir='ltr'>ignem</span> <span class='ocrx_word' id='word_1_101' title='bbox 712 852 868 883; x_wconf 89' lang='lat' dir='ltr'>coniicere</span> <span class='ocrx_word' id='word_1_102' title='bbox 892 852 983 889; x_wconf 87' lang='lat' dir='ltr'>velle,</span> <span class='ocrx_word' id='word_1_103' title='bbox 1013 862 1075 892; x_wconf 90' lang='lat' dir='ltr'>quo</span> <span class='ocrx_word' id='word_1_104' title='bbox 1103 852 1186 883; x_wconf 82' lang='lat' dir='ltr'>facto</span> 
     </span>
     <span class='ocr_line' id='line_1_17' title="bbox 223 895 1186 934; baseline -0.005 -5"><span class='ocrx_word' id='word_1_105' title='bbox 223 897 311 929; x_wconf 83' lang='lat' dir='ltr'>filius</span> <span class='ocrx_word' id='word_1_106' title='bbox 344 896 397 927; x_wconf 87' lang='lat' dir='ltr'>ille</span> <span class='ocrx_word' id='word_1_107' title='bbox 431 896 475 927; x_wconf 92' lang='lat' dir='ltr'>sic</span> <span class='ocrx_word' id='word_1_108' title='bbox 509 900 681 931; x_wconf 85' lang='lat' dir='ltr'>terreatur,</span> <span class='ocrx_word' id='word_1_109' title='bbox 724 900 759 925; x_wconf 90' lang='lat' dir='ltr'>ut</span> <span class='ocrx_word' id='word_1_110' title='bbox 799 895 894 925; x_wconf 85' lang='lat' dir='ltr'>morti</span> <span class='ocrx_word' id='word_1_111' title='bbox 935 905 969 925; x_wconf 90' lang='lat' dir='ltr'>se</span> <span class='ocrx_word' id='word_1_112' title='bbox 1004 895 1186 934; x_wconf 80' lang='lat' dir='ltr'>proximum</span> 
     </span>
     <span class='ocr_line' id='line_1_18' title="bbox 225 938 1187 977; baseline -0.004 -6"><span class='ocrx_word' id='word_1_113' title='bbox 225 939 399 977; x_wconf 82' lang='lat' dir='ltr'>existimet,</span> <span class='ocrx_word' id='word_1_114' title='bbox 429 938 502 969; x_wconf 87' lang='lat' dir='ltr'>lieet</span> <span class='ocrx_word' id='word_1_115' title='bbox 534 948 607 970; x_wconf 88' lang='lat' dir='ltr'>eum</span> <span class='ocrx_word' id='word_1_116' title='bbox 639 942 747 968; x_wconf 84' lang='lat' dir='ltr'>tamen</span> <span class='ocrx_word' id='word_1_117' title='bbox 778 943 867 976; x_wconf 86' lang='lat' dir='ltr'>pater</span> <span class='ocrx_word' id='word_1_118' title='bbox 891 948 990 968; x_wconf 85' lang='lat' dir='ltr'>manu</span> <span class='ocrx_word' id='word_1_119' title='bbox 1015 942 1131 974; x_wconf 88' lang='lat' dir='ltr'>teneat,</span> <span class='ocrx_word' id='word_1_120' title='bbox 1155 941 1187 967; x_wconf 86' lang='lat' dir='ltr'>et</span> 
     </span>
     <span class='ocr_line' id='line_1_19' title="bbox 224 979 1186 1023; baseline -0.003 -10"><span class='ocrx_word' id='word_1_121' title='bbox 224 982 333 1023; x_wconf 80' lang='lat' dir='ltr'>ipsum</span> <span class='ocrx_word' id='word_1_122' title='bbox 357 980 511 1021; x_wconf 89' lang='lat' dir='ltr'>perdendi</span> <span class='ocrx_word' id='word_1_123' title='bbox 531 981 672 1012; x_wconf 85' lang='lat' dir='ltr'>animum</span> <span class='ocrx_word' id='word_1_124' title='bbox 692 990 758 1010; x_wconf 92' lang='lat' dir='ltr'>non</span> <span class='ocrx_word' id='word_1_125' title='bbox 777 979 908 1010; x_wconf 85' lang='lat' dir='ltr'>habeat:</span> <span class='ocrx_word' id='word_1_126' title='bbox 933 979 986 1011; x_wconf 87' lang='lat' dir='ltr'>sed</span> <span class='ocrx_word' id='word_1_127' title='bbox 1007 990 1043 1010; x_wconf 90' lang='lat' dir='ltr'>ea</span> <span class='ocrx_word' id='word_1_128' title='bbox 1062 980 1186 1011; x_wconf 88' lang='lat' dir='ltr'>ratione</span> 
     </span>
     <span class='ocr_line' id='line_1_20' title="bbox 227 1021 1186 1065; baseline -0.003 -9"><span class='ocrx_word' id='word_1_129' title='bbox 227 1024 420 1065; x_wconf 79' lang='lat' dir='ltr'>castigatum</span> <span class='ocrx_word' id='word_1_130' title='bbox 445 1023 546 1054; x_wconf 84' lang='lat' dir='ltr'>filium</span> <span class='ocrx_word' id='word_1_131' title='bbox 571 1022 649 1053; x_wconf 88' lang='lat' dir='ltr'>velit</span> <span class='ocrx_word' id='word_1_132' title='bbox 672 1023 704 1053; x_wconf 92' lang='lat' dir='ltr'>in</span> <span class='ocrx_word' id='word_1_133' title='bbox 729 1028 893 1062; x_wconf 88' lang='lat' dir='ltr'>posterum</span> <span class='ocrx_word' id='word_1_134' title='bbox 917 1033 1039 1062; x_wconf 82' lang='lat' dir='ltr'>sapere,</span> <span class='ocrx_word' id='word_1_135' title='bbox 1070 1027 1102 1053; x_wconf 86' lang='lat' dir='ltr'>et</span> <span class='ocrx_word' id='word_1_136' title='bbox 1131 1021 1186 1053; x_wconf 88' lang='lat' dir='ltr'>ad-</span> 
     </span>
     <span class='ocr_line' id='line_1_21' title="bbox 222 1064 1185 1106; baseline -0.005 -7"><span class='ocrx_word' id='word_1_137' title='bbox 222 1067 317 1099; x_wconf 80' lang='lat' dir='ltr'>missi</span> <span class='ocrx_word' id='word_1_138' title='bbox 339 1067 461 1106; x_wconf 87' lang='lat' dir='ltr'>peccati</span> <span class='ocrx_word' id='word_1_139' title='bbox 485 1075 658 1097; x_wconf 84' lang='lat' dir='ltr'>memorem</span> <span class='ocrx_word' id='word_1_140' title='bbox 689 1075 768 1102; x_wconf 89' lang='lat' dir='ltr'>esse,</span> <span class='ocrx_word' id='word_1_141' title='bbox 800 1076 839 1096; x_wconf 88' lang='lat' dir='ltr'>ne</span> <span class='ocrx_word' id='word_1_142' title='bbox 868 1065 1006 1105; x_wconf 88' lang='lat' dir='ltr'>amplius</span> <span class='ocrx_word' id='word_1_143' title='bbox 1037 1065 1071 1095; x_wconf 90' lang='lat' dir='ltr'>in</span> <span class='ocrx_word' id='word_1_144' title='bbox 1101 1064 1185 1095; x_wconf 87' lang='lat' dir='ltr'>idem</span> 
     </span>
     <span class='ocr_line' id='line_1_22' title="bbox 224 1108 1186 1147; baseline -0.004 -6"><span class='ocrx_word' id='word_1_145' title='bbox 224 1109 354 1141; x_wconf 87' lang='lat' dir='ltr'>recidat.</span> <span class='ocrx_word' id='word_1_146' title='bbox 419 1109 490 1139; x_wconf 78' lang='lat' dir='ltr'>Non</span> <span class='ocrx_word' id='word_1_147' title='bbox 531 1108 593 1138; x_wconf 85' lang='lat' dir='ltr'>alia</span> <span class='ocrx_word' id='word_1_148' title='bbox 635 1108 758 1138; x_wconf 87' lang='lat' dir='ltr'>ratione</span> <span class='ocrx_word' id='word_1_149' title='bbox 800 1108 888 1138; x_wconf 89' lang='lat' dir='ltr'>Deus</span> <span class='ocrx_word' id='word_1_150' title='bbox 934 1118 1010 1147; x_wconf 85' lang='lat' dir='ltr'>erga</span> <span class='ocrx_word' id='word_1_151' title='bbox 1057 1118 1186 1138; x_wconf 87' lang='lat' dir='ltr'>servum</span> 
     </span>
     <span class='ocr_line' id='line_1_23' title="bbox 226 1150 1186 1191; baseline -0.004 -7"><span class='ocrx_word' id='word_1_152' title='bbox 226 1152 388 1184; x_wconf 82' lang='lat' dir='ltr'>Davidem</span> <span class='ocrx_word' id='word_1_153' title='bbox 410 1162 444 1182; x_wconf 88' lang='lat' dir='ltr'>se</span> <span class='ocrx_word' id='word_1_154' title='bbox 467 1151 574 1191; x_wconf 79' lang='lat' dir='ltr'>gessit,</span> <span class='ocrx_word' id='word_1_155' title='bbox 603 1161 700 1190; x_wconf 89' lang='lat' dir='ltr'>quum</span> <span class='ocrx_word' id='word_1_156' title='bbox 731 1161 787 1181; x_wconf 83' lang='lat' dir='ltr'>rex</span> <span class='ocrx_word' id='word_1_157' title='bbox 811 1150 910 1182; x_wconf 88' lang='lat' dir='ltr'>Achis</span> <span class='ocrx_word' id='word_1_158' title='bbox 934 1155 1081 1181; x_wconf 81' lang='lat' dir='ltr'>vocatum</span> <span class='ocrx_word' id='word_1_159' title='bbox 1113 1161 1186 1181; x_wconf 90' lang='lat' dir='ltr'>eum</span> 
     </span>
     <span class='ocr_line' id='line_1_24' title="bbox 224 1192 1188 1232; baseline -0.003 -6"><span class='ocrx_word' id='word_1_160' title='bbox 224 1195 315 1226; x_wconf 70' lang='lat' dir='ltr'>iubet</span> <span class='ocrx_word' id='word_1_161' title='bbox 343 1205 377 1225; x_wconf 87' lang='lat' dir='ltr'>se</span> <span class='ocrx_word' id='word_1_162' title='bbox 407 1194 438 1224; x_wconf 92' lang='lat' dir='ltr'>in</span> <span class='ocrx_word' id='word_1_163' title='bbox 467 1193 586 1224; x_wconf 88' lang='lat' dir='ltr'>bellum</span> <span class='ocrx_word' id='word_1_164' title='bbox 610 1192 764 1224; x_wconf 85' lang='lat' dir='ltr'>adversus</span> <span class='ocrx_word' id='word_1_165' title='bbox 793 1193 958 1224; x_wconf 82' lang='lat' dir='ltr'>Israelitas</span> <span class='ocrx_word' id='word_1_166' title='bbox 987 1193 1188 1232; x_wconf 87' lang='lat' dir='ltr'>proficiscen-</span> 
     </span>
     <span class='ocr_line' id='line_1_25' title="bbox 225 1235 1186 1277; baseline -0.003 -9"><span class='ocrx_word' id='word_1_167' title='bbox 225 1243 290 1268; x_wconf 85' lang='lat' dir='ltr'>tem</span> <span class='ocrx_word' id='word_1_168' title='bbox 314 1236 414 1277; x_wconf 78' lang='lat' dir='ltr'>sequi.</span> <span class='ocrx_word' id='word_1_169' title='bbox 452 1235 569 1267; x_wconf 87' lang='lat' dir='ltr'>Davidi</span> <span class='ocrx_word' id='word_1_170' title='bbox 595 1235 734 1275; x_wconf 88' lang='lat' dir='ltr'>profecto</span> <span class='ocrx_word' id='word_1_171' title='bbox 753 1235 849 1275; x_wconf 87' lang='lat' dir='ltr'>longe</span> <span class='ocrx_word' id='word_1_172' title='bbox 873 1235 1051 1267; x_wconf 89' lang='lat' dir='ltr'>consultius</span> <span class='ocrx_word' id='word_1_173' title='bbox 1075 1236 1186 1267; x_wconf 86' lang='lat' dir='ltr'>fuisset</span> 
     </span>
     <span class='ocr_line' id='line_1_26' title="bbox 225 1278 1185 1319; baseline -0.003 -8"><span class='ocrx_word' id='word_1_174' title='bbox 225 1280 345 1312; x_wconf 87' lang='lat' dir='ltr'>collum</span> <span class='ocrx_word' id='word_1_175' title='bbox 379 1279 529 1319; x_wconf 82' lang='lat' dir='ltr'>frangere</span> <span class='ocrx_word' id='word_1_176' title='bbox 559 1288 653 1318; x_wconf 88' lang='lat' dir='ltr'>quam</span> <span class='ocrx_word' id='word_1_177' title='bbox 689 1288 817 1317; x_wconf 87' lang='lat' dir='ltr'>passum</span> <span class='ocrx_word' id='word_1_178' title='bbox 852 1288 952 1312; x_wconf 86' lang='lat' dir='ltr'>unum</span> <span class='ocrx_word' id='word_1_179' title='bbox 988 1278 1026 1309; x_wconf 87' lang='lat' dir='ltr'>ad</span> <span class='ocrx_word' id='word_1_180' title='bbox 1065 1278 1185 1309; x_wconf 90' lang='lat' dir='ltr'>bellum</span> 
     </span>
     <span class='ocr_line' id='line_1_27' title="bbox 216 1320 1186 1361; baseline 0 -10"><span class='ocrx_word' id='word_1_181' title='bbox 216 1322 376 1354; x_wconf 60' lang='lat' dir='ltr'>ecelesiae</span> <span class='ocrx_word' id='word_1_182' title='bbox 399 1320 601 1353; x_wconf 86' lang='lat' dir='ltr'>inferendum</span> <span class='ocrx_word' id='word_1_183' title='bbox 630 1331 829 1361; x_wconf 87' lang='lat' dir='ltr'>promovere,</span> <span class='ocrx_word' id='word_1_184' title='bbox 860 1320 1121 1360; x_wconf 87' lang='lat' dir='ltr'>quandoquidem</span> <span class='ocrx_word' id='word_1_185' title='bbox 1149 1330 1186 1351; x_wconf 86' lang='lat' dir='ltr'>ea</span> 
     </span>
     <span class='ocr_line' id='line_1_28' title="bbox 223 1362 1184 1405; baseline -0.002 -9"><span class='ocrx_word' id='word_1_186' title='bbox 223 1365 350 1396; x_wconf 88' lang='lat' dir='ltr'>ratione</span> <span class='ocrx_word' id='word_1_187' title='bbox 385 1363 652 1405; x_wconf 81' lang='lat' dir='ltr'>promissionibus</span> <span class='ocrx_word' id='word_1_188' title='bbox 687 1363 836 1394; x_wconf 87' lang='lat' dir='ltr'>omnibus</span> <span class='ocrx_word' id='word_1_189' title='bbox 874 1362 992 1395; x_wconf 88' lang='lat' dir='ltr'>divinis</span> <span class='ocrx_word' id='word_1_190' title='bbox 1030 1364 1184 1395; x_wconf 85' lang='lat' dir='ltr'>nuncium</span> 
     </span>
     <span class='ocr_line' id='line_1_29' title="bbox 225 1405 1185 1439; baseline -0.001 0"><span class='ocrx_word' id='word_1_191' title='bbox 225 1407 411 1439; x_wconf 77' lang='lat' dir='ltr'>remisisset.</span> <span class='ocrx_word' id='word_1_192' title='bbox 456 1405 522 1439; x_wconf 85' lang='lat' dir='ltr'>Sed</span> <span class='ocrx_word' id='word_1_193' title='bbox 545 1411 651 1437; x_wconf 87' lang='lat' dir='ltr'>tamen</span> <span class='ocrx_word' id='word_1_194' title='bbox 683 1406 717 1437; x_wconf 89' lang='lat' dir='ltr'>in</span> <span class='ocrx_word' id='word_1_195' title='bbox 747 1416 817 1437; x_wconf 88' lang='lat' dir='ltr'>eam</span> <span class='ocrx_word' id='word_1_196' title='bbox 847 1408 1068 1437; x_wconf 85' lang='lat' dir='ltr'>necessitatem</span> <span class='ocrx_word' id='word_1_197' title='bbox 1099 1417 1185 1438; x_wconf 89' lang='lat' dir='ltr'>nunc</span> 
     </span>
     <span class='ocr_line' id='line_1_30' title="bbox 220 1448 1185 1491; baseline -0.001 -10"><span class='ocrx_word' id='word_1_198' title='bbox 220 1450 399 1491; x_wconf 69' lang='lat' dir='ltr'>xredigitur,</span> <span class='ocrx_word' id='word_1_199' title='bbox 432 1449 544 1480; x_wconf 90' lang='lat' dir='ltr'>merito</span> <span class='ocrx_word' id='word_1_200' title='bbox 586 1459 704 1488; x_wconf 86' lang='lat' dir='ltr'>poenas</span> <span class='ocrx_word' id='word_1_201' title='bbox 737 1448 776 1480; x_wconf 89' lang='lat' dir='ltr'>ab</span> <span class='ocrx_word' id='word_1_202' title='bbox 810 1459 846 1479; x_wconf 87' lang='lat' dir='ltr'>eo</span> <span class='ocrx_word' id='word_1_203' title='bbox 884 1449 1032 1489; x_wconf 79' lang='lat' dir='ltr'>exigente</span> <span class='ocrx_word' id='word_1_204' title='bbox 1074 1449 1185 1481; x_wconf 86' lang='lat' dir='ltr'>divina</span> 
     </span>
     <span class='ocr_line' id='line_1_31' title="bbox 225 1490 1183 1528; baseline -0.001 -5"><span class='ocrx_word' id='word_1_205' title='bbox 225 1493 347 1525; x_wconf 87' lang='lat' dir='ltr'>iustitia</span> <span class='ocrx_word' id='word_1_206' title='bbox 370 1492 409 1523; x_wconf 90' lang='lat' dir='ltr'>de</span> <span class='ocrx_word' id='word_1_207' title='bbox 433 1490 598 1523; x_wconf 85' lang='lat' dir='ltr'>mendacio</span> <span class='ocrx_word' id='word_1_208' title='bbox 633 1496 663 1522; x_wconf 86' lang='lat' dir='ltr'>et</span> <span class='ocrx_word' id='word_1_209' title='bbox 691 1491 906 1528; x_wconf 76' lang='lat' dir='ltr'>simulatione,</span> <span class='ocrx_word' id='word_1_210' title='bbox 938 1498 974 1522; x_wconf 89' lang='lat' dir='ltr'>ut</span> <span class='ocrx_word' id='word_1_211' title='bbox 1009 1492 1091 1523; x_wconf 88' lang='lat' dir='ltr'>serio</span> <span class='ocrx_word' id='word_1_212' title='bbox 1121 1492 1183 1524; x_wconf 85' lang='lat' dir='ltr'>iam</span> 
     </span>
     <span class='ocr_line' id='line_1_32' title="bbox 223 1534 1184 1575; baseline -0.001 -9"><span class='ocrx_word' id='word_1_213' title='bbox 223 1534 329 1567; x_wconf 85' lang='lat' dir='ltr'>facere</span> <span class='ocrx_word' id='word_1_214' title='bbox 352 1540 494 1575; x_wconf 86' lang='lat' dir='ltr'>cogatur,</span> <span class='ocrx_word' id='word_1_215' title='bbox 526 1534 610 1573; x_wconf 91' lang='lat' dir='ltr'>quod</span> <span class='ocrx_word' id='word_1_216' title='bbox 637 1545 670 1565; x_wconf 92' lang='lat' dir='ltr'>se</span> <span class='ocrx_word' id='word_1_217' title='bbox 700 1534 804 1565; x_wconf 86' lang='lat' dir='ltr'>facere</span> <span class='ocrx_word' id='word_1_218' title='bbox 827 1540 923 1565; x_wconf 84' lang='lat' dir='ltr'>antea</span> <span class='ocrx_word' id='word_1_219' title='bbox 954 1534 1184 1565; x_wconf 83' lang='lat' dir='ltr'>mentiebatur:</span> 
     </span>
     <span class='ocr_line' id='line_1_33' title="bbox 225 1576 1185 1618; baseline -0.001 -9"><span class='ocrx_word' id='word_1_220' title='bbox 225 1578 368 1618; x_wconf 82' lang='lat' dir='ltr'>adeoque</span> <span class='ocrx_word' id='word_1_221' title='bbox 392 1582 525 1617; x_wconf 84' lang='lat' dir='ltr'>urgetur</span> <span class='ocrx_word' id='word_1_222' title='bbox 548 1581 585 1607; x_wconf 89' lang='lat' dir='ltr'>ut</span> <span class='ocrx_word' id='word_1_223' title='bbox 598 1576 697 1608; x_wconf 74' lang='lat' dir='ltr'>Aeliis</span> <span class='ocrx_word' id='word_1_224' title='bbox 719 1587 790 1607; x_wconf 87' lang='lat' dir='ltr'>eum</span> <span class='ocrx_word' id='word_1_225' title='bbox 812 1576 896 1608; x_wconf 88' lang='lat' dir='ltr'>dicat</span> <span class='ocrx_word' id='word_1_226' title='bbox 909 1577 990 1607; x_wconf 90' lang='lat' dir='ltr'>velle</span> <span class='ocrx_word' id='word_1_227' title='bbox 1014 1588 1046 1608; x_wconf 87' lang='lat' dir='ltr'>se</span> <span class='ocrx_word' id='word_1_228' title='bbox 1067 1577 1185 1608; x_wconf 89' lang='lat' dir='ltr'>habere</span> 
     </span>
     <span class='ocr_line' id='line_1_34' title="bbox 226 1618 1185 1660; baseline 0 -9"><span class='ocrx_word' id='word_1_229' title='bbox 226 1622 260 1651; x_wconf 92' lang='lat' dir='ltr'>in</span> <span class='ocrx_word' id='word_1_230' title='bbox 281 1625 445 1660; x_wconf 85' lang='lat' dir='ltr'>&#39;posterum</span> <span class='ocrx_word' id='word_1_231' title='bbox 469 1618 632 1650; x_wconf 79' lang='lat' dir='ltr'>custodem</span> <span class='ocrx_word' id='word_1_232' title='bbox 650 1620 700 1650; x_wconf 89' lang='lat' dir='ltr'>sui</span> <span class='ocrx_word' id='word_1_233' title='bbox 723 1619 850 1659; x_wconf 88' lang='lat' dir='ltr'>capitis:</span> <span class='ocrx_word' id='word_1_234' title='bbox 883 1624 918 1650; x_wconf 93' lang='lat' dir='ltr'>ut</span> <span class='ocrx_word' id='word_1_235' title='bbox 942 1620 1003 1650; x_wconf 90' lang='lat' dir='ltr'>iam</span> <span class='ocrx_word' id='word_1_236' title='bbox 1035 1620 1185 1651; x_wconf 89' lang='lat' dir='ltr'>dissimu-</span> 
     </span>
     <span class='ocr_line' id='line_1_35' title="bbox 225 1661 1183 1701; baseline -0.001 -7"><span class='ocrx_word' id='word_1_237' title='bbox 225 1663 339 1694; x_wconf 82' lang='lat' dir='ltr'>lationi</span> <span class='ocrx_word' id='word_1_238' title='bbox 363 1661 569 1693; x_wconf 87' lang='lat' dir='ltr'>locus-nullus</span> <span class='ocrx_word' id='word_1_239' title='bbox 581 1662 728 1701; x_wconf 81' lang='lat' dir='ltr'>supersit,</span> <span class='ocrx_word' id='word_1_240' title='bbox 752 1661 807 1693; x_wconf 87' lang='lat' dir='ltr'>sed</span> <span class='ocrx_word' id='word_1_241' title='bbox 831 1667 963 1694; x_wconf 86' lang='lat' dir='ltr'>strenue</span> <span class='ocrx_word' id='word_1_242' title='bbox 977 1673 1010 1693; x_wconf 90' lang='lat' dir='ltr'>se</span> <span class='ocrx_word' id='word_1_243' title='bbox 1023 1661 1183 1694; x_wconf 85' lang='lat' dir='ltr'>Davidem</span> 
     </span>
     <span class='ocr_line' id='line_1_36' title="bbox 224 1704 1184 1746; baseline 0 -10"><span class='ocrx_word' id='word_1_244' title='bbox 224 1710 371 1746; x_wconf 85' lang='lat' dir='ltr'>oporteat</span> <span class='ocrx_word' id='word_1_245' title='bbox 399 1715 526 1746; x_wconf 82' lang='lat' dir='ltr'>gerere,</span> <span class='ocrx_word' id='word_1_246' title='bbox 557 1709 589 1735; x_wconf 88' lang='lat' dir='ltr'>et</span> <span class='ocrx_word' id='word_1_247' title='bbox 619 1705 775 1744; x_wconf 87' lang='lat' dir='ltr'>sanguine</span> <span class='ocrx_word' id='word_1_248' title='bbox 807 1704 966 1741; x_wconf 85' lang='lat' dir='ltr'>fidelium,</span> <span class='ocrx_word' id='word_1_249' title='bbox 1002 1710 1034 1738; x_wconf 84' lang='lat' dir='ltr'>et</span> <span class='ocrx_word' id='word_1_250' title='bbox 1073 1715 1184 1736; x_wconf 90' lang='lat' dir='ltr'>eorum</span> 
     </span>
     <span class='ocr_line' id='line_1_37' title="bbox 225 1747 1184 1789; baseline 0 -10"><span class='ocrx_word' id='word_1_251' title='bbox 225 1748 356 1789; x_wconf 88' lang='lat' dir='ltr'>quiDei</span> <span class='ocrx_word' id='word_1_252' title='bbox 379 1747 516 1788; x_wconf 89' lang='lat' dir='ltr'>populus</span> <span class='ocrx_word' id='word_1_253' title='bbox 529 1747 744 1778; x_wconf 85' lang='lat' dir='ltr'>censebantur</span> <span class='ocrx_word' id='word_1_254' title='bbox 762 1758 877 1779; x_wconf 89' lang='lat' dir='ltr'>manus</span> <span class='ocrx_word' id='word_1_255' title='bbox 895 1747 1050 1787; x_wconf 86' lang='lat' dir='ltr'>polluere.</span> <span class='ocrx_word' id='word_1_256' title='bbox 1083 1747 1184 1779; x_wconf 89' lang='lat' dir='ltr'>Deni-</span> 
     </span>
     <span class='ocr_line' id='line_1_38' title="bbox 224 1789 1185 1832; baseline 0 -10"><span class='ocrx_word' id='word_1_257' title='bbox 224 1802 286 1832; x_wconf 88' lang='lat' dir='ltr'>que</span> <span class='ocrx_word' id='word_1_258' title='bbox 317 1791 429 1821; x_wconf 74' lang='lat' dir='ltr'>fortem</span> <span class='ocrx_word' id='word_1_259' title='bbox 467 1795 499 1820; x_wconf 91' lang='lat' dir='ltr'>et</span> <span class='ocrx_word' id='word_1_260' title='bbox 529 1794 696 1821; x_wconf 69' lang='lat' dir='ltr'>strenuum</span> <span class='ocrx_word' id='word_1_261' title='bbox 727 1790 795 1821; x_wconf 86' lang='lat' dir='ltr'>fieri</span> <span class='ocrx_word' id='word_1_262' title='bbox 824 1789 986 1821; x_wconf 83' lang='lat' dir='ltr'>Davidem</span> <span class='ocrx_word' id='word_1_263' title='bbox 1021 1792 1185 1831; x_wconf 82' lang='lat' dir='ltr'>oportebat</span> 
     </span>
     <span class='ocr_line' id='line_1_39' title="bbox 225 1832 1184 1874; baseline 0.001 -10"><span class='ocrx_word' id='word_1_264' title='bbox 225 1833 335 1874; x_wconf 88' lang='lat' dir='ltr'>populi</span> <span class='ocrx_word' id='word_1_265' title='bbox 360 1833 421 1864; x_wconf 91' lang='lat' dir='ltr'>Dei</span> <span class='ocrx_word' id='word_1_266' title='bbox 443 1832 554 1864; x_wconf 87' lang='lat' dir='ltr'>caede:</span> <span class='ocrx_word' id='word_1_267' title='bbox 584 1832 717 1872; x_wconf 87' lang='lat' dir='ltr'>ideoque</span> <span class='ocrx_word' id='word_1_268' title='bbox 747 1832 916 1864; x_wconf 88' lang='lat' dir='ltr'>hominum</span> <span class='ocrx_word' id='word_1_269' title='bbox 948 1834 1098 1873; x_wconf 87' lang='lat' dir='ltr'>opinione</span> <span class='ocrx_word' id='word_1_270' title='bbox 1122 1845 1184 1865; x_wconf 87' lang='lat' dir='ltr'>non</span> 
     </span>
     <span class='ocr_line' id='line_1_40' title="bbox 224 1875 1185 1916; baseline 0.002 -10"><span class='ocrx_word' id='word_1_271' title='bbox 224 1881 350 1916; x_wconf 87' lang='lat' dir='ltr'>poterat</span> <span class='ocrx_word' id='word_1_272' title='bbox 373 1886 436 1906; x_wconf 89' lang='lat' dir='ltr'>non</span> <span class='ocrx_word' id='word_1_273' title='bbox 461 1885 631 1915; x_wconf 79' lang='lat' dir='ltr'>provocare</span> <span class='ocrx_word' id='word_1_274' title='bbox 655 1876 686 1906; x_wconf 88' lang='lat' dir='ltr'>in</span> <span class='ocrx_word' id='word_1_275' title='bbox 706 1885 739 1906; x_wconf 80' lang='lat' dir='ltr'>se</span> <span class='ocrx_word' id='word_1_276' title='bbox 757 1885 918 1915; x_wconf 86' lang='lat' dir='ltr'>suumque</span> <span class='ocrx_word' id='word_1_277' title='bbox 937 1881 1033 1916; x_wconf 82' lang='lat' dir='ltr'>caput</span> <span class='ocrx_word' id='word_1_278' title='bbox 1052 1875 1185 1908; x_wconf 86' lang='lat' dir='ltr'>horren-</span> 
     </span>
     <span class='ocr_line' id='line_1_41' title="bbox 224 1917 1185 1956; baseline 0 -6"><span class='ocrx_word' id='word_1_279' title='bbox 224 1919 297 1950; x_wconf 89' lang='lat' dir='ltr'>dam</span> <span class='ocrx_word' id='word_1_280' title='bbox 329 1918 392 1949; x_wconf 85' lang='lat' dir='ltr'>Dei</span> <span class='ocrx_word' id='word_1_281' title='bbox 424 1917 612 1956; x_wconf 84' lang='lat' dir='ltr'>vindictam,</span> <span class='ocrx_word' id='word_1_282' title='bbox 644 1923 675 1948; x_wconf 91' lang='lat' dir='ltr'>et</span> <span class='ocrx_word' id='word_1_283' title='bbox 706 1918 879 1950; x_wconf 90' lang='lat' dir='ltr'>multorum</span> <span class='ocrx_word' id='word_1_284' title='bbox 910 1919 1080 1950; x_wconf 84' lang='lat' dir='ltr'>criminum</span> <span class='ocrx_word' id='word_1_285' title='bbox 1113 1930 1185 1950; x_wconf 88' lang='lat' dir='ltr'>reus</span> 
     </span>
     <span class='ocr_line' id='line_1_42' title="bbox 223 1959 1184 2001; baseline 0 -9"><span class='ocrx_word' id='word_1_286' title='bbox 223 1961 306 2001; x_wconf 86' lang='lat' dir='ltr'>apud</span> <span class='ocrx_word' id='word_1_287' title='bbox 341 1960 450 1992; x_wconf 87' lang='lat' dir='ltr'>Deum</span> <span class='ocrx_word' id='word_1_288' title='bbox 484 1961 561 1991; x_wconf 90' lang='lat' dir='ltr'>fieri.</span> <span class='ocrx_word' id='word_1_289' title='bbox 614 1959 677 1992; x_wconf 80' lang='lat' dir='ltr'>Sed</span> <span class='ocrx_word' id='word_1_290' title='bbox 708 1960 800 1991; x_wconf 84' lang='lat' dir='ltr'>Deus</span> <span class='ocrx_word' id='word_1_291' title='bbox 832 1960 1013 1992; x_wconf 80' lang='lat' dir='ltr'>admirabili</span> <span class='ocrx_word' id='word_1_292' title='bbox 1045 1961 1184 2001; x_wconf 87' lang='lat' dir='ltr'>quadam</span> 
     </span>
     <span class='ocr_line' id='line_1_43' title="bbox 224 2002 1184 2044; baseline 0.001 -10"><span class='ocrx_word' id='word_1_293' title='bbox 224 2004 347 2035; x_wconf 84' lang='lat' dir='ltr'>ratione</span> <span class='ocrx_word' id='word_1_294' title='bbox 371 2009 419 2034; x_wconf 85' lang='lat' dir='ltr'>est</span> <span class='ocrx_word' id='word_1_295' title='bbox 449 2002 501 2034; x_wconf 88' lang='lat' dir='ltr'>hic</span> <span class='ocrx_word' id='word_1_296' title='bbox 529 2008 688 2043; x_wconf 87' lang='lat' dir='ltr'>operatus,</span> <span class='ocrx_word' id='word_1_297' title='bbox 716 2002 876 2042; x_wconf 84' lang='lat' dir='ltr'>siquidem</span> <span class='ocrx_word' id='word_1_298' title='bbox 908 2005 994 2034; x_wconf 90' lang='lat' dir='ltr'>viros</span> <span class='ocrx_word' id='word_1_299' title='bbox 1026 2005 1184 2044; x_wconf 80' lang='lat' dir='ltr'>principes</span> 
     </span>
     <span class='ocr_line' id='line_1_44' title="bbox 225 2045 1182 2086; baseline 0.001 -9"><span class='ocrx_word' id='word_1_300' title='bbox 225 2050 257 2077; x_wconf 87' lang='lat' dir='ltr'>et</span> <span class='ocrx_word' id='word_1_301' title='bbox 280 2046 511 2086; x_wconf 85' lang='lat' dir='ltr'>gubernatores</span> <span class='ocrx_word' id='word_1_302' title='bbox 535 2055 571 2077; x_wconf 89' lang='lat' dir='ltr'>ac</span> <span class='ocrx_word' id='word_1_303' title='bbox 590 2047 687 2078; x_wconf 87' lang='lat' dir='ltr'>duces</span> <span class='ocrx_word' id='word_1_304' title='bbox 705 2045 965 2083; x_wconf 84' lang='lat' dir='ltr'>Philistaeorum,</span> <span class='ocrx_word' id='word_1_305' title='bbox 990 2048 1182 2086; x_wconf 84' lang='lat' dir='ltr'>quiautori-</span> 
     </span>
     <span class='ocr_line' id='line_1_45' title="bbox 224 2088 1183 2130; baseline 0 -10"><span class='ocrx_word' id='word_1_306' title='bbox 224 2093 291 2120; x_wconf 75' lang='lat' dir='ltr'>tate</span> <span class='ocrx_word' id='word_1_307' title='bbox 314 2088 398 2128; x_wconf 86' lang='lat' dir='ltr'>apud</span> <span class='ocrx_word' id='word_1_308' title='bbox 422 2099 528 2128; x_wconf 84' lang='lat' dir='ltr'>regem</span> <span class='ocrx_word' id='word_1_309' title='bbox 554 2088 655 2119; x_wconf 88' lang='lat' dir='ltr'>Achis</span> <span class='ocrx_word' id='word_1_310' title='bbox 678 2088 830 2119; x_wconf 88' lang='lat' dir='ltr'>valebant</span> <span class='ocrx_word' id='word_1_311' title='bbox 860 2089 1012 2120; x_wconf 78' lang='lat' dir='ltr'>excitavit</span> <span class='ocrx_word' id='word_1_312' title='bbox 1036 2090 1090 2129; x_wconf 90' lang='lat' dir='ltr'>qui</span> <span class='ocrx_word' id='word_1_313' title='bbox 1114 2090 1183 2130; x_wconf 86' lang='lat' dir='ltr'>regi</span> 
     </span>
     <span class='ocr_line' id='line_1_46' title="bbox 220 2130 1182 2171; baseline 0.002 -9"><span class='ocrx_word' id='word_1_314' title='bbox 220 2131 472 2171; x_wconf 82' lang='lat' dir='ltr'>persuaderent,</span> <span class='ocrx_word' id='word_1_315' title='bbox 504 2136 538 2161; x_wconf 89' lang='lat' dir='ltr'>ut</span> <span class='ocrx_word' id='word_1_316' title='bbox 569 2130 727 2162; x_wconf 85' lang='lat' dir='ltr'>Davidem</span> <span class='ocrx_word' id='word_1_317' title='bbox 760 2141 777 2161; x_wconf 91' lang='lat' dir='ltr'>a</span> <span class='ocrx_word' id='word_1_318' title='bbox 808 2141 841 2161; x_wconf 89' lang='lat' dir='ltr'>se</span> <span class='ocrx_word' id='word_1_319' title='bbox 873 2131 1058 2163; x_wconf 86' lang='lat' dir='ltr'>dimitteret.</span> <span class='ocrx_word' id='word_1_320' title='bbox 1110 2133 1182 2164; x_wconf 88' lang='lat' dir='ltr'>Non</span> 
     </span>
     <span class='ocr_line' id='line_1_47' title="bbox 224 2173 1181 2214; baseline 0.002 -10"><span class='ocrx_word' id='word_1_321' title='bbox 224 2174 359 2213; x_wconf 84' lang='lat' dir='ltr'>angelus</span> <span class='ocrx_word' id='word_1_322' title='bbox 380 2184 399 2204; x_wconf 88' lang='lat' dir='ltr'>e</span> <span class='ocrx_word' id='word_1_323' title='bbox 422 2173 509 2206; x_wconf 84' lang='lat' dir='ltr'>coelo</span> <span class='ocrx_word' id='word_1_324' title='bbox 526 2174 659 2210; x_wconf 86' lang='lat' dir='ltr'>missus,</span> <span class='ocrx_word' id='word_1_325' title='bbox 691 2184 753 2204; x_wconf 92' lang='lat' dir='ltr'>non</span> <span class='ocrx_word' id='word_1_326' title='bbox 785 2173 901 2213; x_wconf 87' lang='lat' dir='ltr'>aliquis</span> <span class='ocrx_word' id='word_1_327' title='bbox 929 2175 1095 2214; x_wconf 88' lang='lat' dir='ltr'>propheta,</span> <span class='ocrx_word' id='word_1_328' title='bbox 1126 2176 1181 2206; x_wconf 90' lang='lat' dir='ltr'>sed</span> 
     </span>
     <span class='ocr_line' id='line_1_48' title="bbox 224 2215 1183 2256; baseline 0.003 -10"><span class='ocrx_word' id='word_1_329' title='bbox 224 2216 286 2256; x_wconf 89' lang='lat' dir='ltr'>ipsi</span> <span class='ocrx_word' id='word_1_330' title='bbox 324 2216 491 2247; x_wconf 86' lang='lat' dir='ltr'>Philistaei</span> <span class='ocrx_word' id='word_1_331' title='bbox 529 2215 691 2247; x_wconf 87' lang='lat' dir='ltr'>Davidem</span> <span class='ocrx_word' id='word_1_332' title='bbox 734 2216 885 2254; x_wconf 83' lang='lat' dir='ltr'>liberant,</span> <span class='ocrx_word' id='word_1_333' title='bbox 928 2222 958 2247; x_wconf 88' lang='lat' dir='ltr'>et</span> <span class='ocrx_word' id='word_1_334' title='bbox 1000 2217 1183 2250; x_wconf 82' lang='lat' dir='ltr'>imminenti</span> 
     </span>
     <span class='ocr_line' id='line_1_49' title="bbox 225 2258 1182 2299; baseline 0.002 -10"><span class='ocrx_word' id='word_1_335' title='bbox 225 2258 366 2298; x_wconf 89' lang='lat' dir='ltr'>periculo</span> <span class='ocrx_word' id='word_1_336' title='bbox 390 2259 547 2298; x_wconf 81' lang='lat' dir='ltr'>eximunt,</span> <span class='ocrx_word' id='word_1_337' title='bbox 571 2264 607 2290; x_wconf 88' lang='lat' dir='ltr'>ut</span> <span class='ocrx_word' id='word_1_338' title='bbox 625 2259 767 2299; x_wconf 88' lang='lat' dir='ltr'>ipsorum</span> <span class='ocrx_word' id='word_1_339' title='bbox 780 2259 893 2290; x_wconf 80' lang='lat' dir='ltr'>castris</span> <span class='ocrx_word' id='word_1_340' title='bbox 909 2259 1075 2297; x_wconf 80' lang='lat' dir='ltr'>excedens,</span> <span class='ocrx_word' id='word_1_341' title='bbox 1099 2261 1182 2292; x_wconf 89' lang='lat' dir='ltr'>nihil</span> 
     </span>
     <span class='ocr_line' id='line_1_50' title="bbox 223 2301 1180 2338; baseline 0.004 -7"><span class='ocrx_word' id='word_1_342' title='bbox 223 2308 337 2332; x_wconf 88' lang='lat' dir='ltr'>contra</span> <span class='ocrx_word' id='word_1_343' title='bbox 376 2301 622 2338; x_wconf 82' lang='lat' dir='ltr'>conscientiam,</span> <span class='ocrx_word' id='word_1_344' title='bbox 664 2301 743 2332; x_wconf 85' lang='lat' dir='ltr'>nihil</span> <span class='ocrx_word' id='word_1_345' title='bbox 782 2310 893 2332; x_wconf 80' lang='lat' dir='ltr'>contra</span> <span class='ocrx_word' id='word_1_346' title='bbox 933 2302 981 2334; x_wconf 85' lang='lat' dir='ltr'>fas</span> <span class='ocrx_word' id='word_1_347' title='bbox 1021 2303 1180 2336; x_wconf 83' lang='lat' dir='ltr'>admittat.</span> 
     </span>
     <span class='ocr_line' id='line_1_51' title="bbox 223 2343 1181 2383; baseline 0.003 -8"><span class='ocrx_word' id='word_1_348' title='bbox 223 2343 418 2383; x_wconf 77' lang='lat' dir='ltr'>Quanquam</span> <span class='ocrx_word' id='word_1_349' title='bbox 443 2343 539 2375; x_wconf 86' lang='lat' dir='ltr'>etiam</span> <span class='ocrx_word' id='word_1_350' title='bbox 562 2349 596 2374; x_wconf 87' lang='lat' dir='ltr'>ut</span> <span class='ocrx_word' id='word_1_351' title='bbox 618 2349 727 2383; x_wconf 88' lang='lat' dir='ltr'>postea</span> <span class='ocrx_word' id='word_1_352' title='bbox 751 2343 938 2382; x_wconf 89' lang='lat' dir='ltr'>videbimus,</span> <span class='ocrx_word' id='word_1_353' title='bbox 969 2344 1031 2376; x_wconf 88' lang='lat' dir='ltr'>alia</span> <span class='ocrx_word' id='word_1_354' title='bbox 1056 2347 1181 2378; x_wconf 85' lang='lat' dir='ltr'>ratione</span> 
     </span>
     <span class='ocr_line' id='line_1_52' title="bbox 221 2385 1179 2427; baseline 0.002 -9"><span class='ocrx_word' id='word_1_355' title='bbox 221 2397 256 2418; x_wconf 87' lang='lat' dir='ltr'>se</span> <span class='ocrx_word' id='word_1_356' title='bbox 280 2386 383 2426; x_wconf 84' lang='lat' dir='ltr'>potuit</span> <span class='ocrx_word' id='word_1_357' title='bbox 405 2385 575 2417; x_wconf 80' lang='lat' dir='ltr'>defendere</span> <span class='ocrx_word' id='word_1_358' title='bbox 599 2397 709 2417; x_wconf 91' lang='lat' dir='ltr'>verum</span> <span class='ocrx_word' id='word_1_359' title='bbox 734 2391 842 2417; x_wconf 87' lang='lat' dir='ltr'>tamen</span> <span class='ocrx_word' id='word_1_360' title='bbox 863 2398 924 2427; x_wconf 88' lang='lat' dir='ltr'>quo</span> <span class='ocrx_word' id='word_1_361' title='bbox 940 2388 1073 2427; x_wconf 87' lang='lat' dir='ltr'>propius</span> <span class='ocrx_word' id='word_1_362' title='bbox 1093 2400 1179 2420; x_wconf 89' lang='lat' dir='ltr'>acce-</span> 
     </span>
     <span class='ocr_line' id='line_1_53' title="bbox 223 2428 1177 2470; baseline 0.002 -10"><span class='ocrx_word' id='word_1_363' title='bbox 223 2429 319 2460; x_wconf 88' lang='lat' dir='ltr'>debat</span> <span class='ocrx_word' id='word_1_364' title='bbox 343 2428 383 2459; x_wconf 89' lang='lat' dir='ltr'>ad</span> <span class='ocrx_word' id='word_1_365' title='bbox 407 2429 497 2468; x_wconf 82' lang='lat' dir='ltr'>regni</span> <span class='ocrx_word' id='word_1_366' title='bbox 520 2429 762 2468; x_wconf 84' lang='lat' dir='ltr'>possessionem,</span> <span class='ocrx_word' id='word_1_367' title='bbox 786 2440 823 2460; x_wconf 87' lang='lat' dir='ltr'>eo</span> <span class='ocrx_word' id='word_1_368' title='bbox 843 2430 1049 2470; x_wconf 82' lang='lat' dir='ltr'>gravioribus</span> <span class='ocrx_word' id='word_1_369' title='bbox 1075 2436 1177 2463; x_wconf 89' lang='lat' dir='ltr'>tenta-</span> 
     </span>
     <span class='ocr_line' id='line_1_54' title="bbox 222 2470 1178 2511; baseline 0.002 -8"><span class='ocrx_word' id='word_1_370' title='bbox 222 2476 274 2503; x_wconf 85' lang='lat' dir='ltr'>tus</span> <span class='ocrx_word' id='word_1_371' title='bbox 293 2476 342 2502; x_wconf 88' lang='lat' dir='ltr'>est</span> <span class='ocrx_word' id='word_1_372' title='bbox 364 2470 603 2502; x_wconf 87' lang='lat' dir='ltr'>afflictionibus:</span> <span class='ocrx_word' id='word_1_373' title='bbox 629 2482 669 2503; x_wconf 80' lang='lat' dir='ltr'>ex</span> <span class='ocrx_word' id='word_1_374' title='bbox 699 2472 814 2511; x_wconf 87' lang='lat' dir='ltr'>quibus</span> <span class='ocrx_word' id='word_1_375' title='bbox 845 2472 1024 2505; x_wconf 88' lang='lat' dir='ltr'>admirabili</span> <span class='ocrx_word' id='word_1_376' title='bbox 1055 2474 1178 2505; x_wconf 86' lang='lat' dir='ltr'>ratione</span> 
     </span>
     <span class='ocr_line' id='line_1_55' title="bbox 221 2513 1177 2548; baseline 0.003 -3"><span class='ocrx_word' id='word_1_377' title='bbox 221 2520 271 2545; x_wconf 81' lang='lat' dir='ltr'>est</span> <span class='ocrx_word' id='word_1_378' title='bbox 288 2518 420 2545; x_wconf 81' lang='lat' dir='ltr'>erutus:</span> <span class='ocrx_word' id='word_1_379' title='bbox 452 2513 530 2544; x_wconf 88' lang='lat' dir='ltr'>adeo</span> <span class='ocrx_word' id='word_1_380' title='bbox 559 2518 597 2544; x_wconf 90' lang='lat' dir='ltr'>ut</span> <span class='ocrx_word' id='word_1_381' title='bbox 618 2513 735 2545; x_wconf 88' lang='lat' dir='ltr'>Davidi</span> <span class='ocrx_word' id='word_1_382' title='bbox 766 2514 871 2546; x_wconf 82' lang='lat' dir='ltr'>oblata</span> <span class='ocrx_word' id='word_1_383' title='bbox 895 2516 937 2546; x_wconf 87' lang='lat' dir='ltr'>sit</span> <span class='ocrx_word' id='word_1_384' title='bbox 965 2517 1086 2547; x_wconf 84' lang='lat' dir='ltr'>occasio</span> <span class='ocrx_word' id='word_1_385' title='bbox 1114 2528 1177 2548; x_wconf 92' lang='grc' dir='ltr'>ΠοΠ</span> 
     </span>
     <span class='ocr_line' id='line_1_56' title="bbox 219 2555 1175 2598; baseline 0.002 -10"><span class='ocrx_word' id='word_1_386' title='bbox 219 2557 339 2597; x_wconf 79' lang='lat' dir='ltr'>exigua</span> <span class='ocrx_word' id='word_1_387' title='bbox 350 2555 560 2596; x_wconf 85' lang='lat' dir='ltr'>cognoscendi</span> <span class='ocrx_word' id='word_1_388' title='bbox 573 2556 678 2588; x_wconf 91' lang='lat' dir='ltr'>Deum</span> <span class='ocrx_word' id='word_1_389' title='bbox 703 2557 742 2588; x_wconf 84' lang='lat' dir='ltr'>ad</span> <span class='ocrx_word' id='word_1_390' title='bbox 760 2568 794 2588; x_wconf 89' lang='lat' dir='ltr'>se</span> <span class='ocrx_word' id='word_1_391' title='bbox 807 2558 1030 2598; x_wconf 82' lang='lat' dir='ltr'>castigandum</span> <span class='ocrx_word' id='word_1_392' title='bbox 1044 2569 1175 2590; x_wconf 89' lang='lat' dir='ltr'>manum</span> 
     </span>
     <span class='ocr_line' id='line_1_57' title="bbox 220 2598 1176 2639; baseline 0.003 -9"><span class='ocrx_word' id='word_1_393' title='bbox 220 2599 389 2630; x_wconf 77' lang='lat' dir='ltr'>extulisse:</span> <span class='ocrx_word' id='word_1_394' title='bbox 430 2598 485 2630; x_wconf 91' lang='lat' dir='ltr'>sed</span> <span class='ocrx_word' id='word_1_395' title='bbox 520 2609 582 2629; x_wconf 90' lang='lat' dir='ltr'>non</span> <span class='ocrx_word' id='word_1_396' title='bbox 619 2604 726 2630; x_wconf 81' lang='lat' dir='ltr'>tamen</span> <span class='ocrx_word' id='word_1_397' title='bbox 761 2602 955 2639; x_wconf 80' lang='lat' dir='ltr'>percussisse</span> <span class='ocrx_word' id='word_1_398' title='bbox 987 2608 1176 2634; x_wconf 85' lang='lat' dir='ltr'>contentum</span> 
     </span>
     <span class='ocr_line' id='line_1_58' title="bbox 222 2640 1175 2684; baseline 0.003 -11"><span class='ocrx_word' id='word_1_399' title='bbox 222 2642 328 2682; x_wconf 85' lang='lat' dir='ltr'>virgas</span> <span class='ocrx_word' id='word_1_400' title='bbox 348 2641 525 2673; x_wconf 73' lang='lat' dir='ltr'>ostendisse</span> <span class='ocrx_word' id='word_1_401' title='bbox 554 2640 673 2681; x_wconf 85' lang='lat' dir='ltr'>absque</span> <span class='ocrx_word' id='word_1_402' title='bbox 703 2642 767 2672; x_wconf 89' lang='lat' dir='ltr'>ictu</span> <span class='ocrx_word' id='word_1_403' title='bbox 797 2650 828 2674; x_wconf 81' lang='lat' dir='ltr'>et</span> <span class='ocrx_word' id='word_1_404' title='bbox 858 2644 968 2683; x_wconf 86' lang='lat' dir='ltr'>poenis</span> <span class='ocrx_word' id='word_1_405' title='bbox 998 2655 1078 2684; x_wconf 89' lang='lat' dir='ltr'>quas</span> <span class='ocrx_word' id='word_1_406' title='bbox 1107 2650 1175 2676; x_wconf 85' lang='lat' dir='ltr'>erat</span> 
     </span>
    </p>
   </div>
   <div class='ocr_carea' id='block_1_6' title="bbox 843 205 1584 242">
    <p class='ocr_par' dir='ltr' id='par_1_6' title="bbox 843 205 1584 242">
     <span class='ocr_line' id='line_1_59' title="bbox 843 205 1584 242; baseline 0.007 -5"><span class='ocrx_word' id='word_1_407' title='bbox 843 206 890 237; x_wconf 94' lang='lat' dir='ltr'>IN</span> <span class='ocrx_word' id='word_1_408' title='bbox 915 207 940 237; x_wconf 91' lang='grc' dir='ltr'>Ι.</span> <span class='ocrx_word' id='word_1_409' title='bbox 965 206 1052 239; x_wconf 69' lang='grc' dir='ltr'>ΙιΙΒ.</span> <span class='ocrx_word' id='word_1_410' title='bbox 1077 205 1274 241; x_wconf 60' lang='lat' dir='ltr'>SAMUEL.</span> <span class='ocrx_word' id='word_1_411' title='bbox 1297 207 1394 240; x_wconf 85' lang='lat' dir='ltr'>CAP.</span> <span class='ocrx_word' id='word_1_412' title='bbox 1418 208 1584 242; x_wconf 84' lang='lat' dir='ltr'>XXVIII.</span> 
     </span>
    </p>
   </div>
   <div class='ocr_carea' id='block_1_7' title="bbox 1207 324 1217 2203">
    <p class='ocr_par' dir='ltr' id='par_1_7' title="bbox 1207 324 1217 2203">
     <span class='ocr_line' id='line_1_60' title="bbox 1207 324 1217 2203; baseline 0 0"><span class='ocrx_word' id='word_1_413' title='bbox 1207 324 1217 2203; x_wconf 95' lang='lat' dir='ltr'> </span> 
     </span>
    </p>
   </div>
   <div class='ocr_carea' id='block_1_8' title="bbox 1207 324 1217 2679">
    <p class='ocr_par' dir='ltr' id='par_1_8' title="bbox 1207 324 1217 2679">
     <span class='ocr_line' id='line_1_61' title="bbox 1207 324 1217 2679; baseline 0 0"><span class='ocrx_word' id='word_1_414' title='bbox 1207 324 1217 2679; x_wconf 95' lang='lat' dir='ltr'> </span> 
     </span>
    </p>
   </div>
   <div class='ocr_carea' id='block_1_9' title="bbox 2134 213 2197 248">
    <p class='ocr_par' dir='ltr' id='par_1_9' title="bbox 2134 213 2197 248">
     <span class='ocr_line' id='line_1_62' title="bbox 2134 213 2197 248; baseline -0.016 -2"><span class='ocrx_word' id='word_1_415' title='bbox 2134 213 2197 248; x_wconf 79' lang='lat'>630</span> 
     </span>
    </p>
   </div>
   <div class='ocr_carea' id='block_1_10' title="bbox 1229 301 2197 2595">
    <p class='ocr_par' dir='ltr' id='par_1_10' title="bbox 1235 301 2196 424">
     <span class='ocr_line' id='line_1_63' title="bbox 1236 301 2196 346; baseline 0.01 -18"><span class='ocrx_word' id='word_1_416' title='bbox 1236 301 1438 338; x_wconf 85' lang='lat' dir='ltr'>promeritus.</span> <span class='ocrx_word' id='word_1_417' title='bbox 1483 301 1522 332; x_wconf 91' lang='lat' dir='ltr'>In</span> <span class='ocrx_word' id='word_1_418' title='bbox 1547 313 1609 342; x_wconf 86' lang='lat' dir='ltr'>quo</span> <span class='ocrx_word' id='word_1_419' title='bbox 1634 303 1726 336; x_wconf 86' lang='lat' dir='ltr'>nobis</span> <span class='ocrx_word' id='word_1_420' title='bbox 1749 304 1902 336; x_wconf 77' lang='lat' dir='ltr'>eximium</span> <span class='ocrx_word' id='word_1_421' title='bbox 1934 304 2099 345; x_wconf 86' lang='lat' dir='ltr'>speculum</span> <span class='ocrx_word' id='word_1_422' title='bbox 2123 316 2196 346; x_wconf 65' lang='lat' dir='ltr'>pis&gt;-</span> 
     </span>
     <span class='ocr_line' id='line_1_64' title="bbox 1235 341 2195 385; baseline 0.008 -14"><span class='ocrx_word' id='word_1_423' title='bbox 1235 341 1366 380; x_wconf 88' lang='lat' dir='ltr'>ponitur</span> <span class='ocrx_word' id='word_1_424' title='bbox 1389 344 1421 374; x_wconf 91' lang='lat' dir='ltr'>in</span> <span class='ocrx_word' id='word_1_425' title='bbox 1445 355 1505 384; x_wconf 90' lang='lat' dir='ltr'>quo</span> <span class='ocrx_word' id='word_1_426' title='bbox 1529 345 1604 384; x_wconf 91' lang='lat' dir='ltr'>quid</span> <span class='ocrx_word' id='word_1_427' title='bbox 1629 346 1717 377; x_wconf 90' lang='lat' dir='ltr'>nobis</span> <span class='ocrx_word' id='word_1_428' title='bbox 1739 346 1783 378; x_wconf 77' lang='lat' dir='ltr'>sit</span> <span class='ocrx_word' id='word_1_429' title='bbox 1806 347 1839 377; x_wconf 92' lang='lat' dir='ltr'>in</span> <span class='ocrx_word' id='word_1_430' title='bbox 1862 346 2044 378; x_wconf 84' lang='lat' dir='ltr'>istiusmodi</span> <span class='ocrx_word' id='word_1_431' title='bbox 2069 348 2195 385; x_wconf 65' lang='lat' dir='ltr'>casibus</span> 
     </span>
     <span class='ocr_line' id='line_1_65' title="bbox 1237 384 1580 424; baseline 0.015 -11"><span class='ocrx_word' id='word_1_432' title='bbox 1237 384 1395 424; x_wconf 83' lang='lat' dir='ltr'>agendum</span> <span class='ocrx_word' id='word_1_433' title='bbox 1420 386 1580 418; x_wconf 87' lang='lat' dir='ltr'>docemur.</span> 
     </span>
    </p>

    <p class='ocr_par' dir='ltr' id='par_1_11' title="bbox 1235 428 2197 1873">
     <span class='ocr_line' id='line_1_66' title="bbox 1322 428 2195 471; baseline 0.008 -14"><span class='ocrx_word' id='word_1_434' title='bbox 1322 428 1493 459; x_wconf 83' lang='lat' dir='ltr'>Caeterum</span> <span class='ocrx_word' id='word_1_435' title='bbox 1513 430 1774 462; x_wconf 82' lang='lat' dir='ltr'>circumstantiae</span> <span class='ocrx_word' id='word_1_436' title='bbox 1794 442 1874 471; x_wconf 85' lang='lat' dir='ltr'>quae</span> <span class='ocrx_word' id='word_1_437' title='bbox 1888 431 1940 463; x_wconf 89' lang='lat' dir='ltr'>hic</span> <span class='ocrx_word' id='word_1_438' title='bbox 1954 436 2109 464; x_wconf 84' lang='lat' dir='ltr'>notantur</span> <span class='ocrx_word' id='word_1_439' title='bbox 2128 442 2195 470; x_wconf 78' lang='lat' dir='ltr'>non</span> 
     </span>
     <span class='ocr_line' id='line_1_67' title="bbox 1237 471 2196 513; baseline 0.009 -15"><span class='ocrx_word' id='word_1_440' title='bbox 1237 475 1313 499; x_wconf 87' lang='lat' dir='ltr'>sunt</span> <span class='ocrx_word' id='word_1_441' title='bbox 1352 471 1420 501; x_wconf 83' lang='lat' dir='ltr'>sine</span> <span class='ocrx_word' id='word_1_442' title='bbox 1460 471 1680 503; x_wconf 83' lang='lat' dir='ltr'>observatione</span> <span class='ocrx_word' id='word_1_443' title='bbox 1714 473 1981 513; x_wconf 60' lang='lat' dir='ltr'>praetereundam</span> <span class='ocrx_word' id='word_1_444' title='bbox 2022 474 2196 508; x_wconf 77' lang='lat' dir='ltr'>Samuelem</span> 
     </span>
     <span class='ocr_line' id='line_1_68' title="bbox 1235 510 2197 554; baseline 0.01 -14"><span class='ocrx_word' id='word_1_445' title='bbox 1235 510 1334 549; x_wconf 72' lang='lat' dir='ltr'>fuisse</span> <span class='ocrx_word' id='word_1_446' title='bbox 1356 516 1516 552; x_wconf 72' lang='lat' dir='ltr'>mortuum,</span> <span class='ocrx_word' id='word_1_447' title='bbox 1546 517 1573 544; x_wconf 82' lang='lat' dir='ltr'>et</span> <span class='ocrx_word' id='word_1_448' title='bbox 1600 515 1748 554; x_wconf 72' lang='lat' dir='ltr'>sepultum</span> <span class='ocrx_word' id='word_1_449' title='bbox 1777 517 1810 547; x_wconf 75' lang='lat' dir='ltr'>in</span> <span class='ocrx_word' id='word_1_450' title='bbox 1838 516 1909 547; x_wconf 77' lang='lat' dir='ltr'>urbe</span> <span class='ocrx_word' id='word_1_451' title='bbox 1938 527 1997 549; x_wconf 74' lang='lat' dir='ltr'>sua</span> <span class='ocrx_word' id='word_1_452' title='bbox 2019 517 2197 550; x_wconf 80' lang='lat' dir='ltr'>Ramatha:</span> 
     </span>
     <span class='ocr_line' id='line_1_69' title="bbox 1237 556 2193 599; baseline 0.008 -16"><span class='ocrx_word' id='word_1_453' title='bbox 1237 562 1417 594; x_wconf 83' lang='lat' dir='ltr'>quanquam</span> <span class='ocrx_word' id='word_1_454' title='bbox 1443 556 1545 586; x_wconf 89' lang='lat' dir='ltr'>obiter</span> <span class='ocrx_word' id='word_1_455' title='bbox 1568 557 1626 588; x_wconf 87' lang='lat' dir='ltr'>ista</span> <span class='ocrx_word' id='word_1_456' title='bbox 1660 568 1744 589; x_wconf 90' lang='lat' dir='ltr'>nunc</span> <span class='ocrx_word' id='word_1_457' title='bbox 1779 565 2010 599; x_wconf 86' lang='lat' dir='ltr'>memorantur,</span> <span class='ocrx_word' id='word_1_458' title='bbox 2044 565 2080 591; x_wconf 89' lang='lat' dir='ltr'>ut</span> <span class='ocrx_word' id='word_1_459' title='bbox 2113 560 2193 593; x_wconf 83' lang='lat' dir='ltr'>Saul</span> 
     </span>
     <span class='ocr_line' id='line_1_70' title="bbox 1239 595 2193 643; baseline 0.009 -18"><span class='ocrx_word' id='word_1_460' title='bbox 1239 595 1411 628; x_wconf 85' lang='lat' dir='ltr'>destitutus</span> <span class='ocrx_word' id='word_1_461' title='bbox 1451 598 1548 629; x_wconf 79' lang='lat' dir='ltr'>fuisse</span> <span class='ocrx_word' id='word_1_462' title='bbox 1588 600 1719 630; x_wconf 87' lang='lat' dir='ltr'>consilio</span> <span class='ocrx_word' id='word_1_463' title='bbox 1761 607 1833 641; x_wconf 88' lang='lat' dir='ltr'>post</span> <span class='ocrx_word' id='word_1_464' title='bbox 1868 601 2015 643; x_wconf 69' lang='lat' dir='ltr'>Saulis÷÷)</span> <span class='ocrx_word' id='word_1_465' title='bbox 2056 609 2193 635; x_wconf 78' lang='lat' dir='ltr'>mortem</span> 
     </span>
     <span class='ocr_line' id='line_1_71' title="bbox 1238 638 2193 684; baseline 0.009 -16"><span class='ocrx_word' id='word_1_466' title='bbox 1238 638 1442 677; x_wconf 81' lang='lat' dir='ltr'>ostendatur,</span> <span class='ocrx_word' id='word_1_467' title='bbox 1474 640 1607 681; x_wconf 89' lang='lat' dir='ltr'>ideoque</span> <span class='ocrx_word' id='word_1_468' title='bbox 1642 643 1766 674; x_wconf 86' lang='lat' dir='ltr'>nullum</span> <span class='ocrx_word' id='word_1_469' title='bbox 1801 644 1885 675; x_wconf 87' lang='lat' dir='ltr'>aliud</span> <span class='ocrx_word' id='word_1_470' title='bbox 1920 644 1980 684; x_wconf 86' lang='lat' dir='ltr'>ipsi</span> <span class='ocrx_word' id='word_1_471' title='bbox 2015 645 2193 681; x_wconf 84' lang='lat' dir='ltr'>remedium</span> 
     </span>
     <span class='ocr_line' id='line_1_72' title="bbox 1238 680 2195 728; baseline 0.009 -18"><span class='ocrx_word' id='word_1_472' title='bbox 1238 680 1334 728; x_wconf 72' lang='lat' dir='ltr'>fuisse</span> <span class='ocrx_word' id='word_1_473' title='bbox 1369 692 1463 721; x_wconf 88' lang='lat' dir='ltr'>quam</span> <span class='ocrx_word' id='word_1_474' title='bbox 1493 683 1532 713; x_wconf 84' lang='lat' dir='ltr'>ad</span> <span class='ocrx_word' id='word_1_475' title='bbox 1567 684 1794 724; x_wconf 69' lang='lat' dir='ltr'>Pythonissam</span> <span class='ocrx_word' id='word_1_476' title='bbox 1833 687 2025 727; x_wconf 80' lang='lat' dir='ltr'>confugere-z</span> <span class='ocrx_word' id='word_1_477' title='bbox 2060 687 2195 728; x_wconf 85' lang='lat' dir='ltr'>ideoque</span> 
     </span>
     <span class='ocr_line' id='line_1_73' title="bbox 1238 725 2194 769; baseline 0.009 -17"><span class='ocrx_word' id='word_1_478' title='bbox 1238 728 1335 753; x_wconf 79' lang='lat' dir='ltr'>etiam</span> <span class='ocrx_word' id='word_1_479' title='bbox 1360 725 1546 756; x_wconf 83' lang='lat' dir='ltr'>nominatim</span> <span class='ocrx_word' id='word_1_480' title='bbox 1572 728 1605 756; x_wconf 78' lang='lat' dir='ltr'>fit</span> <span class='ocrx_word' id='word_1_481' title='bbox 1630 728 1749 757; x_wconf 84' lang='lat' dir='ltr'>mentio</span> <span class='ocrx_word' id='word_1_482' title='bbox 1769 728 2039 769; x_wconf 65' lang='lat' dir='ltr'>pythonissarum</span> <span class='ocrx_word' id='word_1_483' title='bbox 2062 740 2103 760; x_wconf 83' lang='lat' dir='ltr'>ex</span> <span class='ocrx_word' id='word_1_484' title='bbox 2127 736 2194 764; x_wconf 84' lang='lat' dir='ltr'>tota</span> 
     </span>
     <span class='ocr_line' id='line_1_74' title="bbox 1239 766 2193 809; baseline 0.009 -14"><span class='ocrx_word' id='word_1_485' title='bbox 1239 766 1368 805; x_wconf 86' lang='lat' dir='ltr'>regione</span> <span class='ocrx_word' id='word_1_486' title='bbox 1392 778 1409 798; x_wconf 87' lang='lat' dir='ltr'>a</span> <span class='ocrx_word' id='word_1_487' title='bbox 1434 766 1532 799; x_wconf 80' lang='lat' dir='ltr'>Saule</span> <span class='ocrx_word' id='word_1_488' title='bbox 1552 769 1723 801; x_wconf 80' lang='lat' dir='ltr'>eiecturum</span> <span class='ocrx_word' id='word_1_489' title='bbox 1749 777 1778 801; x_wconf 91' lang='lat' dir='ltr'>et</span> <span class='ocrx_word' id='word_1_490' title='bbox 1802 771 2012 809; x_wconf 85' lang='lat' dir='ltr'>sublatarum,</span> <span class='ocrx_word' id='word_1_491' title='bbox 2043 782 2082 803; x_wconf 76' lang='lat' dir='ltr'>ex</span> <span class='ocrx_word' id='word_1_492' title='bbox 2113 772 2193 803; x_wconf 90' lang='lat' dir='ltr'>divi-</span> 
     </span>
     <span class='ocr_line' id='line_1_75' title="bbox 1238 809 2193 855; baseline 0.008 -17"><span class='ocrx_word' id='word_1_493' title='bbox 1238 818 1296 838; x_wconf 90' lang='lat' dir='ltr'>nae</span> <span class='ocrx_word' id='word_1_494' title='bbox 1321 809 1399 848; x_wconf 87' lang='lat' dir='ltr'>legis</span> <span class='ocrx_word' id='word_1_495' title='bbox 1420 811 1578 841; x_wconf 87' lang='lat' dir='ltr'>mandato.</span> <span class='ocrx_word' id='word_1_496' title='bbox 1625 812 1692 842; x_wconf 88' lang='lat' dir='ltr'>Iam</span> <span class='ocrx_word' id='word_1_497' title='bbox 1719 824 1791 843; x_wconf 81' lang='lat' dir='ltr'>vero</span> <span class='ocrx_word' id='word_1_498' title='bbox 1822 813 2056 845; x_wconf 85' lang='lat' dir='ltr'>incredulitatis</span> <span class='ocrx_word' id='word_1_499' title='bbox 2086 815 2193 855; x_wconf 86' lang='lat' dir='ltr'>argui-</span> 
     </span>
     <span class='ocr_line' id='line_1_76' title="bbox 1238 853 2194 898; baseline 0.008 -18"><span class='ocrx_word' id='word_1_500' title='bbox 1238 857 1308 884; x_wconf 77' lang='lat' dir='ltr'>tur.</span> <span class='ocrx_word' id='word_1_501' title='bbox 1352 862 1448 891; x_wconf 90' lang='lat' dir='ltr'>quum</span> <span class='ocrx_word' id='word_1_502' title='bbox 1485 853 1523 883; x_wconf 90' lang='lat' dir='ltr'>ad</span> <span class='ocrx_word' id='word_1_503' title='bbox 1558 853 1728 886; x_wconf 79' lang='lat' dir='ltr'>diabolicas</span> <span class='ocrx_word' id='word_1_504' title='bbox 1768 856 1978 887; x_wconf 76' lang='lat' dir='ltr'>revelationes</span> <span class='ocrx_word' id='word_1_505' title='bbox 2012 857 2194 898; x_wconf 82' lang='lat' dir='ltr'>confugisse</span> 
     </span>
     <span class='ocr_line' id='line_1_77' title="bbox 1239 893 2194 940; baseline 0.008 -17"><span class='ocrx_word' id='word_1_506' title='bbox 1239 893 1362 931; x_wconf 86' lang='lat' dir='ltr'>dicitur,</span> <span class='ocrx_word' id='word_1_507' title='bbox 1388 894 1642 935; x_wconf 82' lang='lat' dir='ltr'>quandoquidem</span> <span class='ocrx_word' id='word_1_508' title='bbox 1666 897 1725 936; x_wconf 90' lang='lat' dir='ltr'>ipsi</span> <span class='ocrx_word' id='word_1_509' title='bbox 1745 898 1834 929; x_wconf 90' lang='lat' dir='ltr'>Deus</span> <span class='ocrx_word' id='word_1_510' title='bbox 1853 899 1980 930; x_wconf 89' lang='lat' dir='ltr'>oraculo</span> <span class='ocrx_word' id='word_1_511' title='bbox 2000 899 2194 940; x_wconf 83' lang='lat' dir='ltr'>respondere</span> 
     </span>
     <span class='ocr_line' id='line_1_78' title="bbox 1238 935 2194 977; baseline 0.008 -11"><span class='ocrx_word' id='word_1_512' title='bbox 1238 935 1424 977; x_wconf 85' lang='lat' dir='ltr'>denegabat.</span> <span class='ocrx_word' id='word_1_513' title='bbox 1460 937 1552 977; x_wconf 82' lang='lat' dir='ltr'>Quod</span> <span class='ocrx_word' id='word_1_514' title='bbox 1578 949 1653 970; x_wconf 77' lang='lat' dir='ltr'>vero</span> <span class='ocrx_word' id='word_1_515' title='bbox 1673 939 1802 971; x_wconf 82' lang='lat' dir='ltr'>Samuel</span> <span class='ocrx_word' id='word_1_516' title='bbox 1828 946 1972 972; x_wconf 89' lang='lat' dir='ltr'>mortuus</span> <span class='ocrx_word' id='word_1_517' title='bbox 1995 942 2093 973; x_wconf 81' lang='lat' dir='ltr'>fuisse</span> <span class='ocrx_word' id='word_1_518' title='bbox 2116 942 2194 974; x_wconf 81' lang='lat' dir='ltr'>dici-</span> 
     </span>
     <span class='ocr_line' id='line_1_79' title="bbox 1238 981 2193 1026; baseline 0.007 -17"><span class='ocrx_word' id='word_1_519' title='bbox 1238 984 1300 1017; x_wconf 87' lang='lat' dir='ltr'>tur,</span> <span class='ocrx_word' id='word_1_520' title='bbox 1331 990 1370 1010; x_wconf 75' lang='lat' dir='ltr'>ex</span> <span class='ocrx_word' id='word_1_521' title='bbox 1401 991 1436 1011; x_wconf 91' lang='lat' dir='ltr'>eo</span> <span class='ocrx_word' id='word_1_522' title='bbox 1466 981 1623 1012; x_wconf 90' lang='lat' dir='ltr'>coniicere</span> <span class='ocrx_word' id='word_1_523' title='bbox 1657 993 1826 1021; x_wconf 88' lang='lat' dir='ltr'>possumus</span> <span class='ocrx_word' id='word_1_524' title='bbox 1851 983 1983 1015; x_wconf 82' lang='lat' dir='ltr'>Saulem</span> <span class='ocrx_word' id='word_1_525' title='bbox 2019 985 2093 1015; x_wconf 91' lang='lat' dir='ltr'>vivo</span> <span class='ocrx_word' id='word_1_526' title='bbox 2123 985 2193 1026; x_wconf 89' lang='lat' dir='ltr'>ipso</span> 
     </span>
     <span class='ocr_line' id='line_1_80' title="bbox 1238 1022 2194 1065; baseline 0.008 -14"><span class='ocrx_word' id='word_1_527' title='bbox 1238 1022 1379 1060; x_wconf 87' lang='lat' dir='ltr'>potuisse</span> <span class='ocrx_word' id='word_1_528' title='bbox 1412 1028 1562 1062; x_wconf 83' lang='lat' dir='ltr'>tanquam</span> <span class='ocrx_word' id='word_1_529' title='bbox 1598 1034 1616 1054; x_wconf 89' lang='lat' dir='ltr'>a</span> <span class='ocrx_word' id='word_1_530' title='bbox 1651 1024 1710 1055; x_wconf 89' lang='lat' dir='ltr'>Dei</span> <span class='ocrx_word' id='word_1_531' title='bbox 1746 1026 1900 1065; x_wconf 85' lang='lat' dir='ltr'>propheta</span> <span class='ocrx_word' id='word_1_532' title='bbox 1933 1027 2100 1058; x_wconf 86' lang='lat' dir='ltr'>consilium</span> <span class='ocrx_word' id='word_1_533' title='bbox 2137 1027 2194 1062; x_wconf 89' lang='lat' dir='ltr'>ali·</span> 
     </span>
     <span class='ocr_line' id='line_1_81' title="bbox 1238 1063 2194 1109; baseline 0.006 -15"><span class='ocrx_word' id='word_1_534' title='bbox 1238 1063 1364 1103; x_wconf 87' lang='lat' dir='ltr'>quando</span> <span class='ocrx_word' id='word_1_535' title='bbox 1398 1074 1525 1105; x_wconf 85' lang='lat' dir='ltr'>capere:</span> <span class='ocrx_word' id='word_1_536' title='bbox 1568 1072 1663 1106; x_wconf 86' lang='lat' dir='ltr'>atque</span> <span class='ocrx_word' id='word_1_537' title='bbox 1705 1067 1781 1098; x_wconf 83' lang='lat' dir='ltr'>adeo</span> <span class='ocrx_word' id='word_1_538' title='bbox 1816 1069 1889 1099; x_wconf 86' lang='lat' dir='ltr'>licet</span> <span class='ocrx_word' id='word_1_539' title='bbox 1922 1069 1983 1108; x_wconf 90' lang='lat' dir='ltr'>ipsi</span> <span class='ocrx_word' id='word_1_540' title='bbox 2019 1069 2194 1109; x_wconf 86' lang='lat' dir='ltr'>prophetae</span> 
     </span>
     <span class='ocr_line' id='line_1_82' title="bbox 1237 1106 2193 1151; baseline 0.006 -14"><span class='ocrx_word' id='word_1_541' title='bbox 1237 1106 1349 1137; x_wconf 87' lang='lat' dir='ltr'>fuisset</span> <span class='ocrx_word' id='word_1_542' title='bbox 1373 1107 1518 1139; x_wconf 87' lang='lat' dir='ltr'>infensus</span> <span class='ocrx_word' id='word_1_543' title='bbox 1540 1115 1671 1149; x_wconf 84' lang='lat' dir='ltr'>propter</span> <span class='ocrx_word' id='word_1_544' title='bbox 1700 1110 1853 1141; x_wconf 89' lang='lat' dir='ltr'>nuncium</span> <span class='ocrx_word' id='word_1_545' title='bbox 1885 1112 1945 1150; x_wconf 88' lang='lat' dir='ltr'>ipsi</span> <span class='ocrx_word' id='word_1_546' title='bbox 1976 1111 2122 1151; x_wconf 89' lang='lat' dir='ltr'>allatum,</span> <span class='ocrx_word' id='word_1_547' title='bbox 2154 1112 2193 1144; x_wconf 87' lang='lat' dir='ltr'>de</span> 
     </span>
     <span class='ocr_line' id='line_1_83' title="bbox 1237 1149 2194 1193; baseline 0.009 -15"><span class='ocrx_word' id='word_1_548' title='bbox 1237 1149 1407 1180; x_wconf 87' lang='lat' dir='ltr'>adimendo</span> <span class='ocrx_word' id='word_1_549' title='bbox 1431 1161 1539 1191; x_wconf 86' lang='lat' dir='ltr'>regno,</span> <span class='ocrx_word' id='word_1_550' title='bbox 1563 1151 1646 1191; x_wconf 87' lang='lat' dir='ltr'>quod</span> <span class='ocrx_word' id='word_1_551' title='bbox 1671 1152 1709 1182; x_wconf 87' lang='lat' dir='ltr'>ad</span> <span class='ocrx_word' id='word_1_552' title='bbox 1734 1160 1859 1193; x_wconf 89' lang='lat' dir='ltr'>tempus</span> <span class='ocrx_word' id='word_1_553' title='bbox 1883 1154 2075 1191; x_wconf 83' lang='lat' dir='ltr'>obtinuerat,</span> <span class='ocrx_word' id='word_1_554' title='bbox 2099 1162 2131 1186; x_wconf 86' lang='lat' dir='ltr'>et</span> <span class='ocrx_word' id='word_1_555' title='bbox 2154 1154 2194 1187; x_wconf 84' lang='lat' dir='ltr'>de</span> 
     </span>
     <span class='ocr_line' id='line_1_84' title="bbox 1237 1191 2193 1234; baseline 0.007 -12"><span class='ocrx_word' id='word_1_556' title='bbox 1237 1191 1461 1223; x_wconf 88' lang='lat' dir='ltr'>maledictione</span> <span class='ocrx_word' id='word_1_557' title='bbox 1481 1194 1610 1224; x_wconf 88' lang='lat' dir='ltr'>Domini</span> <span class='ocrx_word' id='word_1_558' title='bbox 1635 1195 1667 1225; x_wconf 91' lang='lat' dir='ltr'>in</span> <span class='ocrx_word' id='word_1_559' title='bbox 1692 1205 1786 1234; x_wconf 85' lang='lat' dir='ltr'>quam</span> <span class='ocrx_word' id='word_1_560' title='bbox 1811 1206 1867 1226; x_wconf 87' lang='lat' dir='ltr'>sua</span> <span class='ocrx_word' id='word_1_561' title='bbox 1886 1196 2060 1227; x_wconf 85' lang='lat' dir='ltr'>rebellione</span> <span class='ocrx_word' id='word_1_562' title='bbox 2084 1197 2193 1230; x_wconf 88' lang='lat' dir='ltr'>incur-</span> 
     </span>
     <span class='ocr_line' id='line_1_85' title="bbox 1238 1235 2195 1278; baseline 0.006 -14"><span class='ocrx_word' id='word_1_563' title='bbox 1238 1240 1342 1265; x_wconf 84' lang='lat' dir='ltr'>rerat:</span> <span class='ocrx_word' id='word_1_564' title='bbox 1366 1235 1576 1268; x_wconf 87' lang='lat' dir='ltr'>nihilominus</span> <span class='ocrx_word' id='word_1_565' title='bbox 1595 1241 1700 1268; x_wconf 86' lang='lat' dir='ltr'>tamen</span> <span class='ocrx_word' id='word_1_566' title='bbox 1725 1243 1759 1267; x_wconf 90' lang='lat' dir='ltr'>ut</span> <span class='ocrx_word' id='word_1_567' title='bbox 1772 1237 1834 1268; x_wconf 86' lang='lat' dir='ltr'>Dei</span> <span class='ocrx_word' id='word_1_568' title='bbox 1846 1238 2037 1278; x_wconf 87' lang='lat' dir='ltr'>prophetam</span> <span class='ocrx_word' id='word_1_569' title='bbox 2058 1239 2195 1271; x_wconf 83' lang='lat' dir='ltr'>coluisse</span> 
     </span>
     <span class='ocr_line' id='line_1_86' title="bbox 1238 1279 2194 1322; baseline 0.006 -15"><span class='ocrx_word' id='word_1_570' title='bbox 1238 1281 1271 1307; x_wconf 91' lang='lat' dir='ltr'>et</span> <span class='ocrx_word' id='word_1_571' title='bbox 1293 1279 1467 1309; x_wconf 86' lang='lat' dir='ltr'>reveritum</span> <span class='ocrx_word' id='word_1_572' title='bbox 1492 1279 1604 1310; x_wconf 89' lang='lat' dir='ltr'>fuisse:</span> <span class='ocrx_word' id='word_1_573' title='bbox 1636 1285 1673 1310; x_wconf 87' lang='lat' dir='ltr'>ut</span> <span class='ocrx_word' id='word_1_574' title='bbox 1702 1280 1734 1310; x_wconf 90' lang='lat' dir='ltr'>in</span> <span class='ocrx_word' id='word_1_575' title='bbox 1760 1280 1888 1311; x_wconf 87' lang='lat' dir='ltr'>homine</span> <span class='ocrx_word' id='word_1_576' title='bbox 1919 1282 1979 1312; x_wconf 90' lang='lat' dir='ltr'>isto</span> <span class='ocrx_word' id='word_1_577' title='bbox 2009 1292 2194 1322; x_wconf 87' lang='lat' dir='ltr'>repugnan-</span> 
     </span>
     <span class='ocr_line' id='line_1_87' title="bbox 1239 1320 2194 1363; baseline 0.007 -14"><span class='ocrx_word' id='word_1_578' title='bbox 1239 1325 1285 1351; x_wconf 90' lang='lat' dir='ltr'>tes</span> <span class='ocrx_word' id='word_1_579' title='bbox 1309 1320 1392 1352; x_wconf 90' lang='lat' dir='ltr'>inter</span> <span class='ocrx_word' id='word_1_580' title='bbox 1410 1331 1445 1352; x_wconf 86' lang='lat' dir='ltr'>se</span> <span class='ocrx_word' id='word_1_581' title='bbox 1474 1322 1606 1353; x_wconf 85' lang='lat' dir='ltr'>affectus</span> <span class='ocrx_word' id='word_1_582' title='bbox 1628 1322 1737 1353; x_wconf 81' lang='lat' dir='ltr'>videre</span> <span class='ocrx_word' id='word_1_583' title='bbox 1762 1323 1863 1360; x_wconf 83' lang='lat' dir='ltr'>liceat,</span> <span class='ocrx_word' id='word_1_584' title='bbox 1894 1329 2045 1363; x_wconf 89' lang='lat' dir='ltr'>tanquam</span> <span class='ocrx_word' id='word_1_585' title='bbox 2077 1325 2194 1356; x_wconf 90' lang='lat' dir='ltr'>fluctus</span> 
     </span>
     <span class='ocr_line' id='line_1_88' title="bbox 1238 1363 2193 1404; baseline 0.005 -11"><span class='ocrx_word' id='word_1_586' title='bbox 1238 1363 1336 1393; x_wconf 89' lang='lat' dir='ltr'>maris</span> <span class='ocrx_word' id='word_1_587' title='bbox 1370 1374 1439 1395; x_wconf 87' lang='lat' dir='ltr'>sese</span> <span class='ocrx_word' id='word_1_588' title='bbox 1473 1370 1583 1395; x_wconf 86' lang='lat' dir='ltr'>mutuo</span> <span class='ocrx_word' id='word_1_589' title='bbox 1617 1364 1810 1396; x_wconf 74' lang='lat' dir='ltr'>collidentes.</span> <span class='ocrx_word' id='word_1_590' title='bbox 1864 1365 1972 1404; x_wconf 83' lang='lat' dir='ltr'>Quare</span> <span class='ocrx_word' id='word_1_591' title='bbox 2002 1365 2081 1398; x_wconf 82' lang='lat' dir='ltr'>Saul</span> <span class='ocrx_word' id='word_1_592' title='bbox 2118 1366 2193 1399; x_wconf 88' lang='lat' dir='ltr'>hinc</span> 
     </span>
     <span class='ocr_line' id='line_1_89' title="bbox 1238 1405 2193 1446; baseline 0.006 -11"><span class='ocrx_word' id='word_1_593' title='bbox 1238 1405 1365 1444; x_wconf 86' lang='lat' dir='ltr'>quidem</span> <span class='ocrx_word' id='word_1_594' title='bbox 1406 1411 1557 1446; x_wconf 79' lang='lat' dir='ltr'>tanquam</span> <span class='ocrx_word' id='word_1_595' title='bbox 1594 1407 1743 1437; x_wconf 84' lang='lat' dir='ltr'>immanis</span> <span class='ocrx_word' id='word_1_596' title='bbox 1777 1407 1881 1438; x_wconf 87' lang='lat' dir='ltr'>bellua</span> <span class='ocrx_word' id='word_1_597' title='bbox 1917 1409 2057 1440; x_wconf 83' lang='lat' dir='ltr'>furorem</span> <span class='ocrx_word' id='word_1_598' title='bbox 2098 1419 2193 1441; x_wconf 92' lang='lat' dir='ltr'>suum</span> 
     </span>
     <span class='ocr_line' id='line_1_90' title="bbox 1239 1448 2193 1490; baseline 0.005 -12"><span class='ocrx_word' id='word_1_599' title='bbox 1239 1448 1417 1488; x_wconf 88' lang='lat' dir='ltr'>despumat,</span> <span class='ocrx_word' id='word_1_600' title='bbox 1448 1460 1544 1489; x_wconf 90' lang='lat' dir='ltr'>quum</span> <span class='ocrx_word' id='word_1_601' title='bbox 1575 1460 1608 1480; x_wconf 86' lang='lat' dir='ltr'>se</span> <span class='ocrx_word' id='word_1_602' title='bbox 1631 1450 1718 1490; x_wconf 85' lang='lat' dir='ltr'>regia</span> <span class='ocrx_word' id='word_1_603' title='bbox 1742 1450 1896 1490; x_wconf 86' lang='lat' dir='ltr'>dignitate</span> <span class='ocrx_word' id='word_1_604' title='bbox 1928 1450 2036 1482; x_wconf 82' lang='lat' dir='ltr'>divino</span> <span class='ocrx_word' id='word_1_605' title='bbox 2067 1452 2193 1483; x_wconf 84' lang='lat' dir='ltr'>decreto</span> 
     </span>
     <span class='ocr_line' id='line_1_91' title="bbox 1238 1490 2193 1533; baseline 0.004 -12"><span class='ocrx_word' id='word_1_606' title='bbox 1238 1490 1394 1522; x_wconf 82' lang='lat' dir='ltr'>excidisse</span> <span class='ocrx_word' id='word_1_607' title='bbox 1418 1491 1661 1523; x_wconf 83' lang='lat' dir='ltr'>animadvertit:</span> <span class='ocrx_word' id='word_1_608' title='bbox 1693 1492 1766 1523; x_wconf 86' lang='lat' dir='ltr'>inde</span> <span class='ocrx_word' id='word_1_609' title='bbox 1796 1503 1874 1524; x_wconf 82' lang='lat' dir='ltr'>vero</span> <span class='ocrx_word' id='word_1_610' title='bbox 1903 1498 2054 1533; x_wconf 84' lang='lat' dir='ltr'>tanquam</span> <span class='ocrx_word' id='word_1_611' title='bbox 2084 1494 2193 1526; x_wconf 89' lang='lat' dir='ltr'>fraeno</span> 
     </span>
     <span class='ocr_line' id='line_1_92' title="bbox 1238 1534 2192 1574; baseline 0.004 -10"><span class='ocrx_word' id='word_1_612' title='bbox 1238 1534 1479 1574; x_wconf 85' lang='lat' dir='ltr'>constringitur,</span> <span class='ocrx_word' id='word_1_613' title='bbox 1510 1540 1541 1564; x_wconf 89' lang='lat' dir='ltr'>et</span> <span class='ocrx_word' id='word_1_614' title='bbox 1564 1535 1613 1565; x_wconf 77' lang='lat' dir='ltr'>vel</span> <span class='ocrx_word' id='word_1_615' title='bbox 1644 1535 1766 1566; x_wconf 85' lang='lat' dir='ltr'>invitus</span> <span class='ocrx_word' id='word_1_616' title='bbox 1795 1535 1906 1566; x_wconf 79' lang='lat' dir='ltr'>divino</span> <span class='ocrx_word' id='word_1_617' title='bbox 1930 1537 2025 1567; x_wconf 84' lang='lat' dir='ltr'>verbo</span> <span class='ocrx_word' id='word_1_618' title='bbox 2053 1547 2088 1568; x_wconf 91' lang='lat' dir='ltr'>se</span> <span class='ocrx_word' id='word_1_619' title='bbox 2117 1536 2192 1568; x_wconf 91' lang='lat' dir='ltr'>sub-</span> 
     </span>
     <span class='ocr_line' id='line_1_93' title="bbox 1238 1576 2193 1617; baseline 0.004 -11"><span class='ocrx_word' id='word_1_620' title='bbox 1238 1576 1342 1613; x_wconf 85' lang='lat' dir='ltr'>iicere,</span> <span class='ocrx_word' id='word_1_621' title='bbox 1362 1583 1392 1607; x_wconf 87' lang='lat' dir='ltr'>et</span> <span class='ocrx_word' id='word_1_622' title='bbox 1412 1577 1458 1607; x_wconf 91' lang='lat' dir='ltr'>illi</span> <span class='ocrx_word' id='word_1_623' title='bbox 1478 1577 1628 1608; x_wconf 89' lang='lat' dir='ltr'>obediens</span> <span class='ocrx_word' id='word_1_624' title='bbox 1647 1587 1715 1608; x_wconf 86' lang='lat' dir='ltr'>esse</span> <span class='ocrx_word' id='word_1_625' title='bbox 1735 1578 1869 1617; x_wconf 84' lang='lat' dir='ltr'>cogitur.</span> <span class='ocrx_word' id='word_1_626' title='bbox 1904 1578 1971 1609; x_wconf 87' lang='lat' dir='ltr'>Nos</span> <span class='ocrx_word' id='word_1_627' title='bbox 1984 1589 2058 1610; x_wconf 91' lang='lat' dir='ltr'>vero</span> <span class='ocrx_word' id='word_1_628' title='bbox 2081 1583 2193 1610; x_wconf 89' lang='lat' dir='ltr'>contra</span> 
     </span>
     <span class='ocr_line' id='line_1_94' title="bbox 1239 1619 2193 1662; baseline 0.004 -13"><span class='ocrx_word' id='word_1_629' title='bbox 1239 1619 1298 1649; x_wconf 84' lang='lat' dir='ltr'>hoc</span> <span class='ocrx_word' id='word_1_630' title='bbox 1334 1620 1479 1659; x_wconf 78' lang='lat' dir='ltr'>exemplo</span> <span class='ocrx_word' id='word_1_631' title='bbox 1514 1619 1673 1651; x_wconf 83' lang='lat' dir='ltr'>discamus</span> <span class='ocrx_word' id='word_1_632' title='bbox 1715 1631 1777 1650; x_wconf 91' lang='lat' dir='ltr'>non</span> <span class='ocrx_word' id='word_1_633' title='bbox 1812 1631 1879 1651; x_wconf 83' lang='lat' dir='ltr'>esse</span> <span class='ocrx_word' id='word_1_634' title='bbox 1914 1620 2056 1661; x_wconf 86' lang='lat' dir='ltr'>duplices</span> <span class='ocrx_word' id='word_1_635' title='bbox 2090 1632 2193 1662; x_wconf 90' lang='lat' dir='ltr'>neque</span> 
     </span>
     <span class='ocr_line' id='line_1_95' title="bbox 1237 1660 2192 1701; baseline 0.005 -10"><span class='ocrx_word' id='word_1_636' title='bbox 1237 1660 1345 1692; x_wconf 88' lang='lat' dir='ltr'>fucati.</span> <span class='ocrx_word' id='word_1_637' title='bbox 1399 1662 1484 1701; x_wconf 79' lang='lat' dir='ltr'>Quid</span> <span class='ocrx_word' id='word_1_638' title='bbox 1513 1663 1598 1693; x_wconf 87' lang='lat' dir='ltr'>enim</span> <span class='ocrx_word' id='word_1_639' title='bbox 1629 1662 1719 1693; x_wconf 89' lang='lat' dir='ltr'>nobis</span> <span class='ocrx_word' id='word_1_640' title='bbox 1750 1663 1874 1694; x_wconf 88' lang='lat' dir='ltr'>miseris</span> <span class='ocrx_word' id='word_1_641' title='bbox 1902 1664 1972 1700; x_wconf 85' lang='lat' dir='ltr'>fiet,</span> <span class='ocrx_word' id='word_1_642' title='bbox 2001 1664 2027 1695; x_wconf 89' lang='lat' dir='ltr'>si</span> <span class='ocrx_word' id='word_1_643' title='bbox 2050 1664 2192 1696; x_wconf 75' lang='lat' dir='ltr'>,Saulem</span> 
     </span>
     <span class='ocr_line' id='line_1_96' title="bbox 1236 1703 2192 1745; baseline 0.004 -11"><span class='ocrx_word' id='word_1_644' title='bbox 1236 1703 1353 1735; x_wconf 87' lang='lat' dir='ltr'>imitati</span> <span class='ocrx_word' id='word_1_645' title='bbox 1387 1705 1563 1736; x_wconf 83' lang='lat' dir='ltr'>fuerimus?</span> <span class='ocrx_word' id='word_1_646' title='bbox 1598 1704 1662 1736; x_wconf 82' lang='lat' dir='ltr'>Sed</span> <span class='ocrx_word' id='word_1_647' title='bbox 1702 1706 1805 1745; x_wconf 91' lang='lat' dir='ltr'>potius</span> <span class='ocrx_word' id='word_1_648' title='bbox 1836 1705 1968 1736; x_wconf 88' lang='lat' dir='ltr'>candide</span> <span class='ocrx_word' id='word_1_649' title='bbox 1999 1711 2030 1737; x_wconf 88' lang='lat' dir='ltr'>et</span> <span class='ocrx_word' id='word_1_650' title='bbox 2068 1707 2192 1741; x_wconf 84' lang='lat' dir='ltr'>sincere</span> 
     </span>
     <span class='ocr_line' id='line_1_97' title="bbox 1238 1748 2192 1788; baseline 0.004 -11"><span class='ocrx_word' id='word_1_651' title='bbox 1238 1748 1367 1787; x_wconf 84' lang='lat' dir='ltr'>negotia</span> <span class='ocrx_word' id='word_1_652' title='bbox 1400 1753 1509 1778; x_wconf 84' lang='lat' dir='ltr'>nostra</span> <span class='ocrx_word' id='word_1_653' title='bbox 1552 1748 1767 1779; x_wconf 77' lang='lat' dir='ltr'>conficiamus.</span> <span class='ocrx_word' id='word_1_654' title='bbox 1827 1748 1938 1788; x_wconf 88' lang='lat' dir='ltr'>Neque</span> <span class='ocrx_word' id='word_1_655' title='bbox 1979 1749 2065 1779; x_wconf 90' lang='lat' dir='ltr'>enim</span> <span class='ocrx_word' id='word_1_656' title='bbox 2100 1749 2192 1784; x_wconf 87' lang='lat' dir='ltr'>Deus</span> 
     </span>
     <span class='ocr_line' id='line_1_98' title="bbox 1236 1789 2192 1832; baseline 0.004 -13"><span class='ocrx_word' id='word_1_657' title='bbox 1236 1789 1319 1820; x_wconf 85' lang='lat' dir='ltr'>ferre</span> <span class='ocrx_word' id='word_1_658' title='bbox 1339 1795 1441 1829; x_wconf 83' lang='lat' dir='ltr'>potest</span> <span class='ocrx_word' id='word_1_659' title='bbox 1464 1800 1498 1821; x_wconf 85' lang='lat' dir='ltr'>se</span> <span class='ocrx_word' id='word_1_660' title='bbox 1522 1790 1582 1822; x_wconf 89' lang='lat' dir='ltr'>coli</span> <span class='ocrx_word' id='word_1_661' title='bbox 1605 1800 1645 1820; x_wconf 81' lang='lat' dir='ltr'>ex</span> <span class='ocrx_word' id='word_1_662' title='bbox 1668 1797 1768 1830; x_wconf 88' lang='lat' dir='ltr'>parte,</span> <span class='ocrx_word' id='word_1_663' title='bbox 1791 1798 1820 1821; x_wconf 88' lang='lat' dir='ltr'>et</span> <span class='ocrx_word' id='word_1_664' title='bbox 1844 1790 2000 1828; x_wconf 89' lang='lat' dir='ltr'>homines,</span> <span class='ocrx_word' id='word_1_665' title='bbox 2032 1796 2069 1822; x_wconf 86' lang='lat' dir='ltr'>ut</span> <span class='ocrx_word' id='word_1_666' title='bbox 2092 1792 2192 1832; x_wconf 78' lang='lat' dir='ltr'>scrip·</span> 
     </span>
     <span class='ocr_line' id='line_1_99' title="bbox 1238 1832 1833 1873; baseline 0.003 -11"><span class='ocrx_word' id='word_1_667' title='bbox 1238 1837 1310 1863; x_wconf 84' lang='lat' dir='ltr'>tura</span> <span class='ocrx_word' id='word_1_668' title='bbox 1335 1833 1481 1873; x_wconf 85' lang='lat' dir='ltr'>loquitur,</span> <span class='ocrx_word' id='word_1_669' title='bbox 1505 1832 1621 1863; x_wconf 89' lang='lat' dir='ltr'>habere</span> <span class='ocrx_word' id='word_1_670' title='bbox 1645 1843 1697 1863; x_wconf 88' lang='lat' dir='ltr'>cor</span> <span class='ocrx_word' id='word_1_671' title='bbox 1718 1841 1748 1863; x_wconf 85' lang='lat' dir='ltr'>et</span> <span class='ocrx_word' id='word_1_672' title='bbox 1771 1843 1833 1864; x_wconf 89' lang='lat' dir='ltr'>cor.</span> 
     </span>
    </p>

    <p class='ocr_par' dir='ltr' id='par_1_12' title="bbox 1229 1874 2193 2595">
     <span class='ocr_line' id='line_1_100' title="bbox 1321 1874 2193 1915; baseline 0.003 -10"><span class='ocrx_word' id='word_1_673' title='bbox 1321 1874 1412 1913; x_wconf 75' lang='lat' dir='ltr'>Quae</span> <span class='ocrx_word' id='word_1_674' title='bbox 1437 1875 1584 1914; x_wconf 86' lang='lat' dir='ltr'>deinceps</span> <span class='ocrx_word' id='word_1_675' title='bbox 1614 1881 1793 1915; x_wconf 86' lang='lat' dir='ltr'>sequuntur</span> <span class='ocrx_word' id='word_1_676' title='bbox 1824 1875 1861 1906; x_wconf 90' lang='lat' dir='ltr'>de</span> <span class='ocrx_word' id='word_1_677' title='bbox 1894 1876 2120 1907; x_wconf 81' lang='lat' dir='ltr'>exterminatis</span> <span class='ocrx_word' id='word_1_678' title='bbox 2153 1887 2193 1908; x_wconf 86' lang='lat' dir='ltr'>ex</span> 
     </span>
     <span class='ocr_line' id='line_1_101' title="bbox 1238 1918 2191 1958; baseline 0.002 -11"><span class='ocrx_word' id='word_1_679' title='bbox 1238 1922 1303 1948; x_wconf 89' lang='lat' dir='ltr'>tota</span> <span class='ocrx_word' id='word_1_680' title='bbox 1327 1918 1456 1958; x_wconf 80' lang='lat' dir='ltr'>regione</span> <span class='ocrx_word' id='word_1_681' title='bbox 1479 1928 1495 1947; x_wconf 87' lang='lat' dir='ltr'>a</span> <span class='ocrx_word' id='word_1_682' title='bbox 1519 1918 1616 1949; x_wconf 80' lang='lat' dir='ltr'>Saule</span> <span class='ocrx_word' id='word_1_683' title='bbox 1639 1918 1787 1948; x_wconf 83' lang='lat' dir='ltr'>veneficis</span> <span class='ocrx_word' id='word_1_684' title='bbox 1811 1923 1841 1948; x_wconf 90' lang='lat' dir='ltr'>et</span> <span class='ocrx_word' id='word_1_685' title='bbox 1866 1918 2128 1955; x_wconf 84' lang='lat' dir='ltr'>incantatoribus,</span> <span class='ocrx_word' id='word_1_686' title='bbox 2151 1918 2191 1949; x_wconf 86' lang='lat' dir='ltr'>ad</span> 
     </span>
     <span class='ocr_line' id='line_1_102' title="bbox 1236 1960 2190 2001; baseline 0.002 -11"><span class='ocrx_word' id='word_1_687' title='bbox 1236 1960 1337 1999; x_wconf 80' lang='lat' dir='ltr'>ipsius</span> <span class='ocrx_word' id='word_1_688' title='bbox 1377 1961 1502 1991; x_wconf 86' lang='lat' dir='ltr'>laudem</span> <span class='ocrx_word' id='word_1_689' title='bbox 1539 1961 1667 1991; x_wconf 80' lang='lat' dir='ltr'>faciunt.</span> <span class='ocrx_word' id='word_1_690' title='bbox 1720 1960 1810 1991; x_wconf 88' lang='lat' dir='ltr'>Deus</span> <span class='ocrx_word' id='word_1_691' title='bbox 1841 1970 1917 1991; x_wconf 89' lang='lat' dir='ltr'>sane</span> <span class='ocrx_word' id='word_1_692' title='bbox 1951 1961 2190 2001; x_wconf 84' lang='lat' dir='ltr'>corruptionem</span> 
     </span>
     <span class='ocr_line' id='line_1_103' title="bbox 1237 2002 2191 2041; baseline 0.002 -8"><span class='ocrx_word' id='word_1_693' title='bbox 1237 2002 1482 2034; x_wconf 86' lang='lat' dir='ltr'>abominabilem</span> <span class='ocrx_word' id='word_1_694' title='bbox 1507 2003 1555 2033; x_wconf 91' lang='lat' dir='ltr'>sui</span> <span class='ocrx_word' id='word_1_695' title='bbox 1575 2002 1679 2034; x_wconf 86' lang='lat' dir='ltr'>cultus</span> <span class='ocrx_word' id='word_1_696' title='bbox 1699 2013 1767 2033; x_wconf 82' lang='lat' dir='ltr'>esse</span> <span class='ocrx_word' id='word_1_697' title='bbox 1787 2002 2015 2041; x_wconf 82' lang='lat' dir='ltr'>declaraverat,</span> <span class='ocrx_word' id='word_1_698' title='bbox 2038 2010 2068 2034; x_wconf 89' lang='lat' dir='ltr'>et</span> <span class='ocrx_word' id='word_1_699' title='bbox 2088 2004 2191 2035; x_wconf 89' lang='lat' dir='ltr'>nomi-</span> 
     </span>
     <span class='ocr_line' id='line_1_104' title="bbox 1237 2045 2192 2077; baseline 0.002 -2"><span class='ocrx_word' id='word_1_700' title='bbox 1237 2045 1336 2075; x_wconf 86' lang='lat' dir='ltr'>natim</span> <span class='ocrx_word' id='word_1_701' title='bbox 1369 2057 1384 2075; x_wconf 90' lang='lat' dir='ltr'>e</span> <span class='ocrx_word' id='word_1_702' title='bbox 1415 2052 1499 2076; x_wconf 90' lang='lat' dir='ltr'>terra</span> <span class='ocrx_word' id='word_1_703' title='bbox 1530 2045 1597 2076; x_wconf 89' lang='lat' dir='ltr'>tolli</span> <span class='ocrx_word' id='word_1_704' title='bbox 1628 2045 1763 2075; x_wconf 84' lang='lat' dir='ltr'>iusserat</span> <span class='ocrx_word' id='word_1_705' title='bbox 1795 2055 1905 2075; x_wconf 91' lang='lat' dir='ltr'>omnes</span> <span class='ocrx_word' id='word_1_706' title='bbox 1934 2045 2131 2077; x_wconf 84' lang='lat' dir='ltr'>divinatores</span> <span class='ocrx_word' id='word_1_707' title='bbox 2160 2051 2192 2077; x_wconf 87' lang='lat' dir='ltr'>et</span> 
     </span>
     <span class='ocr_line' id='line_1_105' title="bbox 1237 2087 2191 2128; baseline 0.003 -11"><span class='ocrx_word' id='word_1_708' title='bbox 1237 2087 1462 2119; x_wconf 80' lang='lat' dir='ltr'>incantatores.</span> <span class='ocrx_word' id='word_1_709' title='bbox 1498 2087 1590 2126; x_wconf 87' lang='lat' dir='ltr'>Quod</span> <span class='ocrx_word' id='word_1_710' title='bbox 1603 2098 1677 2118; x_wconf 83' lang='lat' dir='ltr'>vero</span> <span class='ocrx_word' id='word_1_711' title='bbox 1701 2088 1835 2118; x_wconf 87' lang='lat' dir='ltr'>feminae</span> <span class='ocrx_word' id='word_1_712' title='bbox 1849 2087 2039 2128; x_wconf 88' lang='lat' dir='ltr'>plerumque</span> <span class='ocrx_word' id='word_1_713' title='bbox 2061 2089 2092 2118; x_wconf 87' lang='lat' dir='ltr'>in</span> <span class='ocrx_word' id='word_1_714' title='bbox 2114 2088 2191 2120; x_wconf 87' lang='lat' dir='ltr'>haec</span> 
     </span>
     <span class='ocr_line' id='line_1_106' title="bbox 1236 2129 2190 2170; baseline 0.001 -9"><span class='ocrx_word' id='word_1_715' title='bbox 1236 2130 1313 2161; x_wconf 90' lang='lat' dir='ltr'>vitia</span> <span class='ocrx_word' id='word_1_716' title='bbox 1336 2140 1454 2170; x_wconf 80' lang='lat' dir='ltr'>pronae</span> <span class='ocrx_word' id='word_1_717' title='bbox 1477 2137 1560 2162; x_wconf 87' lang='lat' dir='ltr'>suut.</span> <span class='ocrx_word' id='word_1_718' title='bbox 1589 2130 1657 2160; x_wconf 85' lang='lat' dir='ltr'>ideo</span> <span class='ocrx_word' id='word_1_719' title='bbox 1688 2129 1725 2160; x_wconf 89' lang='lat' dir='ltr'>de</span> <span class='ocrx_word' id='word_1_720' title='bbox 1755 2130 1816 2160; x_wconf 89' lang='lat' dir='ltr'>illis</span> <span class='ocrx_word' id='word_1_721' title='bbox 1841 2130 1892 2160; x_wconf 90' lang='lat' dir='ltr'>hic</span> <span class='ocrx_word' id='word_1_722' title='bbox 1921 2131 2122 2169; x_wconf 81' lang='lat' dir='ltr'>potissimum</span> <span class='ocrx_word' id='word_1_723' title='bbox 2153 2132 2190 2162; x_wconf 90' lang='lat' dir='ltr'>fit</span> 
     </span>
     <span class='ocr_line' id='line_1_107' title="bbox 1235 2171 2189 2213; baseline 0.002 -11"><span class='ocrx_word' id='word_1_724' title='bbox 1235 2173 1370 2203; x_wconf 85' lang='lat' dir='ltr'>mentio:</span> <span class='ocrx_word' id='word_1_725' title='bbox 1395 2179 1425 2204; x_wconf 90' lang='lat' dir='ltr'>et</span> <span class='ocrx_word' id='word_1_726' title='bbox 1449 2174 1479 2203; x_wconf 92' lang='lat' dir='ltr'>in</span> <span class='ocrx_word' id='word_1_727' title='bbox 1502 2173 1579 2213; x_wconf 84' lang='lat' dir='ltr'>lege,</span> <span class='ocrx_word' id='word_1_728' title='bbox 1603 2173 1674 2202; x_wconf 86' lang='lat' dir='ltr'>licet</span> <span class='ocrx_word' id='word_1_729' title='bbox 1697 2171 1869 2212; x_wconf 86' lang='lat' dir='ltr'>aliquando</span> <span class='ocrx_word' id='word_1_730' title='bbox 1888 2173 1948 2203; x_wconf 82' lang='lat' dir='ltr'>viri</span> <span class='ocrx_word' id='word_1_731' title='bbox 1973 2174 2189 2212; x_wconf 89' lang='lat' dir='ltr'>nominentur,</span> 
     </span>
     <span class='ocr_line' id='line_1_108' title="bbox 1235 2215 2189 2247; baseline 0.002 -3"><span class='ocrx_word' id='word_1_732' title='bbox 1235 2221 1341 2246; x_wconf 83' lang='lat' dir='ltr'>tamen</span> <span class='ocrx_word' id='word_1_733' title='bbox 1379 2226 1487 2246; x_wconf 86' lang='lat' dir='ltr'>omnes</span> <span class='ocrx_word' id='word_1_734' title='bbox 1524 2215 1746 2246; x_wconf 83' lang='lat' dir='ltr'>incantatrices</span> <span class='ocrx_word' id='word_1_735' title='bbox 1784 2220 1813 2245; x_wconf 92' lang='lat' dir='ltr'>et</span> <span class='ocrx_word' id='word_1_736' title='bbox 1851 2215 2013 2246; x_wconf 81' lang='lat' dir='ltr'>veneficae</span> <span class='ocrx_word' id='word_1_737' title='bbox 2051 2216 2189 2247; x_wconf 75' lang='lat' dir='ltr'>interfici</span> 
     </span>
     <span class='ocr_line' id='line_1_109' title="bbox 1235 2256 2190 2298; baseline 0.001 -10"><span class='ocrx_word' id='word_1_738' title='bbox 1235 2258 1397 2288; x_wconf 85' lang='lat' dir='ltr'>iubentur.</span> <span class='ocrx_word' id='word_1_739' title='bbox 1449 2257 1557 2295; x_wconf 83' lang='lat' dir='ltr'>Quare</span> <span class='ocrx_word' id='word_1_740' title='bbox 1587 2268 1663 2287; x_wconf 88' lang='lat' dir='ltr'>vero</span> <span class='ocrx_word' id='word_1_741' title='bbox 1701 2257 1789 2288; x_wconf 84' lang='lat' dir='ltr'>Deus</span> <span class='ocrx_word' id='word_1_742' title='bbox 1825 2256 1911 2288; x_wconf 90' lang='lat' dir='ltr'>illius</span> <span class='ocrx_word' id='word_1_743' title='bbox 1949 2268 2046 2288; x_wconf 76' lang='lat' dir='ltr'>sexus</span> <span class='ocrx_word' id='word_1_744' title='bbox 2083 2258 2190 2298; x_wconf 89' lang='lat' dir='ltr'>potius</span> 
     </span>
     <span class='ocr_line' id='line_1_110' title="bbox 1234 2300 2189 2340; baseline 0.001 -10"><span class='ocrx_word' id='word_1_745' title='bbox 1234 2311 1327 2340; x_wconf 83' lang='lat' dir='ltr'>quam</span> <span class='ocrx_word' id='word_1_746' title='bbox 1360 2300 1460 2331; x_wconf 75' lang='lat' dir='ltr'>virilis</span> <span class='ocrx_word' id='word_1_747' title='bbox 1491 2300 1635 2331; x_wconf 88' lang='lat' dir='ltr'>meminit</span> <span class='ocrx_word' id='word_1_748' title='bbox 1665 2306 1729 2329; x_wconf 84' lang='lat' dir='ltr'>tam</span> <span class='ocrx_word' id='word_1_749' title='bbox 1760 2310 1925 2339; x_wconf 79' lang='lat' dir='ltr'>expresse,</span> <span class='ocrx_word' id='word_1_750' title='bbox 1961 2300 2052 2330; x_wconf 87' lang='lat' dir='ltr'>cuius</span> <span class='ocrx_word' id='word_1_751' title='bbox 2080 2300 2189 2340; x_wconf 85' lang='lat' dir='ltr'>potius</span> 
     </span>
     <span class='ocr_line' id='line_1_111' title="bbox 1233 2341 2190 2383; baseline 0 -10"><span class='ocrx_word' id='word_1_752' title='bbox 1233 2349 1364 2383; x_wconf 88' lang='lat' dir='ltr'>propter</span> <span class='ocrx_word' id='word_1_753' title='bbox 1387 2343 1592 2383; x_wconf 85' lang='lat' dir='ltr'>fragilitatem</span> <span class='ocrx_word' id='word_1_754' title='bbox 1624 2342 1766 2372; x_wconf 80' lang='lat' dir='ltr'>misereri</span> <span class='ocrx_word' id='word_1_755' title='bbox 1797 2341 1910 2373; x_wconf 84' lang='lat' dir='ltr'>debere</span> <span class='ocrx_word' id='word_1_756' title='bbox 1941 2342 2128 2383; x_wconf 85' lang='lat' dir='ltr'>videbatur,</span> <span class='ocrx_word' id='word_1_757' title='bbox 2157 2347 2190 2373; x_wconf 86' lang='lat' dir='ltr'>et</span> 
     </span>
     <span class='ocr_line' id='line_1_112' title="bbox 1233 2384 2188 2424; baseline 0 -8"><span class='ocrx_word' id='word_1_758' title='bbox 1233 2396 1296 2416; x_wconf 92' lang='lat' dir='ltr'>non</span> <span class='ocrx_word' id='word_1_759' title='bbox 1321 2385 1429 2416; x_wconf 89' lang='lat' dir='ltr'>eodem</span> <span class='ocrx_word' id='word_1_760' title='bbox 1455 2396 1524 2416; x_wconf 83' lang='lat' dir='ltr'>eum</span> <span class='ocrx_word' id='word_1_761' title='bbox 1550 2385 1626 2415; x_wconf 80' lang='lat' dir='ltr'>viris</span> <span class='ocrx_word' id='word_1_762' title='bbox 1650 2384 1804 2424; x_wconf 75' lang='lat' dir='ltr'>supplicio</span> <span class='ocrx_word' id='word_1_763' title='bbox 1828 2384 1977 2415; x_wconf 84' lang='lat' dir='ltr'>afficere?</span> <span class='ocrx_word' id='word_1_764' title='bbox 2010 2384 2075 2416; x_wconf 84' lang='lat' dir='ltr'>Sed</span> <span class='ocrx_word' id='word_1_765' title='bbox 2098 2385 2188 2416; x_wconf 82' lang='lat' dir='ltr'>Deus</span> 
     </span>
     <span class='ocr_line' id='line_1_113' title="bbox 1232 2427 2190 2468; baseline -0.001 -10"><span class='ocrx_word' id='word_1_766' title='bbox 1232 2428 1275 2458; x_wconf 84' lang='lat' dir='ltr'>ita</span> <span class='ocrx_word' id='word_1_767' title='bbox 1299 2428 1396 2458; x_wconf 78' lang='lat' dir='ltr'>voluit</span> <span class='ocrx_word' id='word_1_768' title='bbox 1416 2428 1656 2468; x_wconf 73' lang='lat' dir='ltr'>ingravescente</span> <span class='ocrx_word' id='word_1_769' title='bbox 1675 2427 1762 2463; x_wconf 73' lang='lat' dir='ltr'>riti0,</span> <span class='ocrx_word' id='word_1_770' title='bbox 1787 2427 1935 2466; x_wconf 77' lang='lat' dir='ltr'>graviora</span> <span class='ocrx_word' id='word_1_771' title='bbox 1958 2427 2054 2457; x_wconf 88' lang='lat' dir='ltr'>etiam</span> <span class='ocrx_word' id='word_1_772' title='bbox 2075 2427 2190 2458; x_wconf 88' lang='lat' dir='ltr'>adver-</span> 
     </span>
     <span class='ocr_line' id='line_1_114' title="bbox 1231 2469 2190 2510; baseline -0.001 -9"><span class='ocrx_word' id='word_1_773' title='bbox 1231 2481 1284 2501; x_wconf 90' lang='lat' dir='ltr'>sus</span> <span class='ocrx_word' id='word_1_774' title='bbox 1313 2470 1392 2500; x_wconf 86' lang='lat' dir='ltr'>illud</span> <span class='ocrx_word' id='word_1_775' title='bbox 1423 2471 1455 2500; x_wconf 92' lang='lat' dir='ltr'>in</span> <span class='ocrx_word' id='word_1_776' title='bbox 1479 2470 1624 2510; x_wconf 79' lang='lat' dir='ltr'>quemvis</span> <span class='ocrx_word' id='word_1_777' title='bbox 1654 2480 1764 2499; x_wconf 78' lang='lat' dir='ltr'>sexum</span> <span class='ocrx_word' id='word_1_778' title='bbox 1796 2469 1894 2500; x_wconf 83' lang='lat' dir='ltr'>statui</span> <span class='ocrx_word' id='word_1_779' title='bbox 1922 2470 2088 2509; x_wconf 88' lang='lat' dir='ltr'>supplicia.</span> <span class='ocrx_word' id='word_1_780' title='bbox 2133 2469 2190 2501; x_wconf 85' lang='lat' dir='ltr'>Sic</span> 
     </span>
     <span class='ocr_line' id='line_1_115' title="bbox 1230 2511 2186 2552; baseline -0.001 -9"><span class='ocrx_word' id='word_1_781' title='bbox 1230 2513 1314 2544; x_wconf 83' lang='lat' dir='ltr'>fures</span> <span class='ocrx_word' id='word_1_782' title='bbox 1328 2512 1402 2544; x_wconf 87' lang='lat' dir='ltr'>alibi</span> <span class='ocrx_word' id='word_1_783' title='bbox 1416 2513 1621 2549; x_wconf 75' lang='lat' dir='ltr'>saevioribus,</span> <span class='ocrx_word' id='word_1_784' title='bbox 1644 2511 1718 2543; x_wconf 89' lang='lat' dir='ltr'>alibi</span> <span class='ocrx_word' id='word_1_785' title='bbox 1732 2511 1911 2542; x_wconf 86' lang='lat' dir='ltr'>mitioribus</span> <span class='ocrx_word' id='word_1_786' title='bbox 1923 2512 2036 2551; x_wconf 83' lang='lat' dir='ltr'>poenis</span> <span class='ocrx_word' id='word_1_787' title='bbox 2049 2513 2186 2552; x_wconf 90' lang='lat' dir='ltr'>puniun-</span> 
     </span>
     <span class='ocr_line' id='line_1_116' title="bbox 1229 2553 2188 2595; baseline 0 -10"><span class='ocrx_word' id='word_1_788' title='bbox 1229 2561 1289 2586; x_wconf 89' lang='lat' dir='ltr'>tur.</span> <span class='ocrx_word' id='word_1_789' title='bbox 1334 2554 1481 2594; x_wconf 84' lang='lat' dir='ltr'>Denique</span> <span class='ocrx_word' id='word_1_790' title='bbox 1504 2554 1718 2586; x_wconf 83' lang='lat' dir='ltr'>crescentibus</span> <span class='ocrx_word' id='word_1_791' title='bbox 1742 2553 1875 2591; x_wconf 89' lang='lat' dir='ltr'>delictis,</span> <span class='ocrx_word' id='word_1_792' title='bbox 1911 2554 2013 2585; x_wconf 81' lang='lat' dir='ltr'>veluti</span> <span class='ocrx_word' id='word_1_793' title='bbox 2038 2555 2188 2595; x_wconf 88' lang='lat' dir='ltr'>blasphe-</span> 
     </span>
    </p>
   </div>
   <div class='ocr_carea' id='block_1_11' title="bbox 1317 2647 1985 2715">
    <p class='ocr_par' dir='ltr' id='par_1_13' title="bbox 1317 2647 1985 2715">
     <span class='ocr_line' id='line_1_117' title="bbox 1317 2647 1602 2681; baseline -0.007 -7"><span class='ocrx_word' id='word_1_794' title='bbox 1317 2648 1344 2681; x_wconf 77' lang='lat'>*)</span> <span class='ocrx_word' id='word_1_795' title='bbox 1362 2647 1434 2681; x_wconf 77' lang='lat' dir='ltr'>Leqe</span> <span class='ocrx_word' id='word_1_796' title='bbox 1441 2659 1448 2672; x_wconf 87' lang='grc'>.-</span> <span class='ocrx_word' id='word_1_797' title='bbox 1467 2647 1602 2673; x_wconf 73' lang='lat' dir='ltr'>Samuelis.</span> 
     </span>
     <span class='ocr_line' id='line_1_118' title="bbox 1935 2688 1985 2715; baseline 0 -12"><span class='ocrx_word' id='word_1_798' title='bbox 1935 2688 1985 2715; x_wconf 56' lang='lat'>40*</span> 
     </span>
    </p>
   </div>
  </div>
 </body>
</html>
