2551 3044
387 220 444 249 411

386 310 579 352 implacabili
611 309 702 340 Sauli
734 308 801 347 regi
827 317 970 344 exosum,
1003 306 1101 336 variis
1127 305 1228 336 modis
1257 306 1359 346 agita·

389 364 466 392 tum,
501 354 578 393 suga
614 350 746 382 tandem
780 360 858 381 suae
887 349 985 380 saluti
1016 348 1183 380 consulere
1213 355 1358 380 coactum

389 397 478 437 panis
500 395 607 435 inopia
632 393 804 429 laborasse,
828 399 860 423 ct
884 392 979 422 rebus
998 390 1150 422 omnibus
1170 391 1358 422 necessariis

387 440 487 471 fuisse
521 437 712 468 destitutum
755 437 787 466 in
838 445 953 465 manus
991 434 1093 465 hostis
1134 433 1357 474 capitalissimi

387 482 565 516 devenisse,
590 479 779 518 nullumque
803 477 891 509 aliud
916 477 977 517 ipsi
1002 477 1098 508 fuisse
1121 476 1236 508 salutis
1257 487 1358 507 reme·

389 525 488 559 dium,
513 533 609 563 quam
633 522 778 553 insaniae
798 519 1054 552 simulationem:
1079 519 1154 550 inde
1179 520 1210 549 in
1233 519 1359 558 spelun-

388 578 457 599 cam
492 565 643 597 Odollam
678 564 808 604 fugisse,
844 562 972 603 magnis
1005 561 1143 602 denique
1181 562 1282 599 curis,
1326 569 1359 592 ut

389 610 539 648 deinceps
571 607 767 643 videbimus,
799 606 981 637 confectum
1013 604 1127 642 fuisse,
1157 611 1281 636 certum
1312 609 1359 635 est

390 663 453 683 uon
473 650 568 682 modo
581 661 645 681 uon
659 650 768 680 datum
782 649 820 679 iri
835 648 1003 679 materiam
1031 648 1155 679 animos
1175 646 1358 678 assumendi

391 696 524 734 Deoquc
549 703 615 730 nos,
639 702 737 733 quum
751 698 798 722 tot
821 691 948 722 casibus
960 690 1130 731 explorare
1145 691 1237 727 volet,
1261 690 1358 720 subii-

390 738 505 772 ciendi,
530 736 584 767 sed
616 741 729 766 contra
757 734 863 775 potius
895 734 1038 765 animum
1070 732 1298 773 despondendi,
1329 737 1359 762 et

390 781 429 812 ab
452 780 558 811 officio
583 777 762 810 resiliendi:
786 777 842 809 sed
865 777 891 808 si
914 775 1010 807 simul
1034 776 1094 807 ista
1113 776 1358 815 coniungamus,

391 834 506 863 nempe
532 821 640 853 Deum
663 821 708 852 sic
731 831 808 852 suos
831 830 943 851 servos
965 818 1144 859 explorare,
1169 824 1203 849 ut
1223 818 1262 848 ab
1281 817 1359 857 ipsis

390 876 525 897 aversus
549 863 699 895 videatur
722 871 754 894 et
777 862 893 894 deiude
923 862 1028 902 ipsum
1060 862 1108 892 uti
1140 859 1359 892 misericordia

391 918 551 948 manuque
583 907 752 938 sublevare
789 912 821 936 ot
854 906 887 936 in
919 905 1047 935 incertis
1080 904 1175 935 rebus
1203 903 1359 934 auxilium
1385 927 1386 931 ,

391 953 473 982 ferre
498 961 561 981 non
586 949 813 990 cogitantibus.
859 947 1009 987 Denique
1032 948 1058 978 si
1081 957 1154 978 cum
1178 946 1359 977 afflictioni-

392 995 449 1025 bus
472 1000 503 1025 et
516 993 654 1024 miseriis
677 991 806 1023 illarum
819 991 943 1022 exitum
955 990 1189 1025 coniunximus,
1214 988 1353 1027 amplam

392 1037 485 1068 nobis
517 1035 659 1067 laetitiae
691 1035 858 1065 materiam
889 1033 1084 1073 propositam
1120 1041 1359 1072 cognoscemus,

391 1087 424 1111 et
457 1078 496 1110 ad
539 1078 728 1118 patientiam
768 1077 916 1116 exemplo
959 1075 1094 1106 Davidis
1136 1074 1358 1105 excitabimur.

394 1125 502 1162 Atque
526 1121 586 1153 hoc
607 1121 712 1161 ipsum
736 1130 794 1151 nos
817 1119 908 1150 docet
931 1118 1025 1149 Iacob
1055 1117 1230 1157 apostolus,
1261 1125 1360 1156 quum

393 1166 455 1196 ait:
481 1164 700 1203 Sufferentiam
724 1162 780 1193 Iob
802 1161 979 1197 audivistis,
1003 1164 1029 1191 et
1050 1161 1141 1199 finem
1165 1159 1295 1190 Domini
1319 1159 1362 1189 vi·
1386 1162 1389 1169 ⁴

395 1208 488 1240 distis
510 1207 590 1247 quod
612 1206 788 1237 misericors
800 1204 963 1236 Dominus.
1001 1204 1075 1234 Istis
1099 1204 1197 1243 igitur
1211 1202 1362 1233 docemur

396 1252 502 1282 Deum
525 1260 599 1281 suos
624 1258 788 1288 nunquam
813 1246 1034 1285 derelinquere
1066 1258 1101 1277 ac
1125 1246 1199 1276 licet
1224 1255 1288 1275 non
1312 1254 1361 1274 re-

396 1300 491 1334 pente
526 1293 628 1333 ipsius
661 1297 817 1331 appareat
852 1290 1008 1320 auxilium
1047 1299 1214 1328 nunquam
1253 1294 1361 1318 tamen

397 1336 551 1367 oblivioni
574 1345 650 1366 suos
673 1332 869 1364 traditurum
892 1333 970 1372 quin
984 1331 1094 1362 multis
1117 1331 1255 1371 agitatos
1279 1330 1362 1360 cala—

399 1377 564 1410 mitatibus
595 1376 724 1408 taudem
756 1376 867 1406 liberet
895 1383 927 1406 ct
958 1375 1008 1405 vel
1038 1375 1076 1405 ab
1113 1375 1181 1413 ipso
1215 1373 1362 1413 sepulcro

399 1421 561 1453 redivivos
584 1420 716 1459 impleat
740 1417 866 1459 gaudio,
890 1416 1159 1457 quemadmodum
1183 1427 1224 1447 ex
1248 1416 1363 1446 Annae

399 1464 524 1496 cantico
551 1461 730 1494 didicimus.
776 1461 925 1501 Denique
949 1459 1107 1490 Davidem
1136 1469 1175 1490 ex
1208 1459 1265 1490 lioc
1296 1458 1363 1488 loco

400 1513 533 1546 apparet
566 1505 605 1536 ad
641 1505 726 1535 vitae
759 1513 836 1535 suae
878 1502 1074 1543 praesidium
1117 1501 1236 1532 mundo
1278 1501 1364 1531 velut

401 1549 535 1580 exulare
558 1555 715 1584 coactum,
740 1557 823 1586 quae
849 1545 1042 1586 gravissima
1067 1545 1208 1576 omnium
1227 1544 1288 1584 ipsi
1305 1544 1366 1574 fuit

403 1592 546 1623 tentatio.
594 1591 739 1621 Profecto
763 1590 788 1620 si
813 1588 852 1620 ad
878 1589 960 1618 vitae
991 1588 1184 1627 praesidium
1214 1587 1265 1618 vel
1295 1586 1363 1617 lati-

403 1644 477 1670 tare.
505 1634 552 1665 vel
577 1634 679 1664 solum
699 1638 826 1663 vertere
844 1641 1006 1670 cogemur,
1031 1631 1261 1671 gravissimum
1286 1628 1363 1660 illud

401 1677 530 1717 quidem
566 1675 744 1707 videbitur:
778 1674 834 1706 sed
869 1672 1028 1704 Davidem
1063 1673 1265 1708 intueamur,
1300 1682 1364 1703 non

403 1727 527 1751 tantum
553 1719 657 1759 patria
668 1724 840 1752 extorrem.
864 1726 977 1747 verum
990 1716 1086 1747 etiam
1111 1715 1189 1746 adeo
1214 1716 1364 1746 miserum

403 1770 437 1794 ut
462 1773 502 1793 ne
525 1762 656 1792 domum
680 1761 712 1791 in
737 1770 800 1800 qua
812 1759 927 1790 lateret
947 1758 1110 1790 habuerit:
1135 1758 1189 1789 sed
1214 1758 1302 1788 velut
1326 1757 1365 1788 ab

404 1806 571 1836 hominum
585 1804 746 1834 consortio
769 1807 946 1842 separatus.
970 1802 1004 1832 in
1026 1801 1188 1841 speluncis
1211 1806 1364 1840 tanquam

401 1849 440 1879 ad
473 1855 607 1878 mortem
639 1846 810 1877 damnatus
841 1844 966 1875 latitare
995 1851 1124 1875 coaetus
1153 1844 1203 1880 sit,
1235 1850 1270 1874 ut
1298 1844 1366 1873 eius

400 1890 548 1930 exemplo
578 1889 738 1920 discamus
769 1888 802 1918 in
834 1887 896 1918 Dei
929 1887 1094 1918 voluntate
1131 1886 1364 1925 conquiescere.

401 1932 570 1973 Siquidem
594 1943 656 1971 quo
680 1931 884 1971 gravioribus
907 1929 1137 1960 tentationibus
1160 1929 1223 1959 fuit
1245 1929 1365 1960 exerci-

403 1984 462 2013 tus,
487 1986 523 2007 eo
547 1974 770 2015 providentiae
793 1972 923 2004 divinac
946 1973 1092 2012 potentia
1115 1972 1151 2003 fit
1175 1972 1264 2002 uobis
1295 1982 1368 2002 con-

403 2019 555 2059 spectior,
586 2016 784 2048 admirandis
815 2015 916 2046 modis
951 2025 1024 2046 suos
1057 2015 1233 2046 liberantis.
1284 2014 1366 2044 Nam

403 2071 538 2102 quorum
563 2071 600 2092 ca
622 2060 682 2091 suit
704 2059 855 2095 conditio,
880 2063 916 2089 ut
938 2068 1034 2097 saepe
1058 2068 1161 2097 neque
1193 2057 1288 2088 lunae
1313 2067 1366 2086 ue—

403 2115 464 2144 que
487 2103 563 2135 solis
593 2101 764 2143 splendore
793 2101 987 2136 fruerentur,
1018 2100 1072 2131 sed
1103 2101 1136 2130 in
1167 2099 1367 2130 densissimis

405 2147 516 2177 mortis
547 2145 688 2176 tenebris
724 2144 865 2175 immersi
911 2143 1009 2174 vitam
1041 2149 1175 2183 agerent
1206 2143 1367 2178 miseram,

408 2190 494 2220 Deus
525 2196 630 2219 tamen
663 2187 852 2218 miraculose
883 2197 922 2217 ex
959 2186 1118 2225 angustiis
1146 2185 1209 2216 illis
1239 2183 1368 2215 tandem

405 2232 535 2271 eripuit.
581 2231 647 2262 Nec
671 2231 802 2261 dubium
826 2236 872 2260 cst
897 2229 974 2268 quin
1000 2228 1107 2260 David
1137 2227 1264 2259 assidue
1287 2227 1369 2257 hauc

406 2274 582 2306 doctrinam
615 2274 768 2310 versariis,
804 2282 903 2312 quum
928 2271 1059 2302 Psalmo
1090 2272 1243 2311 vigesimo
1274 2270 1368 2300 tertio

406 2319 482 2349 dicit
505 2328 539 2348 sc
563 2317 636 2348 licet
659 2316 873 2347 ambulaverit
896 2315 928 2345 in
952 2313 1056 2344 medio
1087 2315 1219 2345 umbrae
1249 2313 1369 2349 mortis,

408 2370 472 2391 non
496 2370 589 2399 posse
613 2365 720 2389 tamen
745 2358 811 2389 ullo
835 2358 935 2397 ipsius
948 2363 1034 2387 metu
1049 2356 1194 2396 percelli:
1219 2355 1370 2395 quoniam

410 2403 498 2434 Deus
521 2403 560 2434 sit
585 2413 656 2433 cum
682 2402 759 2441 ipso,
783 2406 816 2432 et
839 2400 931 2439 virga
950 2406 982 2430 et
1005 2399 1121 2440 pedum
1141 2399 1241 2439 ipsius
1263 2398 1370 2438 ipsum

407 2445 631 2477 consolentur:
655 2444 745 2484 quasi
769 2443 852 2474 dicat
876 2454 909 2474 se
932 2442 1006 2473 licet
1028 2442 1062 2473 in
1086 2442 1236 2473 maximis
1259 2440 1372 2471 mortis

409 2488 560 2528 periculis
585 2493 768 2518 versantem
793 2487 825 2516 in
854 2485 968 2525 quibus
991 2485 1058 2516 sola
1088 2484 1268 2524 desperatio
1300 2482 1372 2513 reli·
1397 2516 1399 2518 ,

407 2541 470 2570 qua
494 2529 649 2566 videatur,
673 2540 736 2560 uon
756 2535 933 2569 apparente
953 2527 1018 2558 ulla
1042 2528 1166 2558 ratione
1188 2537 1250 2567 qua
1273 2525 1373 2566 possit

1188 210 1387 243 HOMILIA
1415 208 1575 242 LXXIX.

2319 206 2381 238 412

1417 305 1480 335 lam
1504 303 1661 342 confugit,
1685 303 1718 333 in
1742 312 1804 342 qua
1827 303 1914 333 omui
1945 313 2006 342 ope
2037 301 2180 333 humana
2211 301 2386 333 destitutus

1412 348 1472 378 fuit
1496 347 1595 377 donec
1618 346 1720 385 ipsius
1744 343 1872 375 tandem
1899 345 1987 376 Deus
2011 345 2165 375 misertus
2187 350 2245 376 est.

1498 390 1598 420 Porro
1621 399 1662 419 ex
1693 387 1901 428 sequentibus
1933 388 2034 418 videri
2067 394 2173 427 posset
2203 397 2266 418 non
2299 386 2380 417 nihil

1412 432 1601 463 sublevatus
1632 429 1774 461 adventu
1803 440 1955 467 suornm,
1986 437 2018 461 et
2049 431 2155 469 aliquo
2184 429 2299 461 solatio
2330 439 2380 460 re-

1411 481 1537 506 creatus
1557 483 1622 513 quo
1646 480 1754 504 tamen
1779 474 1884 513 potius
1907 480 2018 504 auctas
2044 474 2142 512 ipsius
2173 472 2379 504 difficultates

1412 518 1562 556 deinceps
1587 515 1778 547 videbimus.
1812 515 1896 546 Nam
1910 515 2064 548 dicuntur
2077 515 2115 546 ad
2137 516 2240 555 ipsum
2255 515 2382 546 venisse

1413 567 1503 600 puter
1525 559 1626 599 ipsius
1648 568 1722 589 cum
1746 563 1859 595 matre,
1883 560 1935 598 qui
1960 560 2023 589 iam
2047 558 2086 589 ad
2107 563 2246 589 aetatem
2271 557 2380 589 decre-

1413 603 1513 643 pitam
1546 608 1782 641 pervenerant:
1821 607 1854 631 et
1882 610 1956 632 cum
1986 601 2063 641 ipsis
2094 602 2210 632 fratres
2241 600 2319 639 cius,
2349 604 2381 631 et

1411 645 1516 676 omnis
1541 644 1654 675 domus
1678 644 1789 683 patris.
1836 643 1968 682 Quanto
1992 654 2110 684 quaeso
2142 643 2194 674 hic
2217 643 2324 675 luctus
2347 647 2380 673 et

1412 687 1616 728 querelarum
1640 697 1710 717 sese
1733 687 1856 718 occasio
1878 686 2016 717 obtulit?
2044 686 2129 717 Nam
2153 685 2382 717 admirandum

1411 731 1473 761 fuit
1496 736 1528 761 et
1556 728 1762 769 stupendum,
1793 739 1850 769 pro
1880 729 1970 769 regia
1999 738 2124 765 corona,
2155 739 2235 768 quae
2258 727 2381 759 Davidi

1412 772 1576 804 Samuelis
1600 772 1779 802 ministerio
1802 771 1958 812 promissa
1982 772 2089 802 fuerat
2112 782 2130 802 a
2153 770 2307 808 Domino,
2331 777 2381 801 to-

1413 823 1478 846 tam
1502 814 1639 846 Davidis
1663 814 1819 845 familiam
1846 814 2033 854 periclitari,
2065 820 2097 844 et
2127 820 2281 854 tanquam
2315 813 2381 853 pia-

1412 859 1520 889 culum
1545 857 1665 893 haberi‚
1689 862 1720 887 et
1746 857 1793 888 illi
1818 856 1971 897 populum
2003 857 2167 887 intensum
2198 861 2231 886 et
2258 855 2381 887 factum

1414 902 1539 932 bostem
1567 899 1850 940 capitalissimum‚
1881 899 1966 939 quod
1997 898 2159 931 Samuelis
2189 898 2381 938 ministerio,

1413 955 1470 975 rex
1491 943 1680 983 designatus
1693 943 1846 974 unctione
1868 952 1961 973 sacra
1984 942 2090 973 fuerat
2103 949 2134 972 et
2157 942 2381 981 inauguratus.

1413 987 1563 1018 Profecto
1586 991 1654 1017 tota
1677 985 1778 1026 patris
1802 985 1916 1016 domus
1939 984 2036 1024 probe
2060 989 2197 1015 noverat
2219 983 2382 1015 Davidem

1413 1041 1431 1061 a
1455 1030 1525 1060 Deo
1549 1039 1658 1069 regem
1682 1028 1896 1069 designatum,
1919 1028 1980 1058 etsi
2003 1028 2068 1058 iam
2093 1027 2171 1058 Saul
2194 1026 2287 1057 illum
2310 1036 2382 1067 per·

1413 1078 1618 1112 sequeretur:
1649 1070 1705 1102 sed
1737 1071 1833 1102 etiam
1863 1075 1976 1102 contra
2005 1069 2095 1101 videt
2118 1068 2289 1106 Davidem,
2316 1079 2383 1100 nou

1414 1115 1509 1146 modo
1532 1115 1718 1155 profugum,
1739 1119 1771 1145 et
1795 1119 1950 1153 tanquam
1973 1112 2014 1144 ad
2033 1117 2170 1143 mortem
2193 1111 2386 1143 condemna-

1414 1164 1483 1189 tum
1507 1168 1585 1195 esse,
1608 1157 1758 1188 omnibus
1781 1166 1926 1194 exosum,
1955 1155 2011 1187 sed
2042 1155 2138 1187 etiam
2167 1165 2204 1186 eo
2234 1154 2384 1186 miseriae

1414 1201 1578 1232 redactum
1604 1206 1639 1231 ut
1663 1200 1696 1230 in
1710 1199 1874 1240 speluncis
1888 1204 2040 1239 tanquam
2065 1198 2097 1229 in
2111 1197 2258 1238 sepulcro
2281 1197 2383 1228 vitam

1414 1245 1499 1275 tueri
1523 1248 1709 1283 cogeretur:
1734 1252 1796 1282 quo
1809 1252 1883 1273 casu
1898 1240 2006 1273 David
2019 1241 2161 1272 vicissim
2175 1240 2384 1271 vehementer

1414 1286 1612 1318 commoveri
1625 1290 1761 1325 poterat,
1786 1291 1818 1315 et
1831 1290 1986 1324 tanquam
2010 1284 2122 1315 lethali
2136 1283 2270 1314 vulnere
2289 1282 2384 1320 affici,

1416 1340 1517 1369 quum
1540 1335 1665 1369 patrem
1678 1327 1805 1359 videret
1827 1327 1862 1358 in
1882 1327 1941 1358 has
1964 1326 2172 1358 difficultates
2196 1330 2329 1366 propter
2351 1335 2386 1356 se

1416 1373 1607 1410 coniectum,
1631 1376 1664 1402 et
1686 1371 1828 1410 reliquos
1847 1371 1943 1401 etiam
1963 1380 2035 1401 cum
2059 1369 2129 1409 ipso
2148 1375 2304 1409 cognatos
2329 1368 2384 1400 iis-

1418 1415 1489 1447 dem
1514 1413 1757 1446 difficultatibus
1780 1413 1898 1453 urgeri.
1930 1411 2088 1453 Superius
2111 1417 2220 1442 autem
2244 1410 2384 1442 vidimus

1416 1458 1545 1489 venisse
1568 1457 1729 1488 Davidem
1753 1457 1786 1487 in
1809 1457 1947 1486 fratrum
1970 1459 2191 1495 contemptum
2219 1459 2252 1485 et
2273 1453 2383 1484 odium

1416 1501 1691 1541 capitalissimum.
1736 1498 1807 1530 Iam
1832 1509 1907 1529 vero
1930 1503 2092 1538 coguntur
2113 1496 2205 1528 illum
2229 1497 2384 1528 miserum

1417 1544 1561 1575 exsulem
1586 1549 1618 1574 ct
1640 1542 1746 1582 patria
1769 1546 1934 1572 extorrem
1946 1551 2041 1581 quem
2064 1550 2175 1571 omnes
2188 1549 2384 1579 persequun-

1418 1593 1479 1623 tur,
1506 1594 1661 1626 tanquam
1685 1584 1895 1625 perfidiosum
1919 1590 1951 1615 et
1975 1584 2200 1618 facinorosum,
2224 1581 2381 1613 comitari.

1418 1630 1496 1661 Tale
1518 1630 1619 1669 igitur
1643 1628 1703 1659 fuit
1726 1627 1811 1658 istud
1843 1626 1993 1658 solat-ium
2017 1625 2100 1665 quod
2134 1636 2174 1656 ex
2205 1630 2297 1665 parte
2318 1624 2384 1655 Da-

1419 1674 1500 1704 vidis
1523 1671 1689 1703 tristitiam
1720 1676 1751 1701 et
1774 1670 1898 1701 dolores
1922 1670 2067 1710 graviter
2097 1673 2222 1709 poterat
2254 1677 2382 1708 augere,

1417 1727 1456 1747 ex
1481 1719 1572 1755 parte
1595 1719 1704 1745 autem
1724 1713 1835 1743 lenire.
1881 1712 1976 1743 Hanc
1999 1711 2158 1743 rationem
2181 1710 2214 1741 in
2237 1710 2306 1741 suis
2328 1719 2383 1741 ex-

1417 1757 1582 1798 plorandis
1615 1757 1805 1797 plerumque
1839 1755 1929 1786 Deus
1961 1754 2123 1795 sequitur,
2160 1759 2198 1784 ut
2231 1751 2384 1794 gravibus

1417 1803 1502 1841 ipsos
1532 1798 1758 1831 afflictionibus
1795 1804 1827 1829 et
1861 1796 2128 1838 castigationibus
2158 1801 2324 1832 exerceat,
2351 1800 2385 1826 et

1418 1844 1547 1875 interim
1571 1843 1700 1873 dolores
1722 1842 1866 1882 ipsorum
1890 1850 1927 1872 ac
1950 1840 2116 1871 tristitiam
2139 1838 2246 1878 aliquo
2269 1837 2384 1870 solatio

1418 1887 1512 1923 levet,
1536 1885 1591 1918 sed
1616 1896 1680 1916 non
1705 1890 1814 1915 tamen
1839 1883 1899 1914 hac
1922 1883 1954 1913 in
1978 1893 2013 1914 re
2037 1892 2242 1914 communem
2265 1890 2384 1921 sequu-

1418 1935 1471 1961 tus
1506 1930 1664 1960 rationem
1696 1937 1801 1967 neque
1832 1924 2033 1957 naturalibus
2061 1925 2209 1956 sensibus
2238 1922 2385 1955 obviam:

1418 1983 1480 2012 qua
1504 1983 1543 2003 ex
1568 1981 1603 2002 re
1626 1971 1728 2011 magis
1752 1980 1788 2000 ac
1801 1969 1905 2009 magis
1929 1968 2029 2000 virtus
2052 1967 2153 2008 ipsius
2170 1966 2385 2007 cognoscitur,

1419 2015 1503 2055 quod
1528 2014 1685 2045 nimirum
1711 2012 1848 2052 improbi
1872 2019 1903 2042 et
1926 2011 2052 2052 profani
2084 2010 2231 2041 homines
2260 2008 2384 2040 deliciis

1419 2065 1451 2088 et
1474 2056 1692 2097 voluptatibus
1715 2056 1782 2086 suis
1806 2054 1955 2085 inebriati
1978 2053 2096 2085 lethale
2118 2053 2153 2084 in
2175 2063 2210 2085 se
2231 2050 2384 2083 iudicium

1423 2100 1481 2131 Dei
1507 2108 1660 2140 tanquam
1685 2108 1845 2129 venenum
1866 2096 2025 2128 derivant.
2061 2095 2184 2128 Contra
2208 2104 2284 2126 vero
2307 2093 2384 2125 fide-

1421 2143 1466 2174 les
1497 2143 1608 2173 multis
1640 2140 1803 2173 doloribus
1833 2139 1991 2176 cibantur.
2027 2145 2060 2170 et
2089 2143 2126 2169 ut
2154 2138 2200 2169 ait
2228 2136 2386 2178 propheta

1422 2185 1550 2216 Psalmo
1574 2183 1812 2224 septuagesimo
1837 2183 1941 2220 tertio,
1975 2181 2085 2213 multis
2116 2179 2344 2212 afflictionibus
2367 2189 2386 2210 a

1423 2229 1490 2259 Deo
1512 2234 1710 2259 saturantur.
1756 2224 1823 2257 Sed
1846 2225 1890 2255 ita
1914 2230 2021 2256 tamen
2046 2229 2080 2255 ut
2103 2222 2195 2254 malis
2219 2231 2385 2262 nunquam

1421 2271 1608 2308 obruantur,
1632 2276 1663 2301 et
1686 2268 1769 2309 quod
1793 2267 1870 2307 ipsis
1888 2267 2125 2298 amarissimum
2149 2266 2181 2296 in
2205 2265 2385 2296 afflictioni—

1422 2314 1479 2343 bus
1510 2313 1579 2350 fuit,
1609 2313 1642 2343 in
1673 2312 1815 2352 ipsorum
1844 2310 1974 2341 tandem
2009 2309 2148 2340 salutem
2176 2312 2386 2340 convertatur

1422 2364 1452 2386 ct
1475 2356 1603 2387 salubre
1625 2355 1703 2394 ipsis
1734 2354 1788 2385 fiat
1819 2353 2038 2392 pharmacum.
2084 2352 2175 2382 Haec
2202 2350 2300 2391 igitur
2329 2359 2385 2381 ex·

1396 2396 1590 2439 fpendenda
1629 2402 1706 2428 sunt
1747 2395 1839 2427 nobis
1879 2396 1910 2426 in
1951 2395 1989 2426 iis
2031 2394 2137 2426 verbis
2170 2394 2286 2434 quibus
2319 2397 2387 2424 tota

1424 2441 1559 2472 Davidis
1583 2440 1702 2471 familia
1716 2439 1832 2471 dicitur
1855 2438 2013 2478 adipsum
2037 2437 2069 2468 in
2083 2436 2269 2477 speluncam
2293 2435 2384 2466 illam

1423 2485 1558 2514 venisse.
1605 2484 1653 2514 Ac
1681 2493 1758 2513 sane
1786 2486 1880 2512 extra
1916 2480 2048 2512 dubium
2083 2486 2132 2511 est
2162 2489 2227 2511 non
2257 2479 2386 2509 venisse

1425 2525 1494 2556 illos
1517 2526 1556 2556 ad
1583 2525 1741 2557 Davidem
1765 2524 1860 2555 officii
1884 2529 1916 2554 et
1939 2523 2101 2555 amicitiae
2123 2532 2228 2560 causa,
2250 2521 2306 2553 sed
2329 2531 2385 2552 ne-

409 2571 554 2609 evadere‚
579 2573 790 2603 nihilominus
813 2577 921 2602 tamen
946 2572 978 2601 in
1005 2570 1065 2601 Dei
1096 2570 1237 2601 bonitate
1267 2578 1374 2608 spera·
1398 2571 1400 2617 l
1423 2569 1571 2599 cessitate
1601 2574 1736 2600 coactos.
1782 2567 1864 2598 Nam
1894 2572 1969 2597 ante
1998 2565 2140 2597 vidimus
2169 2569 2203 2596 et
2235 2563 2386 2603 deinceps

1398 2622 1399 2635 π
1424 2611 1602 2642 videbimus
1631 2621 1694 2651 quo
1724 2611 1830 2641 surore
1858 2608 1938 2640 Saul
1966 2609 2000 2639 in
2030 2607 2190 2639 Davidem
2221 2607 2387 2646 exarserit,

1398 2640 1400 2677 l
1425 2659 1460 2684 ut
1482 2653 1654 2685 verisimile
1678 2654 1719 2685 sit
1742 2653 1846 2693 ipsum
1870 2652 1965 2683 etiam
1991 2651 2146 2681 familiam
2179 2649 2248 2680 eius
2278 2659 2385 2689 porse-

410 2623 519 2646 turum
543 2615 755 2654 fiduciamque
785 2624 876 2645 suam
899 2613 1143 2645 collocaturum.
1189 2612 1284 2643 Hanc
1313 2611 1372 2641 ita·

410 2669 470 2697 que
494 2658 672 2690 doctrinam
698 2657 866 2697 usurpavit
889 2666 988 2696 quum
1012 2657 1045 2687 in
1065 2655 1251 2695 speluncam
1274 2653 1372 2685 Odol·
