2551 3044
340 214 403 245 683
1179 205 1383 237 HOMILIA
1407 203 1498 236 CIII.

342 318 439 339 causa
461 305 672 339 calamitates,
703 313 784 342 quae
815 313 832 332 a
857 301 926 332 Deo
957 301 1183 331 immittuntur
1205 299 1307 330 fideli·
1333 300 1335 328 l
1361 298 1455 328 nibus
1489 303 1691 336 pugnaturos
1721 297 1840 328 armari
1881 295 2060 326 christiana
2094 295 2258 334 panoplia,
2293 306 2329 328 ac

342 350 410 385 bus,
434 348 553 388 potioni
576 352 750 385 comparat,
782 355 877 384 quam
901 345 969 383 ipsc
995 343 1083 374 Deus
1107 353 1164 383 pro
1191 342 1307 373 volun·
1334 338 1335 370 l
1362 340 1509 380 precibus
1522 346 1552 370 et
1565 339 1761 370 orationibus
1776 349 1930 379 pugnare,
1955 337 2072 377 quibus
2093 343 2189 369 tretos
2201 344 2327 369 certum

344 398 408 423 tate
432 390 583 422 infundit.
616 388 690 427 Qua
712 387 925 419 similitudine
949 386 1102 417 docemur
1126 386 1194 416 Deo
1218 394 1310 416 notas

344 446 413 466 esso
438 435 524 465 vires
549 439 686 468 nostras,
711 438 902 469 tantumque
926 429 1018 460 nobis
1041 428 1191 459 admetiri
1210 439 1310 467 quan-

1335 431 1337 452 l

344 484 412 508 tum
437 475 590 516 expedire
613 474 774 514 cognovit.
801 471 1022 511 Quamobrem
1041 479 1199 509 quantum
1223 471 1310 501 Deus
1336 499 1337 502 ,

1335 524 1337 551 ;
1363 520 1476 541 rentur
1499 521 1517 541 a
1542 510 1628 541 molli
1653 518 1683 541 et
1707 511 1893 541 effeminato
1919 510 1987 539 viro
2012 509 2190 548 profectae:
2220 509 2276 540 scd
2299 509 2328 540 si

1336 568 1337 587 ι
1363 553 1600 584 humanitatem
1620 558 1652 584 et
1675 554 1954 584 mansuetudinem
1970 551 2108 582 Davidis
2121 550 2328 583 attendamus

1335 595 1337 615 l
1362 608 1423 636 qua
1447 596 1507 626 fuit
1530 607 1547 626 a
1570 595 1640 627 Deo
1665 596 1838 635 praeditus,
1863 605 1928 625 non
1952 601 2048 625 erunt
2072 594 2163 625 nobis
2187 594 2327 625 insolen-

1336 645 1337 682 ]
1363 647 1419 670 ies.
1466 638 1526 669 Vir
1548 639 1634 669 enim
1658 639 1718 669 fuit
1740 639 1826 669 initis
1850 638 1970 678 ingenii
1993 644 2026 668 et
2049 637 2190 675 humilis,
2218 638 2328 677 itaque

345 520 499 551 infuderit
541 517 666 558 placide
715 516 888 547 bibendum
929 522 994 551 est,
1038 513 1309 554 quemadmodum

344 562 494 602 exemplo
520 560 612 592 nobis
637 559 744 590 David
766 559 878 598 praeit,
901 558 955 597 qui
979 567 1057 587 sane
1078 568 1141 588 non
1166 557 1223 588 luit
1248 557 1309 586 fer-

344 617 419 637 reus
444 616 502 636 nec
531 603 709 643 chalybeus
736 601 810 641 plus
832 610 928 640 quam
952 611 1020 636 nos,
1050 600 1105 631 sed
1131 601 1225 630 homo
1251 600 1309 629 liii-

345 648 450 680 manis
480 647 640 678 obnoxius
671 643 882 684 passionibus,
913 648 946 674 et
979 654 1042 674 non
1074 643 1180 673 mimis
1213 652 1308 681 quam

346 703 402 722 nos
427 690 560 730 fragilis,
591 689 682 720 cuius
707 688 751 718 rei
784 694 881 717 testes
910 686 1073 726 lacrymae
1097 695 1233 725 quarum
1259 684 1310 715 hie

345 736 382 766 fit
401 734 531 767 mentio,
551 738 587 762 ut
600 731 690 762 facile
703 740 916 770 agnoscamus
934 740 997 760 non
1017 729 1115 760 fuisse
1133 728 1309 759 simulatas.

344 777 459 816 Neque
488 775 573 806 enim
605 781 729 805 tantum
760 772 966 811 lacrymatur,
998 782 1108 803 verum
1140 771 1248 806 etiam,
1277 778 1309 800 ut

346 820 440 851 valde
463 818 602 849 alflictus
625 824 654 847 et
668 822 892 846 consternatus
905 815 1013 853 eiulat,
1037 824 1069 845 ct
1089 822 1195 844 tamen
1216 820 1311 844 autea

347 863 487 893 vidimus
510 862 615 901 ipsum
635 858 816 899 insignibus
836 858 938 888 sancti
951 857 1085 898 spiritus
1105 856 1195 887 donis
1215 856 1311 886 fuisse
1336 850 1337 886 Ῐ

346 906 518 936 munitum.
543 903 607 934 Sed
631 902 691 933 etsi
714 901 806 932 Deus
830 900 911 932 filios
934 910 1010 932 suos
1034 906 1145 931 sancto
1169 910 1226 930 suo
1248 900 1312 937 spi-

347 949 411 979 ritu
442 947 534 987 regit,
564 956 628 976 non
662 956 703 975 ex
734 943 921 974 inhumanis
950 943 1133 979 affectibus,
1164 950 1199 972 ut
1231 941 1310 971 nihil

347 991 490 1022 sentiant
520 995 553 1019 et
584 987 673 1019 nulla
703 998 736 1018 rc
761 987 961 1023 afficiantur,
992 985 1047 1017 sed
1080 985 1152 1015 vult
1183 996 1236 1015 oos
1267 985 1311 1014 sie

347 1043 497 1065 exercere
522 1038 557 1062 ut
581 1029 754 1071 pugnando
779 1030 920 1060 vincant.
952 1029 1044 1059 Inter
1067 1028 1188 1058 etnicos
1213 1026 1311 1058 stoici

348 1075 550 1117 praesertim,
574 1074 628 1113 qui
648 1073 814 1104 fortissimi
835 1072 938 1103 videri
958 1071 1139 1109 voluerunt,
1163 1078 1309 1101 constan-

349 1121 425 1150 tiam
450 1118 541 1149 fortis
564 1116 704 1148 hominis
723 1115 951 1146 existimarunt
967 1115 1000 1144 in
1021 1125 1056 1144 co
1078 1114 1212 1153 positam
1233 1123 1311 1147 esse,

349 1170 385 1193 ut
409 1162 459 1192 vir
482 1161 574 1191 fortis
599 1159 688 1190 nulla
711 1169 745 1190 re
770 1164 938 1192 terreatur,
965 1167 1129 1196 nunquam
1156 1157 1310 1195 laci-yme-

349 1212 411 1242 tur,
437 1213 601 1243 nunquam
620 1211 737 1241 gemat,
761 1200 816 1232 sed
841 1200 1078 1239 imperterritus
1097 1206 1129 1230 et
1160 1200 1311 1229 immotus

349 1248 506 1279 adversus
529 1245 688 1285 quoslibet
712 1244 860 1275 fortunae
878 1253 973 1283 quam
994 1242 1150 1275 dicebant,
1175 1241 1312 1271 insultus

350 1296 497 1321 maneat:
528 1288 663 1327 ideoque
693 1287 769 1318 flere
801 1286 1020 1325 turpissimum
1051 1295 1121 1316 esse
1147 1284 1311 1314 dixerunt.

352 1333 437 1365 Sane
473 1332 574 1363 fatcor
615 1330 746 1360 modum
781 1328 973 1360 excedentes
1013 1327 1312 1359 condemnationem

350 1375 477 1411 mereri,
497 1382 594 1413 atque
616 1374 712 1403 etiam
736 1373 902 1412 passiones
926 1377 1054 1402 nostras
1078 1370 1174 1401 nimis
1195 1370 1313 1400 violen-

352 1424 400 1450 tas
431 1417 561 1449 modum
593 1415 758 1452 excedere,
789 1415 939 1454 quoniam
971 1424 989 1444 a
1020 1422 1148 1453 peccato
1172 1412 1313 1451 coi-rupti

351 1471 474 1500 sumus,
499 1459 633 1498 ideoque
646 1458 777 1489 vitiosas
790 1468 868 1488 esse.
892 1456 956 1488 Sed
976 1456 1002 1487 si
1021 1467 1158 1496 quaeras
1178 1455 1314 1486 liceatne

352 1504 474 1535 homini
499 1503 623 1533 tristem
649 1511 717 1531 esse
740 1511 839 1540 quum
864 1499 996 1530 Domini
1026 1510 1124 1530 manu
1147 1498 1314 1537 affligitur,

352 1556 383 1579 et
408 1547 494 1577 (licat
518 1545 634 1584 aliquis
653 1555 715 1574 non
738 1543 840 1580 licere,
864 1543 913 1573 aio
934 1542 1076 1572 insolens
1096 1552 1164 1572 esse
1184 1551 1314 1580 respon-

353 1600 434 1621 sum.
466 1589 579 1627 Itaque
603 1588 810 1617 observemus
834 1586 940 1616 Deum
965 1585 1075 1615 fideles
1098 1595 1173 1615 suos
1197 1584 1315 1614 donare

354 1631 543 1663 fortitudine
566 1636 598 1661 et
618 1629 894 1669 magnanimitate,
920 1639 980 1658 non
1001 1639 1082 1667 quae
1102 1628 1226 1666 stipites
1246 1626 1316 1656 illos

354 1676 459 1711 faciat,
484 1682 539 1704 aut
555 1673 716 1712 Marpesia
738 1678 832 1702 caute
856 1670 1008 1708 duriores,
1033 1678 1068 1700 ut
1082 1681 1183 1709 nequo
1199 1671 1316 1699 lionum

354 1728 457 1757 neque
486 1716 607 1747 malum
638 1714 892 1754 apprehendant,
923 1721 954 1744 et
979 1713 1131 1743 adversos
1160 1723 1251 1743 casus
1275 1712 1316 1742 ri-

353 1760 460 1798 deant,
484 1760 540 1789 sed
565 1767 598 1788 ut
622 1758 764 1797 ipsorum
791 1756 945 1796 patientia
970 1756 1136 1787 victoriam
1163 1756 1318 1785 adversus

354 1802 513 1843 quaslibet
544 1801 737 1831 tentationes
766 1799 917 1830 obtineat.
967 1798 1110 1829 Victoria
1142 1809 1234 1838 porro
1264 1797 1318 1827 illa

355 1857 421 1877 non
446 1846 515 1875 sine
538 1843 715 1875 certamine
739 1850 877 1881 paratur.
913 1840 1133 1880 Quamobrem
1158 1842 1226 1871 fieri
1252 1852 1313 1870 non

355 1896 460 1930 potest
490 1887 567 1926 quin
601 1885 709 1916 fideles
741 1895 868 1924 semper
901 1885 1041 1923 aliquam
1071 1885 1102 1914 in
1134 1896 1167 1915 se
1199 1884 1317 1914 luctam

357 1932 508 1966 sentiant,
537 1939 636 1969 quum
667 1928 743 1967 ipsis
775 1927 895 1967 aliquid
924 1926 1049 1958 adversi
1075 1927 1257 1965 eontigerit,
1289 1934 1318 1955 et

357 1985 467 2005 amara
492 1974 558 2003 sint
582 1971 666 2002 mala
685 1971 800 2010 quibus
820 1976 979 2009 urgentur
1000 1970 1063 2000 imo
1083 1981 1144 2009 quo
1170 1969 1318 2009 graviora

358 2028 394 2048 eo
419 2015 600 2054 graviorem
631 2014 727 2044 etiam
757 2013 935 2044 cruciatum
965 2013 1117 2050 sentiant,
1148 2013 1201 2051 qni
1225 2020 1257 2042 et
1277 2012 1319 2042 la-

357 2070 482 2099 crymas
503 2064 533 2089 et
556 2057 696 2097 gemitus
719 2056 841 2087 eliciat:
867 2055 922 2086 sed
942 2055 1070 2086 interim
1093 2055 1170 2086 istos
1189 2056 1320 2084 atil—ctus

359 2103 405 2133 ita
429 2102 518 2132 decet
548 2100 730 2140 temperari,
761 2105 798 2129 ut
822 2098 929 2129 Deum
961 2099 991 2129 in
1023 2098 1172 2128 maximis
1204 2097 1320 2127 nostris

360 2144 606 2176 difficultatibus
627 2142 839 2173 nibilominus
854 2142 1051 2176 invocemus,
1076 2140 1320 2171 etlicetlaetari

359 2188 490 2219 omnino
516 2198 577 2217 non
604 2186 773 2225 possimus,
798 2184 939 2215 dolorem
964 2191 1069 2214 tamen
1096 2190 1242 2214 nostruin
1267 2183 1322 2212 ali-

360 2242 420 2271 quu
446 2229 665 2261 consolatione
690 2228 858 2258 leniamus.
906 2226 999 2265 Quod
1030 2237 1056 2257 si
1088 2226 1190 2265 primo
1215 2226 1279 2256 ictu
1304 2237 1322 2255 a

361 2274 452 2304 nobis
477 2273 535 2312 ipsi
559 2272 702 2302 obtinere
722 2280 786 2300 non
812 2280 990 2310 possumus,
1016 2270 1175 2309 patienter
1199 2269 1321 2298 exitum

361 2327 379 2347 a
409 2316 479 2346 Deo
509 2314 755 2355 praestolemur,
794 2314 847 2352 qui
882 2313 1020 2343 laetitiae
1059 2311 1226 2342 materiam
1267 2311 1320 2341 ad-

361 2360 459 2390 ferat:
486 2358 618 2388 victoria
642 2357 727 2387 enim
751 2356 971 2386 calamitatum
992 2361 1174 2385 nostrarum
1194 2355 1225 2384 in
1252 2364 1322 2392 pre-

361 2404 451 2433 cibus
465 2409 497 2431 et
509 2400 707 2431 orationibus
734 2399 835 2438 posita
852 2406 916 2428 est:
941 2408 1014 2428 nam
1029 2397 1147 2436 alioqui
1169 2407 1323 2436 suspensa
1348 2427 1350 2430 ,

362 2456 452 2475 arma
477 2451 586 2474 nostra
617 2443 758 2473 iacerent
783 2441 918 2472 inutilia.
965 2440 1030 2472 Sed
1054 2439 1322 2480 quemadmodum

363 2496 516 2518 strenuus
542 2486 643 2525 miles,
667 2495 764 2524 quum
789 2483 828 2514 a‹l
854 2494 995 2524 pugnam
1021 2484 1096 2518 itur,
1121 2482 1249 2513 loricam
1275 2482 1321 2512 in-

363 2530 448 2567 duit,
486 2539 513 2559 et
548 2528 671 2568 galeam
703 2534 847 2563 assumit,
877 2527 1102 2566 clypeumque,
1132 2534 1159 2556 et
1193 2524 1324 2564 reliquis

363 2573 462 2603 arinis
485 2572 523 2602 ad
549 2581 691 2611 pugnam
712 2570 901 2600 necessariis
925 2570 1108 2608 instruitur,
1134 2579 1172 2598 nc
1192 2566 1324 2598 inermis

363 2627 421 2646 sua
445 2615 587 2645 socordia
613 2621 643 2643 et
667 2613 796 2653 ignavia
819 2619 943 2652 pereat:
969 2613 1013 2642 ita
1037 2622 1094 2642 nos
1118 2617 1245 2650 oportet
1268 2620 1323 2640 va-

365 2659 420 2689 riis
444 2658 601 2689 exercitos
624 2655 869 2693 calamitatibus,
899 2662 930 2685 ot
953 2664 1025 2685 cum
1051 2654 1149 2685 variis
1173 2653 1324 2684 tentatio-

1361 391 1409 414 est
1433 394 1491 413 nos
1515 383 1621 412 omnia
1646 381 1783 413 adversa
1807 381 1897 413 nobis
1918 387 2138 420 superaturos.

1449 425 1487 455 Et
1513 424 1592 455 haec
1614 425 1817 456 observanda
1841 431 1917 455 sunt
1942 423 1975 453 in
2001 423 2186 454 narratione
2210 423 2265 454 illa
2288 422 2327 454 de

1363 468 1512 506 lacrymis
1537 474 1567 497 et
1587 469 1709 507 gemitu
1723 467 1871 503 Davidis,
1895 476 1975 505 quae
1995 467 2099 505 prima
2119 466 2224 497 fronte
2238 465 2328 497 vide-

1363 682 1489 712 amissis
1525 681 1649 712 duabus·
1683 680 1876 719 coniugibus
1909 680 2012 719 affligi
2043 681 2187 720 graviter
2221 681 2326 720 ipsum

1362 725 1515 764 oportuit..
1539 724 1713 755 Praeterea
1736 725 1845 764 gravis
1869 724 1929 754 fuit.
1953 722 2008 753 illa
2030 723 2166 753 tentatio
2185 722 2268 762 quod
2293 724 2326 754 in

1362 778 1450 807 spem
1465 779 1483 797 a
1496 766 1566 797 Deo
1591 773 1722 798 vocatus
1746 768 1850 807 regiae
1863 766 2040 806 dignitatis,
2065 773 2172 796 tamen
2186 776 2205 796 a
2223 766 2328 805 patria

1363 812 1518 850 profugus
1536 810 1634 841 etiam
1654 810 1809 849 angulum
1832 820 1930 840 unum
1950 819 2045 848 quem
2061 808 2163 839 solum
2189 808 2328 839 habebat

1364 853 1502 893 perfugii
1527 852 1631 884 locum
1663 852 1701 883 ab
1725 853 1911 884 Amalecitis
1935 851 2067 882 videbat
2096 850 2171 891 igne
2194 861 2327 882 succen—

1363 906 1444 926 sum.
1490 896 1563 934 Qua
1590 896 1754 927 occasione
1779 905 1931 934 magnum
1962 894 2007 924 illi
2044 894 2215 925 creabatur
2238 892 2325 933 apud

1364 938 1558 969 l'liilistaeos
1598 939 1785 977 periculum.
1831 938 1913 968 Nam
1944 937 1970 968 si
2005 937 2206 968 Auialecitac
2241 935 2327 976 apud

1363 992 1472 1021 regem
1497 981 1598 1011 Aeliis
1621 982 1786 1021 conquesti
1810 988 1913 1012 essent
1937 980 1975 1010 de
1998 979 2133 1016 Davide‚
2164 985 2197 1010 et
2219 980 2325 1019 ipsum

1363 1034 1503 1063 suosque
1528 1023 1646 1054 milites
1671 1029 1821 1063 tanquam
1851 1024 2027 1064 praedones
2051 1031 2082 1053 et
2107 1022 2250 1053 latrones
2273 1033 2324 1053 ac-

1364 1074 1539 1100 cus-assent.
1569 1075 1598 1097 et
1630 1068 1654 1097 si
1681 1076 1743 1097 non
1775 1066 1926 1097 adversus
1951 1065 2159 1103 philistaeos,
2190 1064 2246 1096 sed
2270 1064 2326 1096 ad—

1364 1120 1477 1140 versus
1502 1109 1662 1139 Davidem
1688 1109 1812 1140 hostem
1839 1120 1932 1140 suum
1962 1109 2178 1139 insurrexisse
2201 1108 2326 1139 causati

1363 1160 1480 1189 essent,
1506 1163 1562 1182 rex
1582 1152 1830 1183 Philistacorum
1854 1152 1967 1183 merito
1992 1151 2113 1183 Davidi
2136 1161 2326 1182 succensere

1365 1206 1456 1235 posse
1481 1194 1659 1230 videbatur,
1683 1201 1714 1226 et
1738 1195 1884 1227 amissam
1911 1195 2021 1225 urbem
2043 1204 2138 1234 quam
2159 1194 2218 1233 ipsi
2243 1194 2324 1225 suis-

1364 1249 1426 1278 que
1451 1238 1578 1278 asylum
1604 1237 1735 1269 dederat
1757 1238 1916 1278 conqueri.
1945 1237 2038 1276 Quae
2062 1237 2169 1267 omnia
2194 1236 2328 1268 volvens

1365 1282 1472 1311 animo
1497 1280 1617 1317 David,
1650 1281 1682 1311 in
1714 1281 1863 1311 maximis
1892 1280 2002 1320 procul
2039 1280 2136 1311 dubio
2168 1279 2327 1319 angustiis

1367 1332 1514 1355 versatus
1537 1330 1596 1363 est,
1621 1331 1652 1354 ut
1678 1325 1800 1354 nemini
1824 1334 1890 1355 esse
1914 1324 2033 1354 mirum
2057 1322 2180 1359 debeat,
2210 1323 2237 1352 si
2261 1328 2327 1352 tam

1367 1366 1479 1398 acerbe
1503 1367 1631 1406 planxit
1660 1374 1692 1397 et
1720 1367 1943 1406 illacrymavit,
1973 1374 2004 1397 et
2033 1366 2135 1406 pluris
2157 1365 2258 1404 ipsius
2283 1364 2327 1396 la-

1367 1420 1497 1450 eryinas
1526 1416 1558 1440 et
1589 1410 1730 1450 gemitus
1759 1412 1918 1446 faciemus,
1949 1419 2044 1448 quam
2070 1408 2244 1439 multorum
2269 1407 2327 1438 du-

1369 1453 1475 1484 ritiem
1500 1452 1547 1482 vel
1573 1452 1803 1492 stupiditatem,
1834 1463 1911 1491 quae
1934 1461 1952 1482 a
1983 1451 2094 1482 multis
2126 1457 2234 1481 tamen
2259 1455 2328 1481 tun-

1369 1506 1462 1536 quam
1488 1505 1614 1525 summa
1638 1495 1742 1526 virtus
1765 1495 1922 1526 laudatur.
1956 1495 2051 1525 Multi
2075 1494 2161 1524 enim
2185 1492 2328 1524 dolorem

1369 1549 1462 1569 suum
1486 1539 1592 1569 animo
1619 1546 1838 1578 concoquunt,
1862 1538 2074 1576 t'raenumque
2098 1535 2264 1574 ati-rodunt,
2293 1545 2330 1566 ae

1369 1580 1520 1612 dentibus
1539 1580 1732 1619 infrendent,
1757 1582 1801 1612 ita
1821 1587 1930 1610 tamen
1948 1588 1985 1611 ut
1997 1590 2161 1619 nunquam
2175 1589 2215 1609 ex
2228 1577 2330 1610 oeulis

1369 1625 1480 1655 effluat
1504 1624 1655 1665 lacryma,
1680 1630 1715 1654 ut
1728 1634 1802 1655 vere
1821 1624 1927 1658 fortes,
1951 1629 2134 1654 constantes
2147 1632 2184 1653 ac
2197 1631 2330 1661 magna-

1370 1669 1473 1698 nimos
1498 1667 1593 1702 dicas,
1618 1677 1700 1706 quae
1719 1677 1796 1698 sane
1816 1666 1922 1705 potius
1941 1666 2141 1696 contumacia
2153 1672 2186 1695 et
2198 1664 2330 1695 rebellio

1369 1710 1525 1741 adversus
1547 1709 1655 1741 Deum
1683 1715 1731 1740 est
1754 1719 1849 1749 quam
1881 1708 2031 1739 fortitudo
2055 1717 2109 1739 aut
2134 1708 2197 1738 alia
2220 1707 2330 1738 istius-

1370 1754 1455 1784 modi
1480 1754 1594 1784 virtus.
1620 1752 1711 1783 Nam
1728 1751 1908 1783 istiusmodi
1929 1750 2072 1782 homiues
2093 1761 2157 1782 non
2178 1750 2331 1781 desinunt

1369 1797 1449 1826 iram
1474 1806 1565 1826 suani
1590 1795 1780 1835 despumare
1804 1803 1858 1825 aut
1888 1792 2078 1825 stomachari
2102 1802 2134 1824 et
2157 1793 2330 1833 indignari,

1370 1846 1400 1869 ct
1425 1850 1487 1869 non
1512 1838 1690 1878 dignantur
1714 1837 1753 1869 ad
1774 1837 1880 1868 Deum
1907 1835 2054 1877 precibus
2075 1835 2256 1876 confugere,
2279 1845 2330 1867 so-

1370 1882 1482 1912 latium
1508 1883 1546 1912 ab
1570 1882 1638 1920 ipso
1662 1887 1780 1920 petere,
1812 1887 1843 1911 et
1867 1890 1937 1911 sese
1960 1888 2066 1909 coram
2091 1890 2124 1910 eo
2148 1878 2330 1910 humiliare.

1371 1924 1458 1956 Sane
1488 1925 1541 1964 qui
1571 1934 1677 1955 eoram
1709 1923 1780 1954 Deo
1808 1923 1946 1954 afflictus
1976 1921 2130 1957 deiicitur,
2161 1928 2194 1952 et
2217 1922 2331 1953 merito

1371 1979 1403 1998 se
1423 1979 1440 1998 a
1454 1967 1524 1998 Deo
1549 1968 1655 2007 puniri
1680 1966 1800 1998 fatetur
1824 1966 1963 1996 multum
1987 1965 2046 1995 sub
2061 1963 2121 1994 Dei
2141 1965 2244 1995 ferula
2258 1974 2331 2003 pro-

1371 2012 1458 2042 fecit:
1491 2018 1605 2042 contra
1628 2009 1681 2049 qui
1706 2009 1884 2049 ringantur
1907 2007 1991 2048 apud
2016 2017 2049 2038 se
2073 2007 2164 2046 ipsos,
2193 2014 2223 2037 et
2247 2017 2331 2038 acer-

1373 2055 1442 2085 bam
1467 2054 1568 2085 vitam
1592 2052 1722 2090 ducunt,
1746 2052 1889 2082 nondum
1914 2050 2095 2081 didicerunt
2115 2049 2186 2088 quid
2206 2050 2248 2081 sit
2260 2049 2330 2080 Deo

1372 2108 1441 2128 sese
1466 2096 1633 2135 subiicere,
1657 2095 1806 2126 nesciunt·
1828 2093 1905 2134 quid
1929 2094 1970 2124 sit
1993 2092 2196 2132 fragilitatem
2219 2092 2329 2124 huma-

1374 2150 1446 2170 nam
1472 2149 1655 2178 agnoscere,
1687 2145 1719 2169 et
1743 2138 1781 2168 ad
1807 2147 1920 2167 verum
1944 2135 2124 2166 remedium
2149 2135 2328 2175 confugere.

1374 2182 1590 2221 Quamobrem
1609 2180 1740 2211 Davidis
1755 2181 1915 2220 lacrymae
1934 2179 2029 2218 longe
2050 2177 2152 2217 pluris
2171 2178 2330 2210 &ciendae

1374 2232 1460 2264 sunt,
1495 2235 1590 2264 quam
1622 2223 1676 2254 illa
1708 2223 1885 2263 pertinacia
1915 2228 1946 2252 et
1977 2221 2162 2255 obstinatio.
2192 2231 2272 2261 quae
2297 2222 2330 2252 in

1374 2268 1522 2299 omnibus
1546 2265 1722 2298 incredulis
1746 2266 1880 2302 obtinet,
1913 2264 1966 2303 qui
1991 2263 2061 2294 Deo
2085 2273 2155 2294 sese
2215 2263 2330 2295 biicere

1375 2318 1546 2350 noqueunt..
1567 2315 1598 2340 et
1621 2319 1747 2349 semper
1768 2309 1866 2339 durae
1884 2307 2018 2338 cervicis
2037 2305 2099 2336 Dei
2120 2316 2195 2336 man
2215 2317 2245 2337 m
2266 2317 2331 2338 non

1375 2361 1563 2392 agnoscunt,
1593 2352 1631 2383 de
1654 2362 1712 2382 sua
1735 2350 1924 2381 infirmitate
1956 2359 2016 2380 non
2042 2349 2185 2389 cogitant
2206 2357 2233 2379 it
2255 2360 2331 2381 cau-

1376 2396 1472 2426 tiores
1506 2396 1704 2431 el'ficiantur,
1747 2394 1871 2433 Deique
1912 2392 2068 2423 auxilium
2111 2391 2330 2430 depreientur.

1376 2439 1462 2469 Sane
1493 2438 1628 2469 militem
1660 2436 1698 2468 ad
1723 2437 1879 2476 praelium
1910 2446 1943 2466 se
1974 2441 2214 2474 comparantem
2230 2445 2331 2474 quum

1376 2487 1605 2514 commovetur.
1631 2485 1663 2511 et
1686 2479 1725 2510 de
1744 2490 1776 2510 se
1796 2479 1916 2519 cogitat
1936 2483 2013 2508 etse
2033 2482 2168 2517 apparat
2181 2476 2331 2510 adhostis

1377 2524 1528 2562 impetum
1545 2522 1775 2563 repellendum,
1801 2532 1865 2552 non
1885 2521 1955 2551 ideo
1975 2519 2152 2550 dixerimus
2171 2519 2330 2559 igmvum,

1376 2566 1430 2597 sed
1455 2567 1559 2605 potius
1589 2567 1627 2596 de
1652 2566 1760 2595 futuro
1784 2570 1902 2595 eventu
1933 2563 2153 2603 cogitabimus,
2185 2568 2217 2593 et
2231 2573 2330 2602 quum

1377 2609 1530 2640 adversus
1563 2609 1686 2640 hostem
1718 2607 1893 2638 viderimus
1927 2615 2134 2646 progressum
2168 2605 2330 2645 intrepide,

1377 2659 1409 2687 et
1440 2653 1565 2682 toi-titer
1596 2656 1802 2692 pugnantem,
1834 2649 1936 2681 donee
1961 2648 2128 2681 victoriam
2151 2647 2329 2687 obtinierit,

2269 201 2333 232 684

2523 2671 2551 2811 ‘⁴3le
2523 2515 2551 2666 *δῖ-Μὴ
2529 2486 2549 2508 ².»
2528 2431 2547 2479 ρ,
2543 2387 2549 2406 -
2547 2356 2550 2369 -
2546 2343 2549 2350 V
