2551 3044
387 221 448 251 355

390 315 568 346 Ionatliano
602 313 777 353 plurimum
811 319 879 343 erat
912 311 1092 345 devinctus
1127 318 1225 348 quum
1260 307 1344 338 ultro

389 358 488 397 ipsius
517 357 689 388 amicitiam
724 355 939 395 expetivisset.
991 352 1072 384 Nam
1103 351 1128 382 si
1161 351 1228 390 ipse
1251 349 1344 380 Iona-

390 401 525 431 thanum
550 398 588 430 de
611 399 751 429 amicitia
773 398 859 438 prior
879 395 1122 435 interpellasset,
1145 399 1177 424 et
1195 393 1263 433 ipse
1285 403 1339 424 an-

390 443 523 477 nuisset.
558 442 667 481 magui
699 440 842 471 beneficii
874 440 940 471 loco
965 445 1029 469 crat
1062 435 1260 468 habendum:
1290 435 1344 466 sed

388 495 487 525 quum
521 484 724 515 Ionathanus
758 483 844 524 prior
875 481 1033 512 Davidem
1067 478 1259 518 interpellat,
1292 479 1346 517 qui

390 527 561 559 Ionathani
596 527 736 558 amicitia
771 532 801 556 ct
836 525 944 556 favore
978 533 1058 563 opus
1089 520 1234 557 habebat,
1268 531 1346 551 sane

389 580 586 611 magnopere
609 568 769 600 Davidem
793 568 854 599 sibi
884 567 1082 598 devinxerat.
1127 563 1346 595 Nihilominus
1370 584 1371 590 .

390 612 498 644 David
532 613 602 643 istis
643 611 748 643 verbis
783 611 886 651 ipsum
921 609 959 640 ad
1002 606 1274 648 perseverandum
1312 606 1343 636 in
1370 597 1371 637 i

390 656 531 687 amicitia
564 660 678 695 coepta
708 653 904 685 cohortatur.
961 651 1043 682 Nam
1077 650 1147 681 fieri
1175 655 1279 689 potest
1311 656 1343 679 ut

390 699 443 739 qui
477 708 550 729 eum
585 697 686 728 altero
719 696 894 728 amicitiam
930 693 1094 724 contraxit
1123 702 1141 723 a
1171 702 1234 732 qua
1267 691 1343 722 velit
1370 688 1373 730 ξ

391 741 562 777 discedere,
595 746 748 780 queratur
772 749 806 770 se
829 738 961 770 alterius
985 736 1176 776 importunis
1198 734 1345 774 precibus
1370 734 1372 760 l

391 783 575 822 adductum,
610 789 642 814 et
672 782 711 813 ad
741 792 811 813 eam
836 780 1008 812 amicitiam
1037 784 1191 813 coactum.
1237 778 1344 816 Atque
1370 789 1372 811 ,ι

393 827 451 858 hac
486 826 608 857 ratione
642 825 801 856 amicitiae
835 833 929 863 saepe
959 821 1188 853 dissolvuntur.
1242 821 1286 850 At
1318 820 1343 850 si
1370 822 1372 830 ¹

391 870 461 909 quis
487 869 574 908 prior
596 867 733 899 alterum
757 865 976 906 interpellavit
998 870 1031 895 et
1053 863 1100 894 illi
1123 874 1157 895 se
1180 863 1344 903 obligavit,

391 918 512 942 certum
554 919 601 942 cst
643 909 890 941 inexcusabilem
934 918 1003 939 esse
1040 907 1067 938 si
1108 906 1214 937 datam
1248 905 1343 936 fidem

392 955 530 995 frangat.
578 953 683 985 David
713 953 811 993 igitur
835 951 1050 982 Ionathanum
1082 959 1137 989 per
1160 949 1275 979 initum
1307 946 1344 978 ab

391 998 459 1037 ipso
493 996 605 1028 foedus
638 996 810 1031 obtestans,
846 994 929 1024 idem
962 992 1038 1024 facit
1071 1002 1107 1023 ac
1139 993 1163 1022 si
1199 991 1346 1022 hortetur

391 1040 496 1080 ipsum
538 1046 571 1070 ut
601 1049 662 1069 non
693 1038 895 1078 conquiescat
933 1035 1032 1067 donec
1063 1036 1224 1074 inceptum
1265 1043 1345 1073 opus

392 1083 544 1123 perficiat.
596 1082 682 1113 Hinc
716 1080 867 1112 discimus
902 1090 960 1109 nos
994 1079 1019 1109 si
1053 1078 1120 1108 Deo
1153 1076 1346 1108 concedente

393 1126 473 1156 bene
503 1125 655 1160 fecimus,
691 1122 729 1153 ad
761 1121 1031 1163 perseverandum
1065 1120 1208 1160 obligari.
1263 1119 1344 1149 Nam

393 1168 511 1199 multos
546 1167 654 1198 videas
687 1166 740 1206 qui
783 1166 808 1195 si
844 1164 940 1195 semel
983 1170 1080 1203 atque
1116 1164 1230 1194 iterum
1266 1162 1346 1192 benc

392 1211 536 1247 fecerint,
561 1210 663 1240 officio
687 1209 877 1239 satisfecisse
900 1207 958 1238 sibi
990 1206 1169 1245 videantur,
1199 1210 1230 1236 et
1257 1205 1283 1235 si
1306 1202 1346 1234 ad

392 1254 519 1293 aliquod
551 1258 678 1291 tempus
707 1252 830 1282 fortiter
860 1260 893 1281 se
924 1250 1092 1290 gesserint,
1123 1246 1236 1278 deinde
1268 1247 1345 1277 resi-

393 1296 471 1327 liant
507 1295 546 1326 ab
580 1295 693 1329 officio,
729 1301 834 1324 tamen
870 1300 961 1323 extra
991 1301 1119 1322 omnem
1150 1290 1279 1330 culpam
1313 1300 1346 1320 se

393 1350 462 1369 esse
489 1338 548 1369 sibi
577 1336 799 1377 persuadeant.
853 1335 976 1369 Contra
1004 1343 1079 1365 vero
1107 1343 1193 1368 saue,
1227 1333 1254 1363 si
1285 1331 1346 1362 Dei

393 1382 476 1412 dona
500 1380 538 1411 ad
562 1390 656 1411 suum
682 1389 773 1410 usum
797 1378 916 1409 referre
940 1377 1154 1414 didicerimus,
1183 1384 1345 1414 nunquam

394 1422 620 1455 benefaciendo
643 1421 900 1462 defatigabimur‚
930 1419 985 1451 sed
1008 1431 1044 1450 co
1068 1418 1242 1450 studiosius
1264 1417 1347 1456 quod

394 1466 556 1507 coepimus
595 1474 833 1505 persequemur,
876 1473 915 1494 ne
955 1464 987 1493 in
1019 1461 1122 1494 stadio
1155 1460 1346 1491 deficiamus.

395 1511 502 1549 Atque
526 1508 595 1539 istis
619 1507 719 1538 veluti
743 1506 881 1537 stimulis
912 1516 945 1536 se
968 1505 1077 1536 fideles
1102 1503 1161 1534 Dei
1186 1503 1268 1534 servi
1295 1502 1346 1532 de-

395 1551 471 1582 bent
493 1550 701 1581 exstimulare
725 1549 762 1580 ad
786 1549 933 1586 officium,
964 1558 1060 1588 quum
1085 1547 1237 1578 memoria
1260 1555 1348 1584 repe-

395 1600 467 1624 tunt
510 1603 590 1633 quae
634 1592 720 1623 Deus
761 1602 857 1632 opera
895 1602 951 1631 per
990 1591 1075 1630 ipsos
1119 1589 1275 1624 effecerit,
1316 1592 1350 1618 ut

396 1635 651 1676 quandoquidem
679 1635 764 1665 Deus
787 1633 984 1665 occasionem
1015 1633 1078 1663 illis
1107 1631 1194 1663 dedit
1224 1630 1349 1661 benefa-

396 1678 510 1713 ciendi,
540 1678 636 1709 etiam
669 1677 706 1707 ad
731 1678 827 1707 finem
851 1686 949 1716 usque
974 1678 1111 1715 pergant
1133 1674 1290 1709 alacriter,
1319 1677 1351 1702 et

397 1732 461 1752 non
506 1721 567 1752 nisi
608 1731 641 1751 re
683 1720 822 1759 perfecta
863 1719 1098 1758 conquiescant.
1154 1716 1352 1756 Hypocritae

397 1764 526 1804 quidem
561 1762 759 1795 occasionem
803 1761 959 1800 gloriandi
994 1760 1154 1799 accipiunt
1194 1769 1231 1789 ex
1273 1759 1351 1789 benc

396 1809 504 1847 gestis,
535 1806 623 1845 quasi
655 1805 714 1836 sibi
741 1805 845 1835 Deum
876 1804 938 1834 illis
961 1803 1173 1839 devinxerint,
1204 1808 1235 1832 et
1258 1801 1351 1831 libcr-

396 1856 494 1881 tatem
536 1848 691 1888 quidlibet
730 1857 787 1887 pro
827 1847 959 1878 arbitrio
999 1844 1142 1886 gerendi,
1183 1844 1271 1884 quasi
1313 1844 1350 1873 ab

398 1891 548 1923 omnibus
572 1890 694 1931 legibus
718 1891 783 1921 sint
806 1890 974 1925 immunes,
998 1894 1029 1918 et
1053 1887 1112 1918 sibi
1135 1897 1193 1918 sua
1217 1886 1351 1917 liberali-

398 1940 464 1966 tate
494 1940 526 1965 et
550 1933 673 1965 fortiter
703 1933 795 1964 factis
823 1941 934 1963 omnes
963 1930 1178 1962 devinxerint.
1224 1928 1352 1960 Fideles

397 1983 509 2009 contra
545 1976 604 2007 Dci
646 1976 730 2007 servi
771 1985 833 2015 quo
871 1974 1046 2005 maioribus
1086 1973 1176 2003 factis
1210 1971 1352 2011 insignes

396 2020 525 2056 fuerint,
560 2029 596 2049 co
618 2018 794 2050 modestius
813 2016 851 2048 de
869 2027 903 2048 se
925 2017 1100 2048 sentientes
1131 2015 1198 2045 Deo
1217 2014 1350 2054 gloriam

398 2072 526 2093 omnem
550 2061 712 2101 praeclare
743 2065 908 2101 gestorum
933 2059 1089 2090 tribuent:
1120 2064 1152 2088 et
1175 2068 1243 2088 sese
1267 2057 1352 2096 ipsos
1376 2058 1378 2090 ξ

399 2105 580 2137 incitabunt
608 2114 649 2135 ne
674 2104 732 2134 Dei
757 2113 837 2143 opus
860 2101 1022 2142 sepultum
1052 2101 1153 2132 iaceat
1182 2107 1213 2130 et
1237 2099 1352 2138 imper-

399 2149 518 2179 fectum
554 2157 611 2178 sua
644 2144 875 2187 ingratitudine
918 2144 1132 2184 relinquatur:
1170 2142 1244 2172 {nde
1278 2152 1352 2181 ergo

401 2191 555 2222 maiorem
578 2189 616 2220 ad
639 2199 708 2220 sese
731 2188 858 2220 fortiter
880 2186 1056 2225 gerendum
1080 2186 1278 2216 occasionem
1302 2194 1351 2215 ac·
1377 2175 1379 2224 i

401 2234 529 2274 cipient,
554 2243 615 2273 quo
639 2231 814 2263 maioribus
836 2240 854 2261 a
877 2230 947 2260 Deo
971 2229 1132 2260 beneficiis
1155 2227 1262 2258 affecti
1286 2227 1351 2257 fue·
1378 2262 1379 2272 γ

402 2277 476 2314 rint,
500 2282 531 2306 et
554 2274 593 2305 ad
618 2285 668 2305 res
691 2274 827 2305 maiores
850 2271 1007 2313 gerendas
1030 2270 1174 2307 adhibiti,
1197 2276 1229 2300 et
1252 2269 1354 2309 magis
1378 2282 1379 2295 i

402 2330 439 2350 ac
461 2318 562 2355 magis
593 2317 764 2348 fervebunt
795 2322 904 2347 sancto
933 2313 1091 2345 desiderio
1121 2312 1159 2343 ad
1184 2311 1244 2343 Dei
1275 2322 1354 2352 opus
1380 2349 1381 2353 Ἰ

403 2360 667 2401 promovendum,
695 2365 730 2390 ut
760 2358 920 2389 nullorum
953 2357 1166 2398 periculorum
1197 2360 1285 2385 metu
1315 2353 1353 2384 ab
1380 2364 1381 2371 ¹

401 2405 529 2443 incepta
572 2402 805 2439 deterreantur,
857 2400 941 2440 quod
978 2399 1036 2430 Dei
1078 2398 1199 2439 gloriae
1242 2381 1382 2437 propa-i

405 2446 528 2488 gandae
551 2445 657 2476 studio
679 2445 821 2475 ardeant.
867 2444 968 2474 Porro
997 2453 1094 2482 quum
1118 2451 1151 2473 se
1177 2440 1281 2471 David
1305 2439 1355 2470 Io·
1379 2442 1382 2476 l

405 2489 538 2520 nathani
575 2487 728 2518 famulum
763 2486 849 2522 dicit,
885 2496 924 2516 ne
953 2485 1135 2516 simulatam
1167 2482 1383 2514 modestiam'

405 2532 608 2563 arbitremur.
654 2530 736 2561 Nam
761 2529 815 2560 ille
836 2528 963 2569 quidem
994 2537 1052 2559 rex
1079 2533 1148 2558 erat
1170 2525 1357 2565 designatus

405 2582 438 2606 et
457 2572 619 2605 Samuelis
632 2573 810 2604 ministerio
825 2576 940 2603 unctus
952 2576 985 2601 et
997 2571 1227 2611 inauguratus:
1246 2577 1355 2599 verum

405 2623 513 2648 tamen
538 2621 664 2656 tempus
688 2615 831 2646 nondum
854 2613 1029 2645 advenerat
1047 2623 1108 2654 quo
1131 2613 1162 2643 in
1187 2609 1355 2651 possessio·
1381 2619 1384 2678 f

405 2669 478 2690 nem
501 2658 592 2699 regni
612 2659 800 2694 mitteretur,
824 2661 857 2688 et
879 2655 994 2688 idcireo
1018 2666 1052 2688 se
1074 2656 1158 2687 intra
1181 2652 1356 2694 praesentis

1177 212 1379 246 HOMTLIA
1402 210 1562 245 LXXIV.

1370 924 1371 927 =
1397 903 1446 934 Ite
1477 902 1515 934 ad
1547 902 1710 933 dominum
1741 911 1857 933 meum.

1376 1965 1377 1972 ἵ
1402 1929 1469 1968 ipsa
1493 1928 1590 1959 talem
1613 1936 1795 1968 agnoscere.

1376 2108 1377 2116 ¹
1403 2099 1625 2130 observatione
1659 2097 1790 2137 dignum
1821 2104 1878 2128 est.

2293 208 2354 239 356

1396 305 1589 338 conditionis
1619 305 1774 336 terminos
1803 305 1960 340 continet.
1996 302 2080 343 quod
2111 302 2266 343 singulari
2300 303 2355 334 ob-

1397 349 1579 380 servatione
1609 347 1742 387 dignum
1766 354 1824 379 est.
1870 346 1960 377 Idem
1990 346 2023 376 in
2054 345 2168 376 Iacobo
2198 350 2248 376 est
2283 356 2354 377 con-

1397 392 1554 432 spicuum,
1584 390 1635 422 eui
1659 390 1915 431 primogenitura
1938 389 2012 419 data
2036 389 2150 424 fuerat,
2181 394 2214 419 et
2236 387 2353 420 nihilo-

1397 435 1505 465 minus
1538 443 1572 464 se
1605 437 1758 472 tanquam
1788 432 1944 464 famulum
1979 440 2086 463 eoram
2114 430 2221 462 Esavo
2253 430 2354 462 fratre

1397 477 1490 517 gerit.
1536 476 1584 507 Ae
1617 485 1694 506 sane
1722 475 1783 506 nisi
1811 475 1997 506 firmissima
2026 472 2091 505 fide
2119 472 2248 504 divinas
2281 483 2353 514 pro-

1397 520 1566 550 missiones
1593 517 1790 556 retinuisset,
1821 527 1885 548 non
1917 523 1982 548 tam
2014 515 2163 548 alacriter
2193 520 2240 546 tot
2269 517 2353 557 peri-

1397 563 1478 593 culis
1502 561 1603 592 vitam
1627 560 1803 592 obiecisset.
1846 560 2019 591 Paternam
2040 559 2126 590 enim
2150 558 2280 589 domum
2303 569 2352 590 re-

1398 605 1545 644 linquere
1573 603 1697 640 maluit,
1728 613 1783 643 spe
1812 603 1898 634 illius
1921 610 2026 633 terrae
2048 600 2243 640 benedictae,
2272 611 2353 641 quae

1398 648 1457 687 ipsi
1481 647 1514 677 in
1539 645 1767 677 haereditatem
1792 653 1859 677 erat
1883 655 2020 684 cessura,
2044 654 2139 684 quam
2161 643 2353 685 primogeni-

1398 697 1488 721 turae
1520 689 1568 720 ius
1598 688 1688 719 alteri
1718 688 1839 720 cedere.
1891 687 1982 727 Quas
2004 697 2080 718 vero
2111 687 2258 718 miserias
2281 697 2352 726 per·

1399 732 1481 770 tulit,
1512 738 1588 771 quot
1613 731 1845 768 afflictionibus,
1874 737 1952 771 quot
1983 729 2164 761 durissimis
2187 728 2352 761 calamita·-

1399 776 1484 806 tibus
1518 774 1678 805 exercitus
1709 773 1781 805 est?
1822 773 2042 804 Nihilominus
2076 779 2184 803 tamen
2218 771 2352 803 fratrem

1397 818 1540 849 Esavum
1579 816 1775 855 compellans
1805 816 1864 847 ait:
1900 816 1983 847 Ecce
2013 822 2103 846 tuum
2138 824 2286 846 servum:
2320 820 2353 846 et

1397 860 1535 891 famulos
1554 870 1628 890 suos
1650 859 1857 899 praemittens
1876 858 1915 890 ad
1934 858 2080 889 Esavum
2099 857 2145 888 sic
2165 857 2352 897 alloquitur:

1910 900 2004 933 Unde
2027 900 2098 937 ista,
2128 909 2255 940 quaeso,
2286 910 2354 930 mu-

1397 945 1498 977 tatio?
1530 945 1759 976 Ducebaturne
1781 944 1887 984 aliqua
1905 943 2103 984 poenitentia
2121 942 2353 974 benedictionis

1397 987 1567 1028 acceptae?
1608 989 1659 1018 An
1694 987 1836 1018 divinam
1868 986 2110 1027 promissionem
2141 984 2350 1026 repudiabat?

1397 1031 1532 1062 Minime
1561 1030 1723 1071 gentium:
1753 1029 1810 1061 sed
1839 1029 1960 1061 sciebat
1988 1039 2022 1059 se
2052 1039 2115 1059 non
2145 1038 2238 1068 posse
2268 1027 2352 1068 quod

1399 1074 1436 1105 ad
1461 1079 1627 1104 externam
1651 1072 1789 1112 speciem
1812 1072 1924 1103 venire
1954 1072 1986 1102 in
2010 1071 2241 1111 possessionem
2266 1070 2352 1102 illius

1398 1116 1674 1157 primogeniturae
1705 1125 1785 1155 quae
1807 1114 1912 1145 adhue
1936 1119 2086 1154 tanquam
2111 1113 2274 1145 terrestris
2297 1123 2351 1153 pa-

1399 1159 1524 1190 radisus
1548 1158 1677 1195 latebat,
1706 1164 1739 1189 et
1761 1158 1853 1189 cuius
1875 1157 2034 1188 fruitionis
2059 1164 2185 1197 teinpus
2208 1155 2352 1188 nondum

1399 1202 1580 1233 advenerat.
1627 1201 1695 1232 Sua
1716 1200 1817 1241 igitur
1845 1209 1900 1240 spe
1923 1204 2102 1236 contentus
2133 1199 2225 1231 cuius
2247 1208 2281 1231 se
2304 1199 2352 1230 in·

1399 1245 1531 1285 dignum
1553 1244 1680 1281 fatetur,
1703 1252 1809 1274 coram
1829 1242 2013 1274 hominibus
2031 1242 2177 1282 agnoscit
2196 1252 2229 1273 se
2247 1241 2354 1273 Esavo

1399 1288 1497 1318 fratre
1520 1287 1614 1327 longe
1636 1286 1829 1317 inferiorem.
1870 1284 1926 1316 Sic
1948 1285 2043 1316 etiam
2068 1284 2127 1316 hoc
2149 1284 2216 1316 loco
2234 1283 2354 1323 David,

1400 1331 1452 1370 qui
1486 1330 1559 1361 licet
1592 1340 1611 1360 a
1642 1328 1711 1360 Deo
1745 1339 1802 1359 rex
1835 1327 1949 1359 fuisset
1982 1327 2177 1368 designatus,
2211 1326 2354 1358 nondum

1401 1379 1506 1404 tamen
1541 1378 1610 1403 erat
1643 1372 1677 1402 in
1707 1371 1815 1412 regiae
1848 1369 1932 1402 sedis
1965 1370 2197 1410 possessionem
2228 1370 2353 1408 missus,

1401 1426 1504 1455 neque
1546 1414 1652 1445 adhuc
1694 1415 1814 1454 regiam
1855 1413 2058 1444 autoritatem
2093 1418 2125 1443 et
2164 1418 2355 1453 potestatem

1401 1465 1580 1498 acceperat:
1612 1457 1668 1488 scd
1698 1457 1736 1488 ad
1760 1463 1887 1495 tempus
1909 1456 2064 1487 occultam
2096 1465 2166 1487 esse
2188 1454 2355 1496 oportebat

1401 1511 1437 1532 ac
1472 1501 1571 1531 veluti
1605 1499 1773 1540 sepultam.
1825 1498 1948 1530 Idcirco
1977 1498 2085 1538 itaque
2118 1508 2152 1529 se
2182 1497 2354 1529 Ionathani

1402 1544 1486 1584 regis
1510 1543 1567 1574 filii
1592 1542 1748 1573 famulum
1771 1541 1860 1573 dicit:
1886 1541 1960 1573 licet
1982 1551 2054 1572 cum
2076 1541 2173 1572 sciret
2191 1551 2256 1572 non
2278 1550 2356 1572 ven-

1403 1591 1510 1617 turum
1534 1587 1565 1616 iu
1590 1590 1714 1626 partem
1745 1585 1845 1625 regni,
1876 1594 1979 1623 neque
2001 1583 2085 1623 patri
2115 1592 2355 1615 successurum:

1402 1629 1455 1660 sed
1487 1629 1546 1659 sibi
1578 1629 1683 1668 potius
1712 1626 1955 1662 subiiciendum,
1989 1636 2087 1666 quum
2117 1626 2149 1657 in
2181 1626 2271 1666 regni
2301 1636 2355 1666 po-

1402 1677 1548 1703 testatem
1575 1671 1723 1702 venisset.
1769 1669 1908 1709 Ideoque
1932 1669 1992 1700 Dei
2018 1670 2132 1700 bonam
2158 1669 2355 1700 voluntatem

1402 1715 1544 1754 agnitam
1584 1713 1785 1745 Ionathanus
1826 1712 1946 1751 adorat,
1988 1717 2020 1743 et
2060 1710 2216 1742 admittit:
2256 1710 2356 1742 Davi—

1403 1758 1536 1797 dcmque
1570 1761 1663 1797 rogat
1703 1761 1737 1787 ut
1778 1755 1851 1786 licet
1892 1760 1984 1795 pater
2016 1755 2166 1795 ingratus
2204 1755 2246 1785 sit
2279 1764 2356 1795 erga

1402 1801 1521 1840 ipsum,
1563 1800 1675 1839 suique
1709 1807 1906 1837 suorumque
1939 1798 2139 1828 misereatur.
2196 1796 2356 1828 Davidem

1402 1844 1507 1883 itaque
1532 1843 1677 1873 videmus
1710 1851 1773 1872 non
1797 1850 1912 1871 vocare
1945 1850 1979 1871 se
2002 1839 2176 1871 Ionathani
2199 1840 2355 1871 famulum

1402 1887 1475 1917 ficta
1497 1885 1634 1925 quadam
1657 1891 1690 1915 et
1713 1883 1858 1914 mendaci
1881 1882 2036 1914 modestia
2059 1883 2154 1919 civili,
2187 1882 2242 1914 sed
2265 1893 2299 1914 se
2321 1891 2356 1913 re

1837 1925 1958 1956 Foedus
1980 1932 2088 1957 autem
2110 1924 2241 1956 Domini
2265 1930 2357 1956 vocat

1403 1971 1574 2002 amicitiam
1598 1980 1694 2010 quam
1714 1969 1851 2000 invicem
1874 1969 2024 1999 invocato
2047 1968 2107 2000 Dei
2130 1968 2260 1999 nomine
2281 1977 2356 1998 con-

1403 2017 1579 2044 traxerant.
1631 2011 1760 2043 Foedus
1795 2012 1901 2051 itaque
1932 2010 2075 2042 divinum
2107 2010 2157 2041 vel
2189 2010 2356 2050 promissio

1404 2063 1542 2094 vocatur,
1575 2065 1656 2095 quae
1686 2064 1757 2085 eum
1782 2055 1963 2085 iuramento
1985 2054 2155 2085 coniuncta
2177 2058 2243 2084 est:
2273 2052 2355 2092 quod

1925 2096 2006 2127 Nam
2037 2097 2063 2127 si
2098 2095 2215 2127 animis
2238 2095 2356 2126 nostris

1404 2142 1499 2172 altius
1534 2141 1612 2172 haec
1651 2140 1806 2171 insederit
1838 2139 1944 2178 opinio
1976 2138 2080 2170 Deum
2116 2137 2304 2170 advocatum
2339 2147 2357 2168 a

1404 2184 1494 2215 nobis
1517 2182 1723 2215 iureiurando
1748 2187 1868 2219 testem,
1894 2180 2071 2221 praefuisse
2093 2180 2194 2221 pactis
2223 2183 2254 2211 et
2282 2190 2356 2210 con-

1378 2227 1524 2263 ¹veutis,
1558 2226 1610 2258 vel
1643 2225 1744 2256 latum
1778 2234 1919 2264 unguem
1954 2235 1972 2254 a
2008 2223 2173 2264 promissis
2209 2221 2358 2254 recedere

1405 2269 1620 2301 horrebimus:
1656 2279 1697 2299 ne
1732 2268 1800 2299 Deo
1834 2267 1928 2298 fidem
1957 2265 2064 2297 datam
2095 2267 2246 2306 frangere
2275 2265 2359 2296 velle

1406 2311 1580 2343 videamur.
1626 2310 1691 2343 Sed
1715 2310 1788 2341 inde
1811 2311 1846 2341 fit
1866 2315 1902 2340 ut
1920 2309 2104 2348 saepissime
2124 2309 2271 2340 homiues
2293 2315 2358 2339 tam

1406 2354 1496 2385 facile
1525 2365 1581 2394 per
1600 2354 1661 2385 Dei
1686 2364 1801 2384 nomen
1833 2352 1984 2389 deierent,
2015 2351 2097 2391 quod
2122 2352 2209 2382 leves
2231 2357 2306 2382 sunt
2328 2354 2360 2382 et

1407 2397 1634 2433 inconstantes,
1666 2404 1698 2427 et
1727 2395 1818 2427 facile
1848 2405 1887 2426 cx
1912 2395 2052 2434 ipsorum
2076 2395 2192 2425 animis
2214 2393 2360 2425 elabatur

1407 2440 1509 2469 omnis
1541 2440 1596 2470 Dei
1628 2439 1798 2470 memoria:
1827 2438 1905 2469 adeo
1935 2444 1971 2468 ut
1998 2437 2119 2468 centies
2150 2436 2244 2467 iurati
2268 2437 2359 2476 parvi

1408 2482 1525 2512 faciant
1548 2482 1775 2518 iuramentum,
1805 2490 1867 2521 quo
1897 2479 1964 2512 sela
1994 2479 2106 2510 charta
2131 2479 2256 2510 videtur
2284 2488 2360 2510 one·

1409 2531 1477 2555 rata
1501 2530 1531 2554 et
1553 2523 1795 2556 commaculata.
1840 2523 1923 2554 Nam
1948 2521 2087 2557 obsecro.
2111 2523 2183 2562 quis
2206 2530 2271 2552 non
2294 2521 2360 2552 foe-

1409 2566 1480 2597 dam
1516 2567 1599 2598 dieat
1635 2567 1790 2598 maculam
1826 2576 1923 2606 quum
1961 2565 2106 2596 veritatis
2141 2563 2359 2595 testimonium

1408 2609 1611 2641 iureiurando
1636 2609 1843 2649 praetexitur,
1865 2614 1897 2639 et
1920 2608 2050 2639 interim
2073 2607 2132 2639 sub
2155 2606 2209 2638 illo
2232 2605 2360 2637 fraudes

1409 2651 1602 2691 proditiones
1635 2651 1859 2684 occultantur?
1896 2650 1969 2689 Sed,
1989 2650 2069 2691 proh
2094 2649 2200 2681 dolor!
2224 2649 2358 2679 nimium
