2551 3044
409 226 470 257 571

411 319 495 360 quod
520 329 650 350 servum
681 328 777 349 suum
801 328 865 349 non
897 327 1012 358 passus
1035 324 1120 349 esset
1146 319 1308 358 privatam
1332 318 1382 350 in-

411 363 526 393 iuriam
552 361 672 397 ulcisci,
696 361 750 392 sed
776 360 991 392 subtraxisset
1014 371 1032 391 a
1056 361 1151 398 malo,
1175 371 1240 392 non
1263 360 1381 393 leviter

411 412 459 435 est
484 403 729 444 praetereunda.
776 403 870 442 Quod
898 414 972 434 vero
996 403 1034 434 de
1059 404 1144 434 malo
1168 404 1222 441 ait,
1247 415 1312 435 non
1336 404 1382 436 sie

411 446 660 487 intelligendum
680 446 770 486 quasi
788 445 893 477 David
918 447 963 477 ita
986 457 1020 477 se
1044 446 1221 478 iustificare
1243 446 1379 485 studeat,

412 498 446 520 ut
470 490 510 520 ab
533 489 620 520 omni
645 489 729 520 malo
752 489 795 519 sit
818 499 938 528 purus:
969 489 1025 520 sed
1050 489 1193 521 laetatur
1218 489 1323 521 David
1347 500 1382 521 se

412 532 602 572 impeditum
627 543 645 562 a
668 532 809 562 Domino
832 531 979 563 mulieris
1002 531 1089 564 illius
1113 532 1310 569 interventu,
1341 542 1382 564 ne

411 575 532 606 malum
563 574 645 615 quod
677 575 878 615 cogitaverat
915 579 1073 614 patraret:
1108 581 1140 606 et
1172 576 1318 616 agnoscit
1347 586 1381 607 se
1407 576 1409 587 ¹

412 618 520 657 gravis
550 617 696 648 criminis
726 626 833 648 coram
864 616 934 648 Deo
965 628 1057 648 reum
1092 619 1237 650 futurum
1273 618 1381 656 fuisse,
1406 621 1409 645 ἶ

413 661 475 691 nisi
500 660 659 691 cohibitus
683 660 806 691 fuisset.
842 660 994 691 Testatur
1018 661 1125 701 itaque
1147 671 1182 693 se
1206 661 1267 693 Dei
1291 661 1380 692 boni-

414 710 513 734 tatem
538 713 614 743 erga
643 713 677 734 se
708 702 870 742 duplicem
901 713 1092 743 agnoscere:
1124 704 1263 744 primum
1295 703 1379 744 quod

413 752 564 786 paratum
595 752 660 776 tam
692 756 793 785 grave
819 745 924 776 scelus
955 745 1128 778 admittere
1161 747 1380 787 prohibuerit:

413 789 529 820 deinde
553 788 638 828 quod
662 787 701 819 de
722 788 851 819 homine
869 788 1030 829 flagitioso
1053 799 1173 829 poenas
1196 789 1381 830 sumpserit.

414 831 574 871 Exemplo
609 830 748 862 Davidis
783 831 956 870 discamus,
991 836 1117 864 nostros
1146 833 1282 864 affectus
1316 839 1381 862 tam

414 875 536 905 strictis
569 873 705 905 habenis
735 883 892 911 coercere,
923 880 960 905 ut
985 885 1060 906 vere
1083 875 1196 907 laetari
1221 876 1382 915 possimus
1408 874 1409 878 ’

414 918 483 948 Deo
507 927 566 948 sua
589 916 707 948 iudicia
738 916 895 948 adversus
918 917 1084 957 improbos
1103 924 1274 950 exserente
1297 917 1382 957 quod

414 959 536 991 nullius
561 969 681 999 pravae
700 959 875 990 voluntatis
895 965 927 991 et
949 960 1093 992 occultae
1111 961 1298 1001 cupiditatis
1312 961 1382 990 vin-

416 1002 519 1034 dictae
543 1003 635 1034 nobis
658 1002 778 1034 conscii
802 1002 922 1034 simus:
952 1002 1007 1034 sed
1039 1014 1119 1044 puro
1142 1005 1250 1034 animo
1281 1003 1383 1044 ipsius

416 1045 535 1077 iudicia
568 1046 767 1082 intueamur,
802 1050 833 1076 et
863 1045 897 1076 in
928 1045 992 1076 illis
1022 1047 1294 1086 conquiescamus.
1341 1045 1384 1076 Et
1409 1047 1411 1057 '

415 1094 583 1129 praeterea
606 1088 676 1119 Deo
699 1087 821 1128 gratias
845 1088 942 1119 etiam
966 1098 1109 1128 agamus,
1134 1100 1233 1129 quum
1259 1100 1277 1120 a
1300 1087 1384 1119 malo

416 1141 474 1162 nos
498 1132 681 1162 retraxerit.
727 1130 810 1162 Nam
841 1131 901 1162 etsi
925 1141 1033 1163 coram
1064 1132 1165 1172 ipsius
1197 1131 1313 1163 iudicio
1338 1131 1383 1162 rei

418 1174 481 1205 iam
513 1174 624 1210 simus,
656 1183 758 1213 quum
788 1179 897 1204 mente
927 1184 1064 1214 pravum
1096 1174 1225 1214 aliquod
1258 1174 1384 1205 facinus

416 1217 638 1256 concepimus,
669 1217 744 1248 licet
773 1216 806 1247 in
839 1221 946 1247 actum
977 1228 1038 1248 non
1070 1217 1243 1257 prodierit,
1274 1222 1383 1247 tamen

416 1260 478 1299 ipsi
501 1260 625 1300 gratias
649 1269 745 1300 agere
769 1258 931 1295 debemus,
956 1259 1040 1299 quod
1055 1270 1118 1290 non
1143 1260 1326 1300 permiserit
1350 1259 1383 1290 in

417 1308 526 1334 actum
557 1312 742 1342 erumpere,
777 1301 863 1342 quod
892 1302 1000 1333 animo
1032 1302 1249 1334 volueramus.
1295 1302 1383 1342 Quin

419 1345 517 1376 etiam
542 1346 664 1385 precari
685 1344 848 1381 debemus,
872 1351 907 1375 ut
926 1355 1043 1384 pravas
1055 1346 1154 1376 etiam
1174 1346 1385 1386 cogitationes

417 1393 610 1428 compescat.
657 1387 739 1418 Nam
765 1397 801 1417 ea
824 1393 873 1418 est¹
903 1387 1072 1418 hominum
1102 1393 1229 1425 natura,
1261 1394 1295 1419 ut
1318 1389 1385 1419 sin-

418 1431 505 1471 gulis
528 1430 701 1462 momentis
732 1430 843 1469 pravis
873 1430 1122 1470 cogitationibus
1153 1436 1185 1462 et
1214 1431 1385 1463 affectibus

419 1474 570 1513 agitetur,
606 1473 667 1504 nisi
704 1472 793 1504 Deus
827 1473 991 1512 impediat.
1038 1472 1149 1512 Quare
1183 1484 1284 1514 quum
1320 1480 1385 1505 tam

418 1516 578 1557 proclives
608 1515 646 1546 ad
671 1515 806 1555 quaevis
837 1516 918 1546 vitia
947 1516 1059 1554 simus,
1089 1527 1189 1557 quum
1212 1517 1245 1548 vi
1277 1517 1386 1548 divina

419 1559 605 1595 retinemur,
637 1568 763 1589 summo
787 1557 932 1589 beneficii
956 1559 1026 1590 loco
1050 1559 1221 1600 ducamus,
1253 1560 1386 1600 Deoque

419 1601 542 1642 gratias
573 1611 716 1641 agamus,
747 1611 806 1631 nos
835 1601 863 1631 ei
893 1601 953 1633 hoc
977 1602 1107 1633 nomine
1131 1603 1308 1642 plurimum
1332 1603 1386 1634 de-

420 1645 545 1675 vinctos
569 1648 797 1683 agnoscentes:
829 1648 860 1674 et
885 1643 1022 1675 Davidis
1052 1645 1200 1685 exemplo
1225 1646 1387 1678 discamus

420 1686 577 1727 prohibiti
591 1686 736 1725 privatas
758 1685 894 1718 iniurias
918 1689 1077 1727 persequi,
1101 1689 1184 1729 grati
1202 1699 1280 1726 esse,
1303 1688 1387 1729 quod

419 1730 445 1760 si
463 1729 562 1760 semel
583 1728 768 1760 iracundiae
787 1728 878 1760 laxas
895 1728 1038 1761 habenas
1057 1731 1308 1770 permiserimus,
1333 1731 1388 1763 vix

421 1771 537 1802 deinde
560 1771 715 1803 reducere
738 1771 811 1802 illas
835 1782 1003 1813 queamus,
1033 1772 1159 1814 Deique
1183 1773 1318 1806 bonitati
1342 1774 1388 1806 lo-

419 1825 493 1846 cum
524 1825 589 1845 non
621 1814 854 1855 relinquamus.
902 1815 965 1846 Sed
990 1816 1017 1846 si
1041 1817 1199 1855 patientes
1222 1817 1389 1857 fuerimus,

419 1863 452 1889 et
482 1857 630 1889 inimicos
661 1857 701 1888 ad
737 1857 970 1897 poenitentiam
1006 1859 1307 1898 sollicitaverimus,
1342 1859 1389 1891 illi

419 1911 496 1932 vcro
519 1900 729 1940 pertinaciter
752 1900 787 1931 in
806 1900 929 1931 malitia
953 1902 1166 1940 perstiterint,
1190 1903 1296 1935 Deum
1316 1913 1388 1943 per·

419 1943 506 1974 suasi
530 1943 631 1974 simus
654 1953 787 1973 manum
813 1943 1033 1983 admoturum‚
1064 1949 1097 1975 et
1119 1955 1236 1978 causae
1260 1951 1389 1977 nostrae

421 1985 642 2017 defensionem
666 1991 903 2025 suscepturum.

505 2028 662 2068 Sequitur
686 2028 839 2068 deinceps
864 2029 1023 2060 Davidem
1048 2032 1179 2063 nuntios
1203 2031 1244 2063 ad
1256 2031 1388 2073 Abigai-

420 2070 484 2102 lem
508 2072 644 2109 misisse,
675 2071 729 2111 qui
760 2071 793 2101 in
819 2082 953 2103 uxorem
977 2072 1066 2103 illam
1097 2074 1158 2105 sibi
1182 2074 1389 2111 adducerent.

422 2124 522 2153 quum
555 2118 649 2145 antea
681 2114 829 2145 duxisset
859 2115 956 2145 etiam
987 2115 1180 2147 Achinoam.
1227 2117 1321 2157 Quod
1350 2117 1390 2149 ad

421 2157 484 2187 Abi
511 2156 617 2194 adem,
650 2156 766 2187 licebat
790 2157 910 2188 Davidi
934 2158 968 2189 in
993 2168 1127 2190 uxorem
1151 2160 1240 2191 illam
1263 2159 1389 2201 ducere,

421 2167 509 2239 quog
526 2199 646 2230 Michol
667 2198 777 2231 Saulis
799 2200 867 2231 filia
890 2205 1001 2241 erepta
1019 2201 1081 2241 ipsi
1105 2202 1227 2240 fuisset,
1252 2208 1284 2234 et
1296 2203 1390 2234 alteri

423 2241 543 2274 locata:
576 2241 650 2274 licet
673 2252 743 2273 eam
768 2247 879 2282 postea
902 2244 1040 2284 recepit,
1069 2249 1106 2275 ut
1128 2244 1279 2286 deinceps
1303 2245 1390 2278 vide-

422 2285 537 2316 bimus.
584 2284 694 2324 Quare
719 2296 819 2325 quum
850 2285 896 2316 illi
921 2287 1034 2318 fuisset
1058 2297 1142 2318 uxor
1165 2288 1327 2329 adempta,
1358 2293 1391 2320 et

423 2338 497 2359 cum
521 2327 624 2359 altero
647 2333 799 2361 scortata.
829 2329 914 2368 quod
939 2340 1003 2360 non
1032 2334 1141 2370 posset
1164 2331 1232 2362 iure
1255 2332 1391 2363 maritus

423 2370 526 2411 ipsius
545 2381 623 2407 esse,
647 2371 751 2411 potuit
774 2370 883 2402 David
908 2372 1090 2412 Abigailem
1115 2373 1232 2405 ducere
1256 2375 1288 2405 in
1311 2384 1390 2406 uxo-

424 2423 507 2443 rem:
541 2423 637 2453 quam
668 2424 767 2454 quum
797 2413 991 2453 prudentem
1024 2415 1178 2446 feminam
1209 2424 1240 2447 et
1270 2417 1392 2449 virtute

424 2456 585 2496 insignem
609 2457 820 2497 cognovisset,
846 2467 909 2487 non
929 2458 1046 2489 mirum
1073 2463 1129 2495 est,
1154 2459 1179 2490 si
1204 2460 1237 2490 in
1258 2470 1389 2491 uxorem

424 2508 495 2529 eam
519 2499 578 2529 sibi
604 2499 785 2538 postulavit.
811 2499 854 2530 Et
872 2499 1000 2539 quidem
1027 2502 1107 2532 ratio
1120 2512 1214 2541 quam
1235 2507 1391 2543 sequutus

425 2546 474 2572 cst
496 2541 558 2572 fuit
581 2541 760 2580 laudabilis,
789 2541 875 2582 quod
899 2553 962 2573 non
987 2543 1056 2583 ipse
1080 2543 1167 2575 illam
1192 2545 1278 2583 adiit,
1303 2550 1336 2577 et
1358 2546 1390 2576 in

425 2594 558 2614 uxorem
591 2585 728 2624 accepit,
762 2584 816 2616 sed
852 2595 909 2624 per
943 2587 1077 2618 nuncios
1112 2586 1150 2618 de
1185 2588 1390 2620 matrimonio

426 2626 662 2666 interpellavit:
696 2627 782 2667 quod
813 2628 931 2668 alioqui
957 2629 1047 2661 visus
1078 2629 1191 2661 fuisset
1212 2641 1282 2662 cam
1307 2631 1390 2662 invi-

426 2676 503 2709 tam,
528 2669 579 2700 vcl
601 2671 776 2702 autoritate
790 2670 842 2702 vel
861 2671 892 2702 vi
915 2671 1100 2705 abduxisse.
1126 2672 1235 2712 Quare
1259 2680 1294 2705 ut
1313 2673 1391 2705 libe-

1244 224 1444 256 HOMILIA
1468 224 1576 255 XCII.

2342 224 2404 256 572

1435 329 1507 349 rum
1531 319 1574 349 sit
1594 318 1837 353 matrimonum.
1862 316 1996 348 nuntios
2019 316 2057 347 ad
2072 326 2143 348 eam
2166 317 2264 354 misit,
2289 322 2402 350 utnon

1435 362 1537 392 invita
1577 360 1632 392 sed
1675 360 1788 391 volens
1824 358 1960 391 Davidis
2001 359 2172 399 postulatis
2211 360 2401 400 acquiescat.

1434 404 1529 443 Quod
1554 403 1593 434 ad
1617 403 1751 434 alteram
1777 403 1959 434 Achionam
1978 402 2102 439 attinet,
2133 412 2299 440 excusare,
2329 409 2362 434 et
2383 415 2403 436 a

1434 447 1528 487 culpa
1558 446 1695 477 liberare
1727 445 1887 477 Davidem
1918 455 1983 476 nou
2014 455 2196 485 possumus.
2242 445 2314 476 Etsi
2338 457 2404 478 non

1435 489 1588 520 debemus
1611 489 1800 520 existimare
1825 487 2046 527 voluptatibus
2068 488 2174 527 ipsum
2194 488 2263 520 suis
2287 489 2333 520 sic
2356 490 2404 521 iu-

1434 532 1590 571 dulsisse,
1627 538 1662 562 ut
1692 531 1828 562 alteram
1861 531 1960 570 priori
1992 529 2169 562 addiderit:
2205 530 2260 562 sed
2295 533 2404 572 potius

1433 582 1577 607 coactum
1591 574 1783 606 necessitate
1795 573 1896 605 fuisse
1920 573 2070 611 iudicare,
2094 579 2127 604 et
2150 574 2195 605 ita
2217 573 2312 606 rebus
2335 575 2403 607 suis

1434 618 1601 649 consulere
1614 617 1784 649 studuisse.
1804 616 2089 655 Quemadmodum
2102 616 2208 648 solent
2221 617 2255 648 in
2267 618 2404 650 summis

1435 661 1596 700 angustiis
1627 660 1803 695 constituti,
1831 660 1973 690 rationes
2000 669 2155 699 quaerere
2184 660 2303 699 quibus
2333 671 2404 693 sese

1435 710 1598 743 tueantur,
1629 709 1661 734 et
1685 702 1866 734 foederibus
1889 709 1921 733 et
1949 702 2154 742 cognationis
2177 713 2214 734 ac
2237 703 2404 736 affinitatis

1436 747 1574 777 vinculis
1596 747 1736 777 foveant.
1762 745 1984 776 Nihilominus
2006 745 2137 776 virtiosa
2160 752 2193 776 et
2215 745 2329 778 illicita
2340 747 2404 778 fuit

1408 787 1409 828 1
1436 789 1514 820 haec
1549 790 1630 820 ratio
1670 788 1765 820 rebus
1803 789 1870 819 suis
1903 788 2110 825 consulendi,
2141 788 2404 829 quandoquidem

1435 837 1549 863 contra
1573 832 1710 871 primam
1738 831 1977 862 institutionem
2003 831 2201 862 matrimonii
2233 832 2313 863 suit:
2343 833 2404 864 etsi

1436 885 1501 904 non
1526 881 1591 905 tam
1615 875 1732 905 vitiosa
1763 884 1858 914 quam
1883 875 1909 905 si
1936 874 2142 914 voluptatum
2167 884 2264 906 causa
2287 874 2405 906 fuisset

1436 917 1475 948 ab
1510 918 1577 956 ipso
1607 917 1789 957 quaesitum
1820 917 2074 948 matrimonium.
2121 916 2188 949 Sed
2216 917 2248 948 in
2277 928 2406 950 summa

1436 958 1718 991 condemnandum
1750 959 1887 991 Davidis
1918 959 2048 998 factum,
2079 959 2163 1000 quod
2195 959 2276 992 duas
2306 960 2405 992 simul

1437 1012 1556 1033 uxores
1579 1002 1742 1034 habuerit:
1773 1002 1858 1043 quod
1882 1012 1922 1034 ex
1948 1002 2089 1034 hominis
2115 1004 2220 1042 prima
2242 1004 2404 1035 creatione

1436 1045 1515 1076 satis
1545 1053 1687 1085 apparet,
1718 1045 1772 1076 ubi
1799 1045 1959 1076 Dominus
1990 1045 2049 1077 ait:
2081 1045 2154 1076 Non
2185 1056 2254 1078 esse
2285 1046 2403 1078 bonum

1437 1088 1560 1119 homini
1579 1098 1649 1119 esse
1672 1088 1793 1119 solum:
1817 1089 1925 1129 itaque
1944 1088 2126 1120 faciendum
2147 1088 2194 1119 illi
2207 1088 2405 1121 adiutorium

1437 1130 1543 1161 simile
1564 1131 1631 1170 ipsi.
1657 1130 1832 1162 Decretum
1854 1131 1954 1172 igitur
1978 1142 2018 1162 ex
2038 1131 2233 1163 immutabili
2251 1142 2310 1164 suo
2329 1142 2406 1164 con-

1438 1173 1510 1204 silio
1533 1173 1678 1213 protulit,
1699 1173 1863 1205 hominem
1883 1181 2031 1214 oportere
2055 1185 2122 1205 una
2145 1185 2246 1206 uxore
2269 1182 2405 1206 conten-

1438 1222 1507 1247 tum
1531 1227 1610 1247 esse.
1646 1216 1761 1256 Neque
1784 1217 1870 1247 enim
1894 1217 1985 1255 dixit,
2009 1216 2072 1248 duo
2095 1217 2256 1249 adiutoria
2278 1218 2339 1258 ipsi
2359 1218 2405 1249 fa-

1438 1260 1571 1296 ciamus,
1595 1259 1661 1295 sed,
1686 1260 1884 1290 adiutorium
1897 1260 1959 1300 ipsi
1972 1260 2087 1292 simile.
2112 1260 2184 1291 Hoc
2197 1261 2276 1292 satis
2292 1260 2408 1293 idoneo

1438 1302 1624 1332 testimonio
1649 1301 1756 1333 David
1790 1302 1850 1334 hoc
1873 1302 1940 1333 loco
1964 1302 2215 1334 condemnatur:
2247 1309 2297 1335 est
2319 1305 2408 1335 enim

1438 1345 1499 1375 Dei
1530 1345 1695 1376 decretum
1719 1344 1923 1376 immutabile
1953 1353 1986 1376 et
2014 1346 2235 1383 irrevocabile,
2266 1352 2298 1377 et
2321 1346 2407 1387 quod

1437 1388 1529 1418 initio
1554 1387 1646 1418 Deus
1669 1388 1846 1425 constituit,
1872 1387 2056 1419 habendum
2080 1394 2130 1420 est
2152 1389 2233 1429 legis
2257 1389 2326 1421 loco
2346 1390 2407 1421 im—

1439 1431 1611 1462 mutabilis.
1636 1430 1764 1462 Deinde
1785 1438 1816 1461 et
1835 1430 1897 1462 alio
1917 1430 1986 1462 loco
1998 1431 2159 1471 scriptura
2177 1432 2274 1470 iubet,
2297 1443 2407 1473 quem-

1439 1484 1499 1514 que
1519 1474 1624 1504 virum
1648 1484 1740 1504 suam
1765 1473 1884 1505 habere
1907 1484 2052 1513 uxorem,
2076 1479 2106 1506 et
2120 1480 2232 1506 contra
2245 1485 2407 1516 quamque

1440 1516 1608 1547 mulierem
1632 1526 1726 1547 suum
1749 1516 1866 1548 habere
1886 1517 2050 1548 maritum.
2086 1517 2197 1556 Quare
2216 1517 2242 1549 si
2261 1518 2334 1558 quis
2357 1518 2408 1550 vir

1439 1559 1548 1600 plures
1567 1570 1684 1591 uxores
1708 1560 1827 1591 habere
1850 1560 1930 1598 vult,
1953 1560 2047 1591 uxori
2067 1560 2143 1592 facit
2165 1560 2317 1592 iniuriam
2330 1561 2409 1593 Dei-

1440 1612 1502 1642 quc
1526 1602 1629 1643 legem
1655 1603 1767 1633 violat.
1790 1602 1915 1633 Eadem
1929 1603 2015 1634 enim
2035 1603 2167 1643 utrique
2180 1603 2293 1644 regula
2315 1614 2408 1644 prae-

1440 1646 1600 1682 scribitur,
1633 1651 1669 1676 ut
1691 1646 1810 1677 mulier
1832 1646 1986 1677 maritum
2009 1656 2104 1677 suum
2128 1645 2255 1683 habeat,
2285 1653 2317 1678 et
2339 1657 2408 1678 ma-

1440 1689 1522 1719 ritus
1545 1699 1637 1719 suam
1661 1699 1806 1720 uxorem.
1848 1688 2054 1729 Quapropter
2077 1689 2104 1720 si
2128 1689 2199 1729 quis
2229 1689 2324 1721 hodie
2347 1690 2410 1722 sibi

1441 1731 1607 1763 licentiam
1637 1736 1783 1763 assumat
1813 1731 1922 1772 plures
1948 1731 2090 1763 habendi
2119 1742 2249 1769 uxores,
2279 1742 2350 1764 sese
2373 1733 2408 1764 in

1441 1779 1549 1814 partes
1569 1774 1729 1815 discerpat
1748 1780 1883 1815 oportet.
1918 1775 2007 1815 Ergo
2022 1774 2128 1806 David
2146 1775 2263 1806 merito
2283 1774 2409 1807 duabus

1442 1818 1616 1857 assumptis
1646 1817 1800 1848 uxoribus
1823 1817 2007 1849 damnatur.
2052 1818 2096 1848 Et
2124 1818 2265 1857 quidem,
2295 1818 2410 1856 fateor,

1442 1860 1527 1891 idem
1558 1860 1745 1891 Abrahamo
1776 1866 1808 1891 et
1837 1860 1948 1892 Isaaco
1978 1861 2129 1901 contigit:
2160 1860 2233 1899 sed,
2267 1865 2305 1892 ut
2333 1867 2410 1893 ante

1442 1903 1517 1939 dixi,
1543 1908 1690 1934 veterum
1714 1903 1860 1934 fidelium
1883 1904 2033 1943 exempla
2051 1914 2116 1934 non
2136 1909 2257 1935 temere
2280 1904 2410 1936 suntin

1442 1946 1546 1986 legem
1570 1946 1746 1977 trahenda:
1778 1946 1834 1978 sed
1859 1947 1963 1986 potius
1987 1946 2024 1977 ad
2048 1946 2113 1978 Dei
2136 1946 2241 1988 legem
2264 1951 2297 1978 et
2319 1947 2410 1978 insti-

1442 1989 1601 2020 tutionem
1633 1989 1878 2028 recurrendum,
1907 1994 1939 2020 et
1969 1989 2027 2020 soli
2058 1989 2106 2020 illi
2137 1988 2408 2029 acquiescendum

1442 2032 1512 2062 sine
1535 2032 1806 2063 contradictione:
1829 2042 1866 2063 ac
1889 2032 2024 2072 proinde
2047 2032 2073 2064 si
2097 2042 2161 2072 qua
2183 2037 2260 2064 sunt
2283 2039 2414 2065 saneto-

1442 2085 1515 2105 rum
1547 2075 1690 2106 virorum
1727 2075 1811 2106 facta
1845 2085 1918 2107 cum
1951 2075 2047 2106 verbo
2086 2075 2147 2106 Dei
2185 2075 2409 2116 congruentia,

1443 2122 1598 2157 tauquam
1633 2118 1717 2149 bona
1742 2122 1818 2149 sunt
1845 2117 2062 2156 admittenda,
2100 2122 2134 2149 et
2162 2118 2197 2149 in
2222 2118 2408 2159 exemplum

1443 2160 1665 2200 proponenda:
1689 2162 1738 2193 sin
1763 2161 1880 2198 miuus,
1904 2160 2149 2192 condemnanda
2167 2166 2200 2192 et
2222 2161 2407 2193 reiicienda.

1443 2202 1554 2241 Quum
1578 2214 1655 2235 vero
1679 2208 1746 2234 tam
1769 2202 1930 2234 Davidem
1955 2214 2051 2244 quam
2076 2203 2155 2234 alios
2178 2204 2210 2234 in
2234 2203 2294 2236 hac
2317 2208 2409 2244 parte

1444 2246 1549 2285 lapsos
1573 2246 1752 2285 videamus,
1783 2255 1820 2277 eo
1852 2246 1972 2277 maiore
1995 2256 2074 2277 eura
2097 2252 2129 2277 et
2158 2245 2264 2278 studio
2287 2247 2322 2278 in
2345 2246 2410 2279 Dei

1443 2289 1559 2320 timore
1582 2290 1674 2321 nobis
1696 2288 1927 2321 ambulandum
1951 2289 2101 2326 sciamus,
2131 2299 2236 2329 neque
2268 2289 2409 2321 dandam

1443 2331 1606 2363 licentiam
1637 2332 1757 2364 nostris
1785 2332 1953 2364 affectibus
1990 2337 2100 2364 tant-ae
2130 2331 2329 2364 confusionis
2358 2343 2408 2364 se-

1443 2374 1604 2414 quendae,
1638 2386 1678 2406 ne
1707 2375 1741 2406 in
1772 2375 1969 2406 immensum
1993 2375 2154 2406 malorum
2185 2374 2408 2416 labyrinthum

1444 2417 1662 2450 deveniamus.
1708 2417 1811 2450 Cuius
1840 2417 1886 2449 rei
1911 2417 2079 2457 exemplar
2106 2418 2175 2458 ipse
2198 2417 2307 2449 David
2329 2422 2409 2457 esto,

1443 2460 1496 2499 qui
1520 2459 1559 2490 ab
1584 2460 1642 2492 hoe
1666 2461 1759 2501 lapsu
1782 2461 1816 2491 in
1840 2460 1950 2500 plures
1974 2460 2098 2499 incidit,
2122 2460 2234 2492 multis
2253 2461 2410 2493 uxoribus

1443 2502 1592 2539 induetis,
1624 2504 1708 2543 quod
1730 2504 1765 2534 in
1796 2503 1951 2535 historiae
1974 2504 2057 2534 serie
2085 2503 2235 2543 deinceps
2258 2503 2409 2544 pluribus

1444 2555 1683 2585 persequemur.
1729 2546 1950 2585 Quamobrem
1992 2556 2055 2577 non
2096 2551 2217 2578 temere
2250 2546 2410 2578 imitanda

1443 2587 1624 2619 istiusmodi
1648 2599 1816 2621 servorum
1829 2589 1891 2620 Dei
1910 2589 2069 2629 exempla,
2092 2588 2147 2620 sed
2161 2589 2281 2620 malum
2294 2599 2313 2619 a
2325 2589 2408 2622 bono

1443 2629 1711 2663 discernendum:
1746 2631 1878 2672 ideoque
1902 2642 1959 2663 nos
1987 2632 2062 2663 alibi
2088 2632 2127 2662 D.
2151 2632 2275 2663 Paulus
2297 2631 2409 2664 admo-

1444 2677 1509 2711 net,
1540 2681 1577 2704 ut
1599 2674 1704 2714 ipsum
1735 2684 1909 2716 sequamur
1932 2678 1965 2706 et
1994 2674 2170 2713 imitemur,
2200 2674 2407 2715 quemadmo-
