2551 3044
299 220 361 251 235

302 311 511 354 recipiendos,
533 320 635 350 neque
656 315 875 349 respecturum
895 308 1006 349 quales
1025 308 1125 338 simus
1144 307 1262 347 quidve
1287 320 1290 345 1

302 355 477 397 promeriti,
501 352 557 384 sed
581 350 799 383 misericordia
826 361 884 382 sua
908 362 965 382 nos
989 351 1261 390 amplexaturum.
1287 347 1291 386 1

302 400 370 432 Nae
394 398 421 429 si
445 395 662 428 testimonium
688 393 766 424 illud
790 395 984 426 conscientia
1008 393 1098 424 nobis
1121 392 1261 424 dictave·
1287 411 1291 450 ι

302 444 353 477 rit,
383 441 462 472 certi
495 439 616 470 erimus
647 447 711 468 uon
742 442 868 467 tantum
900 437 938 468 ad
963 437 1062 467 vitam
1087 442 1262 473 aeternam,

302 492 505 516 servatorem
530 486 677 511 nostrum
703 479 786 510 fore:
818 479 873 511 sed
903 480 999 510 etiam
1026 480 1056 510 in
1083 479 1147 509 vita
1171 488 1263 518 prae·
1288 462 1291 505 l

302 528 386 559 senti
410 525 599 562 adiutorem,
623 530 656 553 et
679 522 712 553 in
735 522 870 554 summis
893 523 1051 563 angustiis
1074 530 1103 552 et
1126 521 1262 552 difficul-

303 571 422 601 tatibus
451 568 665 599 liberatorem.
718 564 817 596 Porro
851 576 948 604 quum
983 565 1059 596 dicit
1091 564 1195 595 David
1230 566 1264 594 ut

300 614 379 645 sciat
401 611 500 642 omnis
523 613 605 640 terra
628 608 704 647 quia
727 610 770 639 est
793 607 881 639 Deus
902 609 936 639 in
960 608 1070 645 Israil,
1101 618 1163 637 non
1188 607 1263 637 inde

301 655 446 695 sequitur
469 651 649 684 incredulos
680 661 772 690 posse
802 650 841 681 ad
871 661 981 682 veram
1015 651 1075 681 Dei
1106 650 1260 689 cognitio-

303 709 376 730 nem
400 697 519 734 vcnire,
543 702 572 725 et
597 693 767 734 specialem
791 703 900 725 curam
924 703 1019 734 quam
1044 693 1082 724 de
1106 692 1264 723 Israelitis

303 742 385 783 gerit
409 748 599 780 agnoscere:
630 735 683 767 sed
715 735 848 776 perinde
870 744 918 768 est
941 747 977 768 ac
1000 737 1026 766 si
1052 735 1156 767 David
1181 735 1263 766 dice-

303 790 362 822 ret,
395 783 479 823 ipsos
502 780 647 811 ethnicos
671 784 703 810 et
726 778 879 819 profanos
912 779 1040 820 propria
1070 777 1265 810 couscientia

304 833 384 858 teste
409 825 592 856 convictum
618 822 666 859 iri,
690 821 752 852 Dei
772 821 893 853 virtute
911 822 978 854 sola
999 822 1150 861 populum
1170 821 1262 851 illum

304 870 359 910 qui
396 874 575 908 prostratus
605 863 729 896 iacebat
759 864 942 896 liberatum.
993 865 1076 896 Nam
1106 863 1264 895 inereduli

305 921 434 951 semper
457 909 659 941 caecutiunt:
689 907 758 938 sola
787 907 866 938 fides
896 908 967 940 luce
991 906 1150 947 spirituali
1175 906 1264 937 illus-

306 960 422 986 tratur.
457 952 527 983 Deo
551 952 659 990 itaquo
682 950 861 990 potentiam
884 961 975 982 suam
999 956 1176 986 exserente,
1201 954 1264 980 ter·

305 998 375 1029 reni
404 1002 436 1027 ct
466 994 622 1026 inereduli
654 993 801 1024 homines
829 993 1040 1033 obstupefacti
1071 993 1264 1031 caecutiunt,

305 1038 575 1081 quemadmodum
599 1042 631 1067 et
653 1035 739 1076 apud
761 1035 880 1067 Isaiam
912 1036 1043 1068 dicitur:
1078 1035 1264 1075 Improbum

306 1091 475 1122 nunquam
504 1079 565 1111 Dei
590 1079 724 1120 gloriam
759 1089 958 1119 cognoscere.
1011 1079 1133 1109 Verum
1164 1079 1265 1109 enim—

307 1136 383 1157 vero
407 1124 458 1156 vel
482 1123 536 1163 qui
561 1122 700 1153 maxime
723 1122 906 1153 caecutiunt
928 1121 989 1152 Dei
1015 1132 1142 1152 manum
1167 1132 1264 1160 expe-

306 1168 364 1200 riri
387 1172 419 1199 et
442 1166 563 1197 sentire
587 1169 755 1205 coguntur,
783 1171 878 1204 atque
902 1164 1019 1196 ideireo
1042 1165 1265 1204 obstupescere

307 1216 340 1243 et
363 1211 508 1242 horrere.
554 1208 640 1239 Hinc
669 1207 742 1238 illae
772 1207 806 1238 in
829 1209 928 1239 sacris
952 1207 1090 1238 usitatae
1114 1206 1266 1246 loquendi

306 1254 451 1295 phraseS,
482 1251 545 1283 Dei
575 1255 810 1290 contemptores
839 1251 909 1291 cogi
939 1250 1043 1289 ipsum
1072 1249 1204 1281 adorare
1233 1254 1265 1280 et

306 1297 367 1337 ipsi
398 1294 540 1333 mentiri,
570 1298 602 1324 et
632 1293 714 1324 aliae
743 1292 874 1331 similes,
905 1293 1020 1333 quibus
1051 1303 1112 1323 non
1136 1291 1264 1332 quidem

307 1339 347 1372 ad
372 1339 477 1370 Deum
500 1337 671 1376 confugere
694 1335 844 1367 dicuntur
865 1336 1011 1376 improbi,
1035 1346 1136 1375 neque
1156 1335 1194 1366 ab
1218 1336 1263 1375 ip-

306 1383 374 1414 sius
409 1380 506 1412 verbo
540 1378 689 1420 pendere,
723 1389 827 1418 neque
861 1379 957 1410 etiam
988 1378 1027 1409 de
1057 1379 1192 1417 acceptis
1226 1378 1265 1409 ab

305 1426 375 1466 ipso
398 1422 563 1455 benefieiis
587 1421 709 1462 gratias
737 1432 842 1462 agere,
871 1421 959 1462 (lieet
988 1420 1159 1460 aliquando
1189 1432 1265 1460 quos

306 1468 377 1500 vult
401 1466 492 1497 Deus
520 1464 560 1496 ad
591 1474 625 1495 se
653 1469 830 1501 convertat,
860 1464 915 1496 sed
946 1464 1072 1504 reprobi
1096 1463 1164 1495 Deo
1192 1464 1266 1494 lieet

305 1510 515 1545 fulminante,
550 1506 736 1546 coelumque
770 1512 952 1547 terramque
982 1507 1199 1542 concutiente,
1234 1511 1266 1538 et

305 1559 434 1584 montes
453 1550 626 1582 altissimos
649 1555 880 1589 commovente,
905 1559 1068 1589 nunquam
1092 1549 1264 1580 emendan-

307 1604 360 1627 tur
385 1604 488 1633 neque
512 1598 756 1631 convertuntur,
784 1592 861 1632 quin
885 1592 992 1632 potius
1014 1593 1117 1632 magis
1140 1602 1176 1623 ac
1199 1603 1265 1623 ma-

308 1640 357 1680 gis
381 1635 591 1677 indurantur)
626 1635 680 1666 sed
712 1635 762 1665 vel
797 1635 893 1666 inviti
917 1645 1091 1675 agnoscere
1115 1634 1174 1665 Dei
1199 1646 1265 1665 ma-

308 1691 386 1712 num
410 1686 442 1711 et
464 1689 553 1719 opus.
600 1677 691 1709 Deus
714 1678 822 1717 itaque
845 1678 890 1709 sic
919 1683 1070 1718 operatur
1097 1682 1132 1708 ut
1154 1678 1187 1708 in
1211 1678 1265 1709 ad-

307 1723 512 1755 mirationem
537 1731 649 1752 omnes
673 1721 786 1761 rapiat,
817 1725 849 1752 et
878 1720 1014 1760 improbi
1046 1721 1200 1757 homines,
1235 1725 1266 1752 et

306 1766 447 1798 maxime
471 1770 685 1801 contumaces,
721 1769 752 1794 et
776 1763 978 1804 arrogantiae
1001 1763 1086 1803 pleni
1110 1767 1266 1803 cogantur

307 1810 377 1841 istis
411 1806 561 1848 operibus
595 1806 690 1844 affici,
723 1811 755 1837 et
789 1805 838 1837 vel
872 1806 967 1837 inviti
996 1806 1090 1836 fateri
1121 1805 1294 1837 divinunr¹

306 1851 393 1884 istud
430 1860 494 1881 non
528 1849 707 1880 humanum
739 1860 819 1889 opus
859 1859 937 1880 esse.
995 1847 1059 1881 Sed
1100 1859 1163 1879 non
1198 1849 1267 1879 siue

307 1893 517 1935 blasphemia,
551 1903 624 1923 uam
660 1892 769 1922 aiunt:
805 1893 871 1922 Aut
906 1891 994 1923 Deus
1028 1896 1085 1922 aut
1124 1891 1268 1923 diabolus

307 1938 420 1969 effecit.
466 1935 634 1975 Improbos
657 1935 755 1975 igitur
779 1934 924 1965 homines
947 1933 1095 1965 videmus
1115 1933 1177 1965 Dei
1201 1935 1267 1974 qui·
1292 1941 1295 1986 1

307 1980 380 2012 dem
409 1979 590 2019 cognitione
621 1978 714 2015 affici,
750 1977 851 2008 velint
886 1977 997 2014 nolint,
1031 1987 1131 2017 quum
1166 1977 1267 2008 virtus

307 2023 408 2063 ipsius
439 2022 471 2052 in
504 2021 646 2061 ipsorum
677 2020 784 2051 oculos
821 2020 976 2051 incurrit:
1013 2030 1123 2050 vorum
1159 2026 1266 2050 tamen

305 2066 370 2098 Dei
401 2064 522 2106 gloriae
553 2074 610 2104 pro
641 2063 764 2094 viribus
796 2063 957 2094 reluctari.
1003 2062 1053 2094 De
1076 2062 1133 2093 tali
1157 2063 1267 2102 cogni-

307 2109 394 2140 tione
427 2114 458 2138 et
488 2106 621 2137 scientia
651 2106 738 2145 loqui
767 2105 929 2137 Davidem
957 2105 1016 2137 hoc
1046 2105 1113 2137 loco
1144 2111 1265 2136 certum

307 2158 364 2188 est,
388 2160 484 2190 quum
509 2149 552 2180 ait
578 2149 762 2180 universam
786 2155 904 2179 terram
928 2147 1130 2189 cognituram
1162 2148 1266 2179 Deum

307 2205 378 2226 csse
401 2194 434 2224 in
460 2192 587 2228 Israele,
619 2191 649 2222 id
680 2199 728 2223 est
758 2191 920 2231 improbos
950 2196 982 2222 et
1005 2189 1188 2222 incredulos
1212 2191 1267 2221 ho—

308 2238 421 2272 mines,
452 2235 514 2266 Dei
546 2235 700 2265 virtutem
733 2235 887 2265 invictam
913 2244 974 2264 non
999 2233 1198 2270 confitentes,
1224 2233 1267 2263 le·
1294 2255 1297 2268 s

309 2289 446 2320 gemque
478 2277 577 2317 ipsius
607 2284 637 2308 et
667 2277 788 2308 cultum
821 2277 852 2307 in
884 2276 1004 2308 Israele
1035 2277 1267 2316 praescriptum

310 2326 562 2356 contemnentes,
587 2331 738 2351 sensuros
763 2326 867 2350 tamen
884 2319 1036 2350 lsraelem
1058 2329 1121 2350 non
1147 2318 1269 2349 viribus

309 2365 469 2400 humanis,
503 2374 564 2393 uon
589 2364 697 2399 armis,
729 2373 793 2393 non
818 2362 889 2393 aliis
913 2361 1089 2402 praesidiis,
1121 2361 1177 2392 scd
1201 2360 1269 2392 sola

310 2408 369 2439 Dei
395 2408 515 2437 virtute
539 2412 718 2437 servatum:
749 2414 780 2435 et
805 2411 964 2445 prostrato
989 2410 1054 2435 tam
1078 2403 1270 2435 miraculosa
1294 2398 1297 2422 ⁴

310 2450 442 2481 victoria
456 2448 610 2480 Goliatho
633 2449 816 2487 cognituros
840 2448 997 2488 reliquam
1022 2447 1163 2478 hostium
1187 2451 1267 2478 stra-

310 2503 381 2531 gem
406 2503 473 2523 csse
497 2502 515 2521 a
540 2492 688 2522 Domino.

394 2535 485 2574 Quae
510 2533 660 2573 deinceps
685 2533 781 2564 verba
804 2538 991 2572 sequuntur,
1016 2532 1115 2563 alium
1139 2541 1269 2563 sensum

311 2577 444 2608 habeut:
482 2576 523 2607 Ee
546 2577 663 2607 noverit
684 2577 829 2607 universa
851 2575 974 2607 ecclesia
994 2574 1077 2615 llaec,
1108 2575 1184 2614 quia
1210 2584 1270 2605 non

310 2621 343 2650 in
363 2620 476 2660 eladio,
506 2629 559 2650 nec
590 2620 623 2650 in
645 2619 734 2650 hasta
756 2619 855 2649 salvat
877 2618 1043 2649 Dominus.
1090 2617 1270 2649 Ecclesiam

311 2672 409 2702 quum
434 2662 509 2693 dicit
539 2662 693 2702 populum
717 2661 848 2693 Israelis
877 2660 1040 2701 intelligit,
1071 2671 1106 2692 ac
1136 2658 1270 2700 proinde

1111 211 1316 245 HOMILIA
1338 213 1465 245 LXIV.

2220 215 2283 248 236

1317 308 1415 338 aliam
1437 313 1527 338 notat
1546 308 1737 348 cognitionis
1758 309 1817 339 Dei
1840 309 1987 348 speeiem,
2013 308 2052 339 ab
2076 307 2131 339 illa
2155 307 2193 340 de
2214 320 2278 349 qua

1317 350 1442 390 loquuti
1465 361 1576 381 sumus
1601 351 1695 391 longe
1725 351 1896 382 diversam.
1942 350 2026 382 Nam
2056 351 2141 382 caeci
2172 351 2278 383 iucre-

1317 392 1384 423 duli
1409 393 1507 423 veluti
1531 393 1691 433 palpando
1715 400 1929 434 cognoscunt:
1963 393 2018 424 sed
2050 393 2160 425 fideles
2183 399 2277 433 prout

1317 446 1335 466 a
1360 436 1420 466 Dei
1444 435 1559 476 spiritu
1583 436 1822 468 illuminantur:
1856 447 1891 467 ae
1921 435 2057 476 proinde
2086 442 2118 467 et
2141 446 2276 477 eognos-

1316 484 1394 509 euut
1417 485 1448 509 et
1472 479 1618 519 persuasi
1642 485 1726 516 sunt,
1758 490 1821 510 non
1845 478 1978 511 confusa
2001 479 2108 519 aliqua
2131 479 2278 517 scientia,

1317 522 1372 552 sed
1395 527 1483 552 certo
1507 521 1642 562 spiritus
1665 522 1855 559 testimonio,
1887 521 1993 552 Deum
2017 532 2087 552 esse
2110 527 2278 562 potentem

1317 563 1356 594 ad
1381 574 1455 595 suos
1480 563 1724 605 protegendum,
1755 571 1786 596 et
1817 566 1847 595 in
1874 565 2009 595 summis
2031 564 2278 596 difficultatibus

1317 606 1548 643 adiuvandum.
1571 607 1631 638 etsi
1655 617 1757 647 neque
1781 607 1912 647 gladios„
1936 617 2037 647 neque
2061 607 2198 645 lanceas,
2222 617 2278 638 ne-

1318 660 1379 689 que
1411 649 1473 680 alia
1503 649 1647 681 humana
1670 650 1829 690 praesidia
1852 649 2011 681 adhibeat.
2057 649 2279 689 Quamobrem

1320 693 1424 723 Deum
1444 702 1674 733 cognoscamus
1695 703 1759 724 non
1779 694 1919 730 confuse,
1939 692 1994 724 sed
2015 703 2054 724 ex
2074 693 2128 723 illo
2148 692 2279 733 speciali

1318 735 1489 775 privilegio
1513 734 1595 775 quod
1615 735 1706 767 nobis
1724 735 1870 776 largitur,
1889 735 2018 776 quando
2038 746 2107 767 sese
2125 735 2160 766 in
2183 735 2280 767 verbo

1318 778 1481 817 patefacit,
1513 784 1544 809 et
1573 788 1664 810 suam
1696 779 1833 820 gratiam
1861 789 1919 818 per
1948 778 2099 818 spiritum
2130 779 2163 809 in
2187 779 2279 810 nobie

1318 821 1475 861 obsignat.
1522 821 1605 852 Nam
1637 822 1696 853 etsi
1721 821 1822 852 virtus
1845 821 1947 861 ipsius
1970 821 2159 852 universum
2183 831 2275 852 mun-

1318 863 1393 894 dum
1419 863 1576 904 pertingit
1599 874 1662 904 qua
1684 874 1753 895 sese
1771 864 1920 895 omnibus
1939 864 2099 903 patefacit,
2123 864 2188 895 imo
2207 863 2278 895 sine

1317 907 1574 938 extraordinaria
1593 907 1660 938 ulla
1679 906 1728 938 vel
1742 906 1932 938 miraculosa
1951 907 2106 946 potentia,
2116 906 2176 944 sol,
2192 905 2280 948 luna,

1318 949 1431 980 stellae
1454 954 1487 980 et.
1516 950 1623 981 omnia
1654 949 1834 982 istiusmodi
1863 960 1958 989 opera
1988 949 2179 980 admiranda
2209 949 2279 981 suis

1317 992 1486 1024 effectibus
1518 993 1598 1023 satis
1626 1002 1784 1033 superque
1815 992 1999 1032 praedicant
2018 992 2080 1023 Dei
2099 993 2279 1033 potentiam

1318 1036 1518 1073 immensam,
1541 1035 1810 1075 quemadmodum
1832 1041 1864 1066 et
1887 1035 1927 1066 D.
1948 1035 2070 1066 Paulus
2093 1036 2146 1075 ait,
2171 1035 2280 1068 Deum

1318 1088 1383 1109 non
1406 1078 1574 1118 reliquisse
1597 1088 1631 1109 se
1654 1079 1724 1110 sine
1746 1078 1937 1115 testimonio,
1970 1088 2067 1118 quum
2100 1078 2225 1109 eoelum
2247 1083 2280 1111 et

1317 1126 1437 1152 terram
1468 1121 1599 1158 creavit,
1631 1127 1663 1152 et
1693 1126 1828 1153 naturae
1857 1120 2001 1152 ordinem
2031 1127 2212 1160 conservat,
2235 1132 2279 1154 -ac

1317 1163 1453 1204 proinde
1476 1163 1625 1196 homines
1648 1163 1855 1204 quantumvis
1884 1173 1993 1194 caecos
2024 1174 2063 1194 ex
2094 1164 2164 1195 istis
2186 1174 2280 1205 posse

1318 1206 1419 1237 veluti
1453 1206 1612 1247 palpando
1650 1208 1771 1239 sentire
1801 1206 1907 1238 Deum
1942 1206 2031 1237 nobis
2066 1213 2279 1246 praesentem,

1319 1249 1451 1289 eiusque
1481 1250 1634 1281 virtutem
1658 1261 1676 1281 a
1699 1250 1794 1282 coelis
1826 1250 1858 1280 in
1888 1249 1949 1280 ista
1979 1249 2131 1280 inferiora
2154 1249 2279 1290 pertin·

1319 1302 1403 1332 gere,
1428 1296 1459 1323 et
1482 1292 1515 1323 in
1540 1292 1632 1325 nobis
1660 1293 1739 1333 ipsis
1769 1292 1928 1324 efficacem
1960 1302 2040 1330 esse,
2071 1292 2154 1332 quod
2185 1293 2217 1323 in
2241 1302 2280 1324 ea

1319 1335 1430 1372 simus,
1454 1345 1643 1367 moveamur
1666 1342 1698 1367 et
1719 1336 1881 1373 vivamus;
1911 1334 2025 1375 quibus
2055 1335 2152 1366 etiam
2176 1334 2279 1367 adiice

1319 1377 1476 1409 miracula
1511 1383 1542 1409 et
1572 1378 1793 1410 memorabilia
1821 1378 1906 1410 faeta
1939 1378 2056 1418 quibus
2089 1387 2159 1409 sese
2193 1377 2280 1409 clare

1318 1421 1480 1461 patefacit,
1503 1426 1539 1452 ut
1562 1431 1672 1453 omnes
1695 1421 1890 1454 commoveri
1913 1426 1944 1452 et
1966 1425 2097 1460 stupere
2116 1420 2171 1451 illa
2189 1430 2280 1461 opor-

1319 1468 1392 1501 teat,
1416 1463 1509 1495 multi
1533 1468 1642 1495 tamen
1665 1465 1895 1505 obstupescunt
1913 1468 1945 1495 et
1963 1463 2025 1494 ista
2048 1473 2112 1494 nou
2132 1462 2279 1494 animad-

1318 1511 1462 1545 vertunt,
1497 1506 1669 1547 Deumque
1697 1518 1736 1539 ex
1765 1507 1830 1538 illis
1864 1511 1900 1538 ut
1932 1511 2055 1546 oportet
2087 1516 2279 1546 cognoscere

1319 1560 1382 1580 non
1406 1549 1544 1581 discunt.
1579 1550 1645 1581 Nos
1668 1550 1768 1591 igitur
1791 1550 1852 1581 alia
1875 1549 2011 1590 quadam
2031 1548 2155 1580 ratione
2171 1548 2279 1580 Deum

1318 1602 1508 1633 cognoscere
1532 1592 1703 1625 diseamus.
1749 1593 1919 1634 Quaenam
1950 1602 2026 1623 vero
2056 1591 2185 1622 tandem
2217 1592 2280 1623 ista

1319 1634 1388 1666 est?
1434 1635 1568 1676 Nempe,
1600 1640 1636 1667 nt
1658 1647 1716 1667 nos
1740 1637 1824 1677 ipsos
1849 1635 2019 1676 diligenter
2041 1635 2224 1666 intueamur
2247 1640 2280 1665 et

1319 1677 1536 1718 exploremus,
1567 1689 1603 1710 ae
1633 1679 1795 1711 miseriam
1825 1678 1859 1709 in
1883 1687 1978 1718 quam
2003 1677 2141 1708 demersi
2165 1687 2278 1708 sumus

1318 1730 1541 1761 agnoscamus,
1566 1726 1597 1752 et
1620 1722 1654 1753 iu
1676 1732 1770 1762 quam
1795 1721 1939 1758 subinde,
1964 1720 2027 1752 nisi
2050 1719 2140 1751 Deus
2163 1720 2281 1751 retine-

1292 1770 1377 1801 .ret,
1409 1762 1649 1795 delaberemur:
1683 1764 1798 1796 deindo
1832 1763 1986 1796 beneficia
2021 1773 2102 1802 quae
2137 1762 2176 1794 ab
2209 1763 2279 1803 ipso

1320 1807 1502 1846 accepimus
1525 1807 1580 1838 uni
1603 1807 1650 1838 illi
1673 1813 1802 1848 accepta
1825 1808 1974 1844 feramus,
2006 1811 2214 1845 nostramque
2243 1805 2279 1837 in

1319 1850 1387 1889 ipso
1410 1848 1560 1880 fiduciam
1592 1860 1720 1882 omnem
1750 1850 1951 1887 collocemus,
1983 1854 2014 1880 et
2045 1849 2079 1879 in
2109 1848 2212 1888 ipsius
2239 1848 2279 1879 ti-

1319 1902 1408 1923 more
1438 1891 1650 1932 ambulemus,
1680 1903 1817 1934 eumque
1848 1894 1973 1924 sineere
2000 1901 2040 1922 ex
2073 1891 2164 1922 verbi
2187 1900 2280 1931 prae-

1319 1935 1437 1974 scripto
1465 1935 1625 1967 colamus:
1659 1935 1915 1977 quandoquidem
1946 1934 2046 1975 ipsius
2076 1943 2198 1971 sumus,
2229 1933 2281 1964 vi-

1319 1984 1449 2017 tamque
1471 1983 1504 2008 et
1522 1978 1676 2019 quidquid
1697 1978 1853 2011 habemus
1873 1978 1929 2009 uni
1952 1978 2014 2017 ipsi
2033 1976 2196 2008 debemus.
2228 1975 2281 2007 Eu

1319 2030 1381 2060 qua
1403 2020 1529 2052 ratione
1559 2022 1739 2053 certissima
1768 2027 1800 2053 et
1823 2032 1887 2053 non
1912 2020 2008 2051 dubia
2033 2019 2121 2051 Deus
2144 2028 2279 2059 eognos-

1293 2064 1295 2092 ἑ
1319 2063 1439 2094 condus
1462 2068 1520 2103 est,
1545 2073 1638 2104 quam
1663 2063 1820 2096 increduli
1844 2074 1908 2095 non
1932 2062 2068 2094 habent:
2099 2072 2162 2102 qua
2184 2062 2221 2092 fit
2244 2065 2282 2092 ut

1320 2106 1400 2136 altas
1423 2105 1454 2136 in
1480 2105 1571 2137 nobis
1594 2106 1717 2139 radices
1739 2112 1814 2148 agat
1837 2106 1898 2138 Dei
1922 2106 2027 2142 timor,
2052 2109 2083 2136 et
2104 2110 2216 2144 sponte
2239 2101 2281 2134 ad

1321 2148 1381 2178 Dei
1406 2149 1593 2188 obsequium
1618 2161 1677 2182 nos
1701 2154 1888 2190 componat:
1912 2158 2046 2188 eamque
2070 2147 2103 2178 in
2127 2146 2218 2178 nobis
2241 2145 2280 2177 de

1321 2191 1389 2230 ipso
1420 2191 1571 2222 fiduciam
1601 2197 1734 2232 generet
1762 2198 1798 2224 ut
1821 2191 1860 2224 ab
1882 2192 1952 2232 ipso
1975 2191 2008 2221 in
2033 2188 2281 2221 difficultatibus

1322 2233 1486 2272 auxilium,
1516 2240 1547 2265 et
1578 2236 1709 2267 tandem
1739 2235 1836 2267 etiam
1866 2239 2029 2266 aeternam
2062 2232 2199 2263 salutem
2223 2241 2280 2263 ex-

1322 2284 1519 2315 spectemus:
1575 2279 1759 2319 gratiasque
1805 2275 2002 2309 immortales
2042 2275 2080 2306 de
2128 2275 2279 2306 omnibus

1322 2319 1458 2357 acceptis
1482 2319 1520 2350 ab
1544 2320 1613 2360 ipso
1637 2320 1800 2353 beneficiis
1823 2330 1965 2361 agamus.
2010 2317 2103 2349 Hauc
2122 2318 2222 2358 igitur
2240 2316 2280 2348 ob

1321 2371 1448 2391 causam
1475 2362 1557 2392 dixit
1582 2362 1706 2395 David:
1731 2363 1773 2395 Et
1795 2364 1894 2395 omnis
1916 2361 1987 2393 haec
2009 2360 2133 2392 ecclesia
2155 2360 2282 2398 noverit,

1321 2404 1396 2442 quia
1423 2414 1478 2435 non
1515 2405 1549 2436 *in
1576 2405 1683 2445 yladio
1713 2417 1764 2438 nec
1790 2406 1827 2438 -in
1855 2405 1945 2436 hasta
1977 2403 2077 2435 salvat
2109 2403 2282 2435 Dominus:

1321 2456 1418 2485 quum
1443 2452 1538 2477 autea
1561 2447 1752 2481 Goliathum
1777 2449 1943 2489 alloquens
1974 2445 2115 2483 dixisset,
2148 2448 2179 2476 ut
2205 2445 2284 2477 sciat

1321 2489 1420 2519 omnis
1443 2491 1525 2520 terra
1547 2491 1622 2529 quia
1645 2494 1688 2523 est
1710 2492 1798 2523 Deus
1821 2492 1853 2522 in
1877 2489 1985 2526 Israel,
2017 2489 2099 2529 quod
2131 2489 2187 2520 illa
2209 2498 2282 2529 cog-

1322 2530 1400 2561 nitio
1424 2533 1550 2571 p1·opi·ia
1570 2534 1611 2564 sit
1634 2534 1788 2566 eeclesiae
1801 2533 1879 2565 Dei:
1903 2532 1983 2563 haec
2005 2531 2153 2563 omnibus
2176 2531 2282 2563 incre-

1322 2572 1406 2604 dulis
1434 2575 1527 2605 etiam
1559 2578 1748 2608 eommunis.
1794 2576 1874 2608 Inde
1904 2575 2010 2614 itaque
2042 2574 2204 2606 discamus
2227 2583 2283 2605 ve-

1322 2627 1389 2646 ram
1415 2615 1475 2647 Doi
1501 2618 1647 2649 notitiam
1672 2619 1799 2657 habere,
1831 2622 1862 2650 et
1883 2617 1918 2649 in
1940 2617 1996 2648 illa
2018 2627 2113 2648 omne
2136 2623 2283 2648 nostrum

1323 2657 1464 2690 studium
1493 2659 1654 2700 adhibere,
1685 2667 1722 2693 ut
1750 2672 1808 2703 par
1838 2665 1895 2700 est,
1923 2666 1955 2691 ot
1985 2666 2080 2701 prout
2103 2660 2171 2700 ipse
2193 2659 2285 2691 Deus
