2551 3044
366 220 422 251 ‘291
1179 207 1382 240 nomam
1406 204 1534 237 LXIX.
2278 203 2340 234 292

369 311 550 345 inducendo
574 320 592 340 a
616 308 732 348 quibus
755 307 870 338 structi
896 306 1036 336 fueraut:
1062 301 1331 342 quemadmodum

370 362 401 387 et
425 355 486 385 alio
506 354 574 384 loeo
598 352 631 382 in
653 350 791 381 Psalmis
813 348 969 390 propheta
989 345 1074 381 dicit,
1098 345 1212 385 impios
1233 345 1333 376 fossas

371 398 488 429 multas
522 400 719 426 ex‹·avantes
753 399 783 422 et
820 393 947 431 laqueos
982 394 1154 425 nectentes,
1196 388 1229 418 in
1263 387 1333 418 illos

371 439 494 471 dandos
526 448 595 469 esse
625 436 827 476 praecipites,
858 443 983 464 summa
1007 441 1078 462 cum
1103 431 1280 471 ignominia
1303 434 1335 461 et

371 482 565 514 confusione.
612 480 714 510 Porro
740 476 843 508 David
868 487 930 507 non
956 479 1177 505 commovetur
1200 474 1334 504 istorum

372 535 528 559 sermone,
554 532 656 562 neque
681 521 725 551 illi
749 520 813 551 tale
832 518 1072 550 matrimonium
1092 517 1256 557 probatur,
1280 515 1335 547 sed

372 572 595 608 paupertatem
638 564 808 604 gentisque
842 572 878 592 ac
919 560 1059 590 familiae
1100 558 1335 599 ignobilitatem

373 611 490 646 obiicit,
521 618 601 649 quae
632 608 735 646 ipsum
768 616 786 637 a
817 605 872 635 tali
897 603 1055 643 dignitate
1086 601 1197 642 procul
1221 607 1336 637 arceat,

375 653 452 684 satis
485 651 631 684 conscius
667 648 812 689 repulsae
846 657 939 687 quam
975 650 1043 676 erat
1072 644 1136 674 iam
1167 645 1199 674 in
1231 644 1337 684 priore

375 696 442 727 tilia
470 704 591 735 passus.
639 693 686 723 Ac
716 702 793 722 sane
821 688 997 720 verisimile
1028 693 1077 725 est
1102 687 1260 718 Davidem
1289 697 1337 716 re·

376 739 499 779 pulsam
525 745 653 777 passum
678 734 829 765 abiecisse,
852 733 995 763 animum
1021 736 1053 760 et
1076 741 1094 760 a
1113 730 1234 770 nuptiis
1253 729 1338 760 filiae

376 781 462 822 regis
486 779 667 814 abstulisse,
691 783 722 808 et
742 777 821 807 tales
840 775 978 805 honores
998 773 1087 804 flocci
1107 774 1233 810 fecisse;
1257 782 1338 812 quae

376 835 454 855 sane
478 823 536 853 suit
562 820 698 860 insignis
723 818 859 849 Davidis
884 819 995 847 virtus.
1041 815 1123 846 Nam
1148 815 1227 846 alias
1251 814 1338 846 vide-

379 877 450 897 mus
470 876 532 905 quo
556 863 665 895 studio
688 862 878 902 plerumque
901 864 1089 890 exaestuant
1113 858 1247 898 ignobili
1271 857 1339 888 loco

378 916 408 939 et
427 918 569 949 paupere
589 906 668 941 nati,
692 906 717 935 si
737 916 792 944 spe
812 903 980 943 dignitatis
1000 901 1165 932 excidant:
1189 906 1220 931 et
1240 911 1339 940 quan-

379 957 489 991 topere
513 950 579 981 suis
604 948 771 980 affectibus
791 946 989 985 indulgeant,
1013 950 1049 974 ut
1068 953 1251 983 quanquam
1272 943 1339 974 ani-

379 993 585 1025 madvertant
621 991 726 1022 Deum
770 991 912 1029 ipsorum
956 987 1089 1018 consilia
1123 987 1272 1027 frangere
1310 991 1341 1015 et

381 1037 508 1067 irritum
539 1035 681 1066 laborem
712 1033 826 1069 facere,
857 1042 920 1062 non
953 1036 1062 1061 tamen
1085 1029 1234 1060 desinant
1257 1027 1340 1069 quod

381 1080 488 1110 animo
512 1077 610 1109 semel
636 1081 848 1115 susceperunt
873 1073 1035 1113 persequi:
1061 1076 1092 1103 ct
1114 1071 1342 1112 cupiditatibus

382 1121 540 1153 dominari
572 1126 750 1159 nequeant,
779 1127 882 1157 neque
914 1115 1083 1147 affectibus
1106 1115 1280 1152 moderari;
1311 1119 1343 1144 et

381 1165 407 1195 si
433 1165 492 1195 hac
517 1174 580 1193 non
604 1161 757 1193 successit
780 1160 841 1190 alia
861 1159 1093 1199 aggrediantur
1113 1158 1176 1195 via,
1200 1162 1235 1188 ut
1253 1157 1341 1197 quasi

382 1207 452 1238 Dco
483 1207 587 1237 invito
612 1205 711 1236 velint
734 1203 772 1233 ad
797 1203 960 1238 fastigium
985 1212 1046 1241 quo
1072 1201 1208 1231 tendunt
1231 1210 1342 1240 perve-

382 1250 463 1281 nire.
510 1249 632 1279 Verum
658 1245 838 1277 istiusmodi
863 1244 1010 1275 homines
1033 1244 1156 1274 frustra
1178 1254 1247 1274 sese
1270 1242 1341 1274 fat-i-

383 1299 469 1333 gant,
494 1297 525 1322 et
549 1292 666 1321 multos
689 1290 721 1319 in
746 1298 867 1319 vanum
892 1287 1016 1318 labores
1040 1286 1229 1326 suscipiunt,
1259 1284 1342 1326 quod

384 1346 488 1375 neque
520 1334 586 1365 suis
615 1332 783 1363 affectibus
812 1330 983 1368 moderari,
1018 1340 1122 1369 neque
1144 1339 1178 1360 se
1202 1328 1263 1360 Dei
1287 1339 1342 1359 vo—

384 1377 500 1409 luntati
532 1376 689 1407 subiicere
724 1374 857 1414 possint.
910 1373 998 1404 Hinc
1032 1373 1140 1412 itaque
1174 1371 1343 1407 discamus,

384 1421 454 1451 Deo
482 1430 546 1451 non
577 1418 786 1459 permittente
815 1421 852 1447 ut
874 1416 941 1447 voti
965 1415 1110 1453 alicuius,
1139 1413 1224 1454 quod
1247 1415 1343 1445 etiam

386 1464 476 1494 bonis
500 1461 678 1493 rationibus
703 1460 875 1497 nitebatur,
898 1458 1015 1489 fiamus
1038 1462 1211 1497 compotes,
1242 1457 1345 1497 quies-

384 1516 465 1542 cere,
485 1509 714 1545 cognoscentes
728 1502 833 1533 Deum
855 1501 942 1532 nolle
960 1511 1018 1532 nos
1032 1500 1169 1531 ulterius
1181 1499 1344 1541 progredi:

385 1557 485 1588 quare
516 1547 642 1586 incepto
666 1545 867 1582 desistamus,
901 1548 933 1575 et
966 1543 1084 1574 nostris
1118 1542 1345 1583 cupiditatibus

387 1590 604 1622 resistendum
629 1591 782 1624 norimus,
807 1592 839 1618 et
857 1597 910 1618 eas
932 1585 1115 1623 domandas,
1141 1590 1176 1616 ut
1197 1586 1266 1616 Deo
1290 1595 1347 1616 nos

387 1639 501 1674 sponte
531 1632 747 1667 subiici-amus,
779 1635 809 1661 et
839 1630 878 1660 ad
908 1630 1008 1669 ipsius
1029 1628 1198 1659 arbitrium
1222 1637 1347 1668 compo-

388 1686 511 1706 namus.
558 1675 665 1705 Huius
689 1674 733 1704 rei
754 1672 937 1713 exemplum
962 1676 1012 1702 est
1037 1671 1152 1708 David,
1174 1671 1228 1711 qui
1248 1681 1346 1711 quum

388 1718 427 1750 ad
459 1717 546 1748 filiae
575 1717 659 1757 regis
694 1716 823 1755 nuptias
857 1715 1000 1745 animum
1035 1713 1250 1754 applicuisset,
1284 1723 1348 1744 non

389 1761 518 1801 quidem
544 1770 612 1790 sese
636 1759 720 1789 ultro
744 1759 904 1798 ingerens,
937 1756 992 1788 sed
1016 1757 1100 1787 ultro
1123 1767 1142 1787 a
1170 1766 1246 1797 rege
1276 1766 1348 1796 pro-

389 1805 486 1834 missa
510 1803 568 1842 ipsi
594 1802 668 1840 filia,
698 1806 730 1831 et
752 1801 823 1840 ipsa
852 1800 948 1830 etiam
969 1799 1213 1839 desponsatione
1236 1799 1351 1830 confir-

389 1852 487 1885 mata,
510 1844 723 1876 nihilominus
743 1848 849 1873 tamen
870 1842 1031 1882 repulsam
1052 1852 1164 1882 passus
1183 1847 1239 1872 est.
1264 1840 1350 1880 Quid

390 1889 444 1919 ille
476 1887 575 1918 vero?
611 1886 680 1917 Nae
710 1886 901 1925 denegatam
934 1886 1003 1915 iure
1033 1890 1157 1924 poterat
1181 1895 1238 1915 suo
1262 1894 1351 1924 repe-

391 1938 474 1962 tere:
505 1930 559 1961 sed
585 1930 617 1960 in
643 1939 723 1969 quas
746 1939 780 1959 se
804 1928 1009 1958 difficultates
1032 1926 1241 1958 coniecisset?
1272 1936 1352 1966 quas

392 1984 501 2005 cruces
525 1972 585 2004 sibi
610 1970 758 2003 fixisset?
787 1981 867 2011 quos
890 1970 1018 2008 inferos,
1041 1980 1121 2009 quas
1145 1970 1244 2000 furias
1267 1969 1353 2000 exci-

392 2015 515 2048 tasset?
541 2014 605 2047 Sed
628 2024 747 2054 magna
771 2014 804 2044 in
829 2012 883 2043 illo
908 2014 1010 2043 virtus
1033 2012 1151 2043 multas
1170 2017 1201 2042 et
1220 2022 1354 2052 magnas

392 2058 602 2090 difficultates
625 2057 800 2097 superavit.
845 2055 1019 2094 Quiescere
1049 2054 1161 2085 maluit
1189 2065 1284 2095 quam
1308 2060 1355 2084 tot.

393 2101 555 2133 laboribus
593 2101 644 2131 ius
683 2110 776 2131 suum
811 2098 979 2130 redimere.
1030 2097 1141 2136 Quare
1175 2107 1354 2128 sermonem

394 2144 612 2176 iniicientibus
636 2142 674 2173 de
698 2142 800 2172 altera
822 2141 898 2178 filia,
922 2146 1144 2181 paupertatem
1169 2150 1258 2171 suam
1279 2139 1356 2170 obii-

399 2188 452 2224 cit,
481 2193 513 2217 et
537 2185 641 2227 gentis
664 2184 910 2225 ignobilitatem,
941 2193 977 2214 ac
998 2184 1082 2214 vitae
1106 2183 1260 2222 pristinae
1283 2193 1356 2213 cou-

401 2230 564 2266 ditionem,
602 2238 665 2268 qua
698 2238 732 2259 se
765 2231 952 2258 contentum
987 2226 1031 2257 ait
1065 2225 1160 2256 malle
1194 2226 1356 2266 privatum

400 2273 521 2310 vivere,
545 2278 576 2302 et
600 2270 638 2302 ad
662 2270 772 2301 ovium
792 2275 882 2309 septa
905 2267 1020 2306 redire,
1044 2278 1138 2308 quam
1158 2268 1241 2307 regis
1261 2267 1357 2298 filiam

402 2315 534 2353 ambire,
564 2320 596 2344 et
625 2323 698 2344 cum
723 2316 908 2352 contemptu
932 2311 1094 2351 repulsam
1118 2311 1193 2350 pati,
1223 2315 1255 2340 et
1279 2309 1359 2341 ludi-

400 2358 469 2390 brio
492 2356 612 2388 haberi.

489 2401 588 2431 Porro
610 2398 690 2431 Saul
722 2396 832 2429 audito
856 2396 993 2428 Davidis
1014 2405 1166 2436 responso
1187 2395 1282 2427 iussit
1304 2405 1361 2435 per

402 2442 624 2474 internuncios
647 2441 719 2472 illos
743 2440 804 2480 ipsi
826 2439 948 2478 referri,
980 2449 1088 2480 regem
1118 2437 1239 2469 nullam
1264 2437 1359 2469 aliam

401 2496 533 2526 poscere
565 2484 670 2515 dotem
702 2494 797 2523 quam
822 2489 951 2514 centum
976 2481 1147 2512 interficiat
1169 2480 1361 2512 Philistaeos

402 2538 539 2569 quorum
565 2527 603 2558 ad
629 2536 736 2566 regem
761 2526 843 2556 ferat
865 2524 1042 2565 praeputia.
1076 2523 1142 2555 Sed
1165 2523 1362 2564 impossibile

401 2570 489 2603 istud
522 2569 642 2600 Davidi
673 2570 740 2600 sore
768 2567 982 2605 existimabat,
1016 2572 1048 2598 et
1076 2573 1181 2597 tamen
1212 2565 1361 2606 quoniam

402 2614 494 2645 fortis
517 2617 586 2643 erat
610 2616 642 2643 ct
663 2611 891 2652 magnanimus
913 2620 980 2641 rem
1001 2619 1240 2651 aggressurum,
1263 2613 1296 2639 et
1318 2609 1362 2639 ita

402 2656 436 2687 in
456 2655 707 2686 Philistaeorum
727 2658 915 2694 potestatem
935 2657 1110 2684 venturum
1124 2661 1160 2683 ac
1172 2651 1360 2692 periturum.

1385 300 1475 331 Haec
1499 297 1609 329 Saulis
1639 297 1770 328 fuerunt
1800 296 1942 334 consilia,
1973 295 2089 336 quibus
2118 296 2277 328 Davidem
2309 299 2340 328 in

1385 341 1563 383 periculum
1588 340 1700 371 mortis
1723 340 1878 372 coniicere
1898 339 2033 377 volebat,
2055 340 2196 379 specioso
2214 340 2340 380 quidem

1386 391 1566 426 praetextu,
1596 382 1649 413 sed
1674 382 1781 414 doloso
1812 389 1929 413 tamen.
1975 382 2262 413 Verumenimvero
2296 393 2342 414 se-

1386 438 1458 459 cum
1490 427 1548 457 bas
1580 426 1721 457 rationes
1757 427 1873 457 frustra
1908 425 2049 464 deputat,
2082 425 2340 465 quandoquidem

1387 471 1477 501 Deus
1505 479 1603 509 penes
1634 479 1666 499 sc
1695 469 1900 500 consiliorum
1928 468 2060 498 istorum
2084 468 2206 498 exitum
2230 469 2344 498 retine-

1389 514 1459 543 bat:
1483 512 1571 542 solus
1594 511 1679 541 euim
1703 521 1759 551 pro
1782 511 1914 542 arbitrio
1938 511 2020 550 regit
2043 517 2071 541 et
2096 511 2254 551 gubernat
2277 520 2344 541 om-

1389 557 1451 586 nia.
1497 554 1621 585 Idcirco
1655 554 1749 584 etiam
1785 553 1938 585 Solomon
1974 553 2050 584 dicit
2085 553 2230 584 homines
2263 553 2344 584 inire

1389 598 1492 629 multa
1515 596 1656 631 consilia,
1680 595 1734 627 sed
1759 596 1863 627 Deum
1887 596 1941 626 illa
1965 595 2149 635 disponere:
2172 595 2249 627 adeo
2273 597 2345 636 qui-

1390 641 1461 672 dem
1486 646 1521 671 ut
1544 650 1606 670 non
1630 638 1723 669 modo
1745 639 1810 670 sint
1834 639 1887 669 illa
1911 639 2001 669 irrita
2024 639 2140 675 omnia,
2171 639 2225 670 sed
2249 640 2343 670 etiam

1391 689 1425 715 ut
1451 694 1490 714 ne
1514 683 1658 723 linguam
1688 681 1814 721 quidem
1838 691 1967 712 movere
1991 681 2123 721 possint,
2155 683 2224 713 sine
2247 682 2346 722 ipsius

1391 727 1564 757 voluntate.
1590 724 1819 755 Verumtamen
1840 735 1876 755 ea
1898 731 1945 754 est
1970 724 2137 754 hominum
2160 724 2347 765 arrogantia

1390 775 1421 800 et
1452 768 1625 803 temeritas,
1658 772 1692 797 ut
1722 766 1779 797 sibi
1808 766 2021 807 persuadeant
2050 777 2084 797 se
2107 767 2138 797 in
2163 778 2259 798 manu
2284 767 2346 798 Dei

1391 811 1567 852 potentiam
1599 809 1730 840 habere:
1755 810 1838 849 quod
1863 810 1975 840 vitium
2008 820 2070 840 non
2095 815 2221 840 tantum
2243 810 2274 840 in
2298 820 2346 840 re-

1391 855 1485 896 gibus
1509 859 1539 884 ct
1563 851 1760 893 principibus
1782 852 1885 884 locum
1912 852 2017 889 habet,
2041 851 2095 883 sed
2119 861 2228 883 omnes
2251 852 2347 883 etiam

1391 899 1613 935 cuiuscunque
1636 895 1702 925 sint
1724 895 1844 926 ordinis
1867 901 1899 926 et
1922 894 2113 926 conditionis
2138 895 2284 926 homines
2303 894 2351 925 in-

1394 940 1486 971 vasit.
1537 939 1733 970 Mercatores
1760 938 1860 969 maria
1891 943 2030 973 tranant,
2065 937 2102 968 ad
2136 944 2349 969 mercaturam

1393 981 1616 1017 exercendam,
1641 980 1787 1019 diemque
1806 980 1927 1012 reditus
1946 981 1994 1011 sui
2019 981 2137 1016 dieunt,
2161 981 2250 1020 quasi
2269 980 2348 1010 nihil

1394 1027 1478 1066 ipsos
1503 1030 1608 1064 posset
1631 1024 1792 1054 remorari.
1826 1024 1892 1055 Alii
1917 1023 2053 1063 denique
2077 1023 2114 1054 de
2139 1022 2199 1055 hoc
2224 1022 2273 1054 vel
2296 1022 2351 1054 illo

1395 1070 1571 1108 disponunt
1601 1066 1735 1106 negotio,
1767 1072 1804 1097 ut
1831 1077 1925 1097 nemo
1955 1072 2020 1096 tam
2051 1067 2193 1097 abiectus
2217 1066 2268 1102 sit,
2298 1066 2351 1106 qui

1395 1122 1458 1142 non
1494 1109 1576 1149 quod
1612 1110 1719 1140 animo
1753 1109 1895 1149 concepit
1925 1108 2012 1145 velit,
2049 1115 2200 1149 tanquam
2233 1109 2264 1139 in
2295 1117 2353 1139 sua

1395 1159 1553 1195 potestate
1570 1152 1676 1182 Deum
1698 1152 1837 1187 haberet,
1857 1152 2018 1191 perficere.
2044 1150 2106 1183 Sed
2127 1157 2239 1182 contra
2257 1151 2352 1182 etiam

1395 1202 1527 1237 apparet
1552 1194 1708 1235 quomodo
1732 1194 1822 1225 Deus
1845 1200 1963 1225 tantam
1990 1194 2155 1225 homiuum
2180 1194 2352 1225 stultitiam

1396 1240 1512 1271 rideat:
1549 1237 1736 1277 praesertim
1766 1247 1862 1277 quum
1894 1247 1931 1268 ea
1964 1237 2095 1268 consilia
2126 1237 2238 1268 ineunt
2271 1246 2353 1277 quae

1395 1283 1469 1313 licet
1500 1281 1588 1311 Deus
1622 1280 1780 1320 improbat
1809 1285 1841 1311 et
1870 1279 2072 1317 condemnat,
2101 1280 2215 1310 volunt
2245 1284 2354 1310 tamen

1395 1326 1555 1365 perficere.
1601 1323 1684 1354 Nam
1715 1322 1971 1363 quandoquidem
2001 1322 2155 1353 adversus
2179 1323 2284 1362 ipsum
2307 1322 2355 1352 in-

1397 1373 1546 1408 surgunt,
1571 1366 1658 1406 quid,
1681 1375 1807 1405 quaes0,
1831 1366 1961 1396 tandem
1986 1364 2248 1406 promovebunt?
2273 1364 2355 1396 Con-

1397 1411 1541 1450 spicuam
1572 1407 1659 1440 istud
1689 1408 1835 1448 exemplo
1864 1407 1980 1445 Saulis,
2011 1408 2063 1448 qui
2093 1413 2127 1438 ut
2150 1407 2227 1448 dixi,
2256 1417 2354 1448 quum

1397 1463 1504 1485 secum
1524 1463 1597 1483 suas
1620 1451 1760 1482 rationes
1790 1451 1894 1489 iniret,
1925 1457 1957 1481 et
1979 1451 2043 1481 iam
2067 1456 2212 1491 speraret
2234 1461 2267 1481 se
2290 1449 2356 1480 Da-

1398 1496 1503 1526 videm
1528 1496 1560 1525 in
1580 1498 1724 1533 apertam
1743 1498 1877 1525 mortem
1896 1494 2077 1527 coniecisse.
2101 1500 2133 1524 et
2151 1493 2356 1524 innocentem

1399 1539 1556 1575 obruisse,
1586 1537 1715 1577 Deique
1738 1536 1872 1577 gratiam
1905 1546 1986 1576 quae
2008 1537 2042 1567 in
2066 1535 2193 1566 Davide
2217 1535 2357 1566 maxime

1400 1580 1596 1622 splendebat,
1620 1584 1656 1611 ut
1679 1584 1752 1610 ante
1776 1579 1916 1610 vidimus
1935 1585 1967 1609 et
1990 1579 2073 1609 infra
2092 1579 2189 1609 etiam
2209 1577 2357 1619 pluribus

1401 1624 1591 1661 videbimus,
1615 1622 1801 1659 abolevisse,
1833 1621 1987 1653 diabolico
2017 1631 2094 1652 sane
2118 1622 2224 1652 furore
2248 1626 2279 1651 et
2302 1630 2358 1651 au-

1402 1667 1491 1698 dacia
1520 1666 1661 1707 percitus
1691 1665 1723 1696 in
1756 1665 1859 1705 ipsum
1890 1664 1996 1695 Deum
2028 1663 2202 1702 ferebatur,
2236 1663 2359 1704 sibique

1402 1710 1481 1741 nihil
1511 1708 1741 1748 impedimento
1773 1708 1838 1738 fore
1862 1707 2034 1747 quominus
2058 1706 2205 1747 impleret
2227 1706 2360 1737 consilia

1401 1751 1616 1783 existimabat.
1642 1753 1686 1782 At
1709 1750 1802 1791 longe
1824 1760 1882 1780 sua
1905 1750 2054 1790 opinione
2073 1749 2225 1789 deceptus
2247 1753 2305 1787 est,
2327 1753 2360 1779 et

1402 1796 1435 1826 in
1459 1794 1658 1826 contrarium
1683 1793 1743 1834 ipsi
1767 1793 1901 1824 consilia
1924 1803 2017 1823 versa
2040 1798 2124 1823 suut.
2163 1792 2230 1823 Nos
2251 1792 2360 1832 itaque

1403 1839 1562 1869 discamus
1587 1847 1648 1868 non
1673 1836 1784 1877 decipi,
1808 1841 1841 1867 et
1864 1845 1929 1866 non
1948 1835 2117 1876 indulgere
2136 1835 2224 1866 vitiis
2244 1834 2361 1866 nostris

1403 1887 1435 1912 et
1457 1880 1700 1920 cupiditatibus:
1731 1879 1785 1910 sed
1809 1879 1841 1909 in
1866 1878 1971 1909 Deum
1999 1883 2030 1909 et
2053 1877 2154 1917 ipsius
2176 1877 2360 1917 promissio-

1404 1935 1461 1954 nes
1484 1934 1571 1963 spem
1596 1922 1761 1959 coniicere,
1785 1926 1817 1952 et
1840 1920 1949 1961 procul
1975 1931 1993 1951 a
2016 1921 2106 1951 nobis
2130 1919 2284 1960 quidquid
2307 1919 2363 1950 ho-

1406 1967 1507 1997 mines
1526 1965 1790 2005 imaginabuntur
1813 1965 1953 1995 reiicere.
1977 1963 2037 1994 Dei
2062 1972 2139 1994 vero
2158 1968 2244 1994 certo
2268 1962 2363 1994 factis

1405 2009 1495 2040 nobis
1519 2006 1781 2048 promissionibus
1804 2007 1950 2044 fidamus,
1973 2006 2076 2046 ipsum
2096 2010 2207 2036 nostra
2229 2004 2363 2036 consilia

1405 2058 1437 2083 et
1465 2057 1598 2082 conatus
1620 2050 1881 2087 secundaturum,
1911 2049 2004 2080 modo
2033 2049 2065 2079 in
2089 2049 2190 2089 ipsius
2213 2048 2275 2079 viis
2299 2058 2365 2078 am-

1407 2095 1562 2131 bulemus,
1594 2093 1625 2124 id
1648 2098 1705 2131 est,
1737 2103 1777 2123 ne
1801 2092 1839 2123 ad
1863 2092 2010 2123 dextram
2035 2096 2089 2123 aut
2112 2091 2278 2122 sinistram
2309 2089 2363 2121 de-

1407 2138 1572 2168 flectamus
1606 2135 1645 2167 ab
1677 2135 1779 2176 ipsius
1812 2134 1991 2166 mandatis:
2026 2134 2079 2164 sed
2115 2138 2232 2164 rectam
2269 2133 2364 2169 viam,

1409 2190 1503 2220 quam
1534 2179 1631 2210 verbo
1662 2189 1719 2210 suo
1758 2177 1954 2218 praescribit,
1990 2177 2189 2215 insistamus,
2222 2175 2365 2216 nihilque

1411 2223 1470 2253 nisi
1502 2222 1658 2253 voluntati
1688 2221 1790 2261 ipsius
1824 2230 1997 2251 consonum
2032 2219 2254 2259 suscipiamus.
2298 2217 2366 2250 Nos

1411 2265 1547 2304 denique
1570 2269 1657 2295 certo
1680 2264 1819 2295 sciamus
1843 2262 1925 2294 hanc
1944 2263 2030 2293 viam
2054 2262 2239 2293 insistentes
2262 2270 2281 2292 a
2298 2260 2369 2292 Deo

1412 2307 1655 2344 benedicendos,
1685 2311 1716 2338 et
1746 2316 1854 2337 rerum
1884 2310 2067 2336 nostrarum
2098 2309 2236 2335 eventus
2259 2313 2369 2335 seeun-

1412 2350 1550 2381 dandus:
1582 2350 1636 2382 sed
1665 2349 1690 2381 si
1722 2353 1833 2380 contra
1862 2348 1945 2379 laxis
1969 2347 2101 2379 habenis
2125 2347 2242 2378 nostris
2265 2345 2370 2377 indul-

1412 2403 1487 2433 gere
1516 2392 1754 2433 cupiditatibus,
1783 2396 1814 2425 et
1837 2390 2048 2431 quodcunque
2079 2389 2176 2421 libido
2199 2389 2370 2421 dictaverit

1413 2437 1516 2467 facere
1538 2435 1746 2472 voluerimus,
1770 2438 1856 2466 certo
1879 2433 1986 2464 Deum
2011 2433 2119 2464 omnia
2141 2432 2274 2464 consilia
2295 2441 2368 2463 nos-

1413 2483 1461 2509 tra
1493 2488 1692 2517 eversurum,
1722 2481 1756 2508 et
1785 2487 1819 2507 re
1845 2477 1913 2517 ipsa
1939 2481 2089 2507 testatum
2111 2476 2280 2512 facturum,
2311 2483 2370 2505 nos

1413 2521 1494 2551 nibil
1518 2532 1586 2553 esse
1610 2521 1672 2552 nisi
1696 2519 1937 2551 homunciones.

1498 2563 1547 2595 De
1570 2563 1747 2604 praeputiis
1769 2572 1855 2600 vero,
1878 2562 1997 2593 mirum
2021 2566 2069 2593 est
2092 2559 2223 2593 Saulem
2246 2564 2369 2601 partem

1413 2605 1500 2637 illam
1525 2607 1659 2638 humani
1689 2605 1831 2646 corporis
1860 2604 2001 2636 voluisse
2030 2603 2089 2635 sibi
2119 2613 2138 2634 a
2159 2602 2286 2634 Davide
2314 2601 2369 2633 ad-

1412 2648 1506 2680 ferri:
1530 2649 1614 2689 quod
1633 2650 1666 2681 in
1686 2649 1793 2680 odium
1813 2647 1887 2679 lieet
1899 2646 2097 2678 idololatriae
2109 2646 2221 2679 fecisse
2233 2644 2370 2682 videtur,
