2551 3044
147 189 211 222 525

150 284 336 315 diuturnam
367 282 596 322 experientiam
627 280 781 320 quamdiu
820 280 1014 319 republicam
1054 279 1107 309 ad-

150 327 360 364 ministrarat,
389 325 484 356 etiam
509 323 647 355 habebat
668 322 788 353 donum
812 322 1010 362 prophetiae,
1038 331 1107 361 pro-

149 369 264 409 phetas
288 374 394 400 autem
418 368 534 398 scimus
558 366 658 397 fuisse
681 370 812 396 vocatos
833 364 980 400 Videntes,
1005 373 1109 403 neque

149 412 328 448 immerito,
358 410 428 441 Deo
464 409 543 449 ipsis
577 407 742 438 revelante
773 417 854 446 quae
885 407 956 437 aliis
985 406 1109 437 occulta

150 459 250 485 erant.
275 452 407 485 Samuel
421 453 530 491 itaq'ue
542 450 739 482 contrarium
752 459 862 480 eorum
882 459 964 488 quae
983 448 1109 479 viderat

150 496 220 528 Deo
244 496 408 526 revelante
431 494 617 532 contingere
640 492 903 523 animadvertens
923 492 954 522 in
974 500 1107 531 magnas

149 539 314 579 angustias
337 537 499 568 coniectus
523 535 659 572 videtur,
685 540 716 565 et
739 535 771 565 in
796 533 946 564 maximis
968 534 1054 564 curis
1077 539 1109 563 et

149 581 307 621 angustiis
320 580 435 610 fuisse:
458 578 512 609 sed
537 588 616 618 quas
639 577 701 608 fide
725 587 892 617 superasse
914 577 1019 616 ipsum
1043 586 1107 606 non

148 629 197 654 est
220 622 305 663 quod
330 621 522 652 dubitemus.
567 620 651 651 Nam
675 619 784 651 fideles
814 619 874 650 hoc
898 618 1108 649 fundamento

147 676 181 696 se
204 665 364 696 sustinere
387 668 514 703 oportet
532 663 687 694 adversus
706 661 884 694 istiusmodi
904 661 1107 696 tentationes,

146 708 216 739 Deo
239 717 303 738 non
327 708 534 747 permittente
557 711 594 736 ut
616 711 737 737 statum
761 705 913 736 ecclesiae
941 703 1108 735 videamus

145 750 241 781 talem
273 760 342 781 esse
371 749 498 789 qualem
528 753 730 788 optaremus,
769 748 824 779 sed
861 757 931 778 eam
967 746 1107 777 hostium

144 793 281 833 pedibus
306 792 404 823 veluti
427 791 618 827 conculcari,
643 796 675 821 et
688 791 823 821 velutin
836 789 973 820 nihilum
995 788 1106 828 redigi,

143 836 302 876 patienter
325 834 577 874 exspectandum
601 833 662 864 Dei
685 833 853 864 auxilium.

232 877 297 909 Sed
322 877 422 908 altera
445 887 484 907 ex
509 882 600 917 parte
624 875 782 907 Davidem
808 875 956 906 audimus
979 879 1106 904 mortuo

147 920 297 952 Samuele
326 922 359 950 in
390 919 551 950 Pharanis
582 918 743 949 desertum
778 917 977 957 confugisse,
1016 917 1106 956 quasi

146 962 225 995 Saul
249 963 352 1002 ipsum
377 962 481 1002 magis
504 971 600 1001 quam
625 966 720 992 antea
743 964 999 1000 persequeretur.
1035 958 1106 990 Etsi

144 1015 222 1037 vero
245 1005 384 1036 Davidis
406 1015 479 1045 spes
503 1014 566 1034 non
589 1013 607 1034 a
630 1003 760 1034 mortali
783 1003 912 1034 homine
935 1001 1106 1043 pendebat,

145 1048 357 1079 nihilominus
381 1053 486 1078 tamen
511 1057 575 1077 non
602 1050 737 1077 exuerat
767 1055 895 1076 omnem
926 1045 1105 1075 humanum

144 1090 305 1128 affectum,
335 1100 371 1121 ac
400 1088 533 1130 proinde
556 1089 660 1129 ipsum
684 1099 725 1119 ex
748 1093 851 1119 morte
874 1087 1050 1128 prophetae
1072 1087 1104 1117 in

144 1144 262 1173 magna
280 1133 440 1163 moestitia
453 1132 552 1163 fuisse
564 1135 739 1168 versatum,
759 1131 891 1161 minime
904 1130 1035 1162 bubium
1049 1135 1105 1167 est,

144 1176 236 1206 cuius
265 1175 446 1215 praesentia
475 1174 627 1214 quamdiu
655 1174 779 1205 viveret
810 1173 947 1204 multum
977 1172 1106 1203 adiuva-

145 1224 244 1255 retur,
269 1223 300 1249 et
322 1217 402 1249 fides
415 1217 508 1248 valde
520 1217 745 1248 sustineretur.
780 1215 867 1248 Sane
891 1215 970 1246 fides
994 1220 1105 1246 nostra

144 1260 210 1291 solo
222 1259 293 1291 Deo
305 1261 364 1291 niti
389 1259 492 1296 debet,
517 1259 573 1290 sed
597 1264 706 1290 tamen
730 1259 755 1289 si
775 1269 869 1299 quem
890 1258 951 1289 Dei
975 1268 1102 1289 servum

145 1302 321 1334 viderimus
344 1302 482 1334 fideliter
497 1302 603 1333 officio
626 1313 683 1333 suo
707 1302 864 1338 functum,
888 1306 920 1332 et
931 1300 994 1332 Dei
1014 1300 1104 1331 donis

143 1351 304 1382 ornatum,
335 1346 388 1385 qui
412 1345 525 1377 salutis
549 1345 635 1376 viam
667 1343 758 1375 nobis
787 1344 984 1380 monstrarit,
1014 1343 1105 1374 cuius

144 1393 220 1419 nota
242 1388 415 1428 integritas
438 1393 469 1419 et
492 1387 581 1426 fides,
613 1398 766 1427 magnum
802 1387 1024 1418 adiumentum
1056 1390 1105 1417 est

142 1431 243 1471 ipsius
267 1431 329 1462 Dei
359 1430 441 1461 dono
473 1429 513 1461 ad
542 1430 640 1461 fidem
668 1436 810 1461 nostram
841 1428 1103 1465 confirmandam,

142 1479 173 1504 et
203 1473 242 1504 ad
273 1484 330 1504 nos
361 1473 400 1504 ad
430 1473 491 1504 Dei
518 1473 640 1503 cultum
671 1471 868 1512 excitandos,
900 1482 936 1503 ae
965 1472 1041 1503 licet
1070 1471 1104 1502 in

142 1516 213 1555 ipso
236 1526 301 1546 non
324 1516 364 1546 sit
378 1516 496 1547 fiducia
516 1521 626 1546 nostra
639 1515 787 1555 reposita,
810 1515 974 1555 singulare
997 1519 1104 1545 tamen

144 1557 206 1589 Dei
229 1557 420 1589 beneficium
448 1569 518 1589 csse
541 1558 633 1589 nobis
662 1568 849 1589 concessum
878 1557 994 1588 merito
1025 1556 1105 1587 iudi—

143 1601 295 1632 cabimus.
341 1602 389 1632 Ac
416 1601 550 1642 proinde
581 1601 607 1632 si
630 1600 721 1632 Deus
752 1610 791 1631 ex
820 1601 914 1631 terris
942 1600 1034 1630 illum
1065 1599 1104 1630 ad

143 1654 178 1675 se
200 1643 335 1681 vocarit,
358 1654 423 1675 non
447 1654 615 1684 possumus
639 1654 703 1674 non
725 1642 836 1684 lugere
859 1648 891 1674 et
913 1643 1014 1683 ipsius
1038 1642 1102 1673 obi—

144 1690 213 1717 tum
243 1687 387 1726 graviter
417 1692 449 1717 et
479 1686 613 1717 moleste
640 1686 732 1717 ferre.
784 1685 839 1717 Sic
868 1686 968 1726 igitur
995 1684 1105 1716 David

144 1729 297 1769 quamdiu
328 1728 461 1760 Samuel
492 1729 573 1760 vixit
610 1739 644 1760 se
673 1728 778 1769 potuit
806 1729 895 1759 illius
924 1728 1106 1768 praesentia

143 1771 310 1810 consolari,
333 1776 436 1802 morte
459 1782 536 1803 vero
559 1771 647 1802 illius
678 1771 821 1812 graviter
845 1771 938 1808 affici,
969 1775 1002 1801 et
1032 1781 1105 1811 per-

144 1813 275 1852 turbari,
298 1814 389 1854 quasi
412 1814 536 1845 sublato
547 1813 603 1845 illo
626 1824 683 1854 per
706 1824 801 1854 quem
814 1814 904 1845 Deus
927 1813 1104 1844 bonitatem

144 1866 235 1887 suam
258 1860 290 1888 et
313 1856 567 1888 misericordiam
590 1856 709 1888 Davidi
733 1856 955 1896 patefaciebat.
980 1855 1105 1887 Nihilo-

143 1899 254 1930 minus
284 1904 393 1930 tamen
416 1899 525 1931 David
556 1910 720 1939 nunquam
751 1898 922 1939 despondit
952 1899 1106 1935 animum,

143 1951 249 1981 neque
271 1942 304 1973 in
328 1942 387 1974 hoc
415 1942 591 1973 certamine
618 1942 743 1980 defecit,
772 1941 828 1973 sed
858 1945 1044 1972 constanter
1071 1941 1106 1971 in

145 1994 205 2015 sua
225 1985 394 2016 vocatione
406 1984 470 2016 Dei
482 1985 639 2016 auxilium
662 1989 854 2024 exspectans
877 1984 1106 2025 perseveravit,

144 2027 228 2066 quod
262 2027 444 2067 exemplum
478 2028 612 2059 incitare
645 2037 704 2059 nos
737 2027 844 2065 decet,
887 2032 924 2058 ut
956 2027 983 2058 si
1017 2027 1106 2058 Deus

144 2068 254 2101 fideles
276 2080 350 2101 suos
373 2080 482 2101 servos
506 2081 523 2101 e
547 2070 629 2102 vivis
654 2074 776 2108 evocet,
807 2080 944 2110 quorum
966 2074 1105 2100 mortem

145 2121 240 2152 aegre
263 2112 414 2151 feramus,
436 2112 509 2145 illos
533 2119 640 2150 tamen
655 2113 800 2143 homines
813 2112 912 2144 fuisse
924 2122 961 2144 ac
973 2111 1106 2152 perinde

145 2155 306 2193 mortales,
330 2155 384 2186 sed
410 2156 471 2187 Dei
494 2156 664 2187 veritatem
688 2156 721 2186 in
744 2159 911 2187 aeternum
941 2165 1011 2186 esse
1033 2165 1106 2194 per-

146 2203 329 2228 manentem
377 2198 524 2230 sciamus.
581 2198 677 2229 Hanc
723 2198 763 2229 ob
810 2208 940 2230 eausam
988 2197 1107 2228 Petrus

145 2238 176 2270 2.
200 2240 335 2280 epistola
357 2240 434 2272 dicit
462 2252 496 2272 se
519 2240 596 2272 dare
618 2251 758 2281 operam,
788 2245 825 2272 ut
854 2240 966 2271 fideles
994 2250 1106 2272 sanam

146 2282 326 2314 doctrinam
348 2283 387 2314 ab
410 2284 478 2323 ipso
502 2284 637 2322 discant,
667 2293 763 2323 quam
786 2289 958 2323 postquam
982 2293 1001 2314 a
1025 2283 1106 2313 vivis

146 2326 318 2358 excesserit
340 2331 525 2357 constanter
548 2327 717 2365 retineant,
747 2330 780 2357 et
809 2327 843 2357 in
867 2336 905 2357 ea
926 2326 1013 2356 firmi
1036 2335 1106 2365 per-

146 2373 307 2400 maneant.
352 2368 633 2407 Quemadmodum
656 2369 754 2409 igitur
778 2368 888 2400 fideles
912 2368 973 2400 Dei
996 2378 1107 2400 servos

146 2416 271 2450 oportet
293 2411 441 2443 omnibus
454 2411 577 2443 viribus
601 2412 688 2448 eniti,
712 2418 747 2442 ut
762 2411 880 2443 veritas
899 2412 990 2443 cuius
1009 2416 1106 2442 testes

147 2458 223 2483 sunt
246 2463 282 2485 ac
305 2464 479 2494 praecones
503 2459 574 2494 post
597 2459 732 2485 mortem
756 2455 898 2494 ipsorum
922 2454 990 2485 vim
1014 2464 1105 2485 suam

147 2495 299 2533 retineat,
340 2501 372 2527 et
413 2496 453 2528 ab
486 2496 670 2528 hominibus
704 2497 895 2537 recipiatur,
929 2497 974 2528 sic
1008 2496 1106 2527 etiam

148 2537 259 2569 fideles
292 2538 452 2570 auditores
491 2544 616 2579 oportet
656 2540 738 2571 scire
779 2538 991 2570 morientibus
1031 2538 1106 2569 fidis

149 2579 339 2619 pastoribus,
362 2581 418 2622 qui
441 2581 566 2613 fidelem
587 2593 717 2622 operam
740 2583 773 2613 in
797 2581 948 2614 docendis
969 2582 1105 2613 homini-

147 2621 207 2654 bus
230 2623 391 2661 navarint,
413 2628 446 2655 et
468 2634 607 2665 quorum
629 2625 708 2657 fides
731 2625 829 2665 probe
853 2624 949 2656 fuerit
967 2624 1104 2665 cognita,

812 186 855 216 IN
881 186 905 217 I.
931 186 1017 217 LlB.
1042 186 1239 217 SAMUEL.
1264 186 1360 218 CAP.
1386 186 1495 219 XXV.

2053 186 2114 216 5243

1163 289 1224 309 non
1263 280 1332 311 ideo
1364 288 1468 312 tamen
1499 282 1578 312 mori
1607 291 1680 312 cum
1716 281 1793 320 ipsis
1825 280 2010 317 veritatem,
2043 279 2117 319 quia

1162 321 1244 352 nulli
1266 324 1401 354 vanitati
1426 329 1473 354 cst
1496 324 1641 355 obnoxia.
1680 325 1786 363 Atque
1812 324 1890 354 hacc
1913 328 1962 353 cst
1982 322 2115 353 victoria

1161 371 1280 402 nostra,
1303 365 1382 396 fides
1406 367 1558 397 uiinirum
1583 366 1801 402 immutabilis,
1834 366 1910 405 quin
1935 365 2030 396 etiam
2056 375 2113 396 nos

1161 406 1336 438 infidelium
1368 408 1427 439 Dci
1459 420 1624 439 servorum
1656 414 1759 439 morte
1799 409 1900 448 magis
1937 418 1972 437 ac
2010 407 2113 447 magis

1161 455 1285 488 oportet
1314 451 1513 489 confirmari,
1544 462 1642 490 quum
1673 462 1726 482 cos
1756 450 1899 481 videmus
1929 457 2114 482 constanter

1161 490 1339 522 doctrinam
1365 493 1403 523 ad
1429 500 1562 523 mortem
1589 505 1688 532 usquc
1714 494 1893 529 retinuisse,
1918 498 1949 523 et
1972 493 2112 523 animam

1161 534 1306 565 efflantes
1329 534 1400 565 fidei
1425 537 1729 566 suamc-stimonium
1743 536 1935 575 exhibuisse,
1960 541 2112 574 tanquam

1161 576 1257 607 totius
1289 577 1449 608 doctrinae
1480 579 1689 617 signaculum.
1734 579 1856 609 Idcirco
1885 578 2047 618 apostolus
2080 578 2112 608 in

1161 618 1309 658 Epistola
1328 621 1366 650 ad
1381 620 1544 651 Hebraeos
1559 621 1666 652 fideles
1680 621 1838 659 admouet,
1859 627 1894 651 ut
1908 620 2114 651 meminerint

1161 662 1413 701 praepositorum
1436 674 1565 693 suorum
1579 664 1629 702 qui
1656 664 1776 703 loquuti
1790 670 1864 694 sunt
1888 663 1965 702 ipsis
1979 662 2112 693 verbum

1161 703 1240 741 Dei,
1282 710 1313 734 et
1353 715 1463 735 eorum
1500 706 1659 736 intuentes
1700 707 1821 736 exitum
1861 705 2113 736 conversationis

1160 746 1326 777 imitentur
1348 748 1452 778 fidem.

1159 798 1287 828 operam
1312 791 1444 820 navavit
1467 790 1498 820 in
1523 790 1731 822 admonendis
1754 791 1914 828 fratribus,
1944 795 1975 821 et
2006 790 2037 820 in
2062 800 2110 820 sa·

1159 830 1235 862 lutis
1259 833 1404 862 semitam
1430 832 1631 868 adducendis,
1656 844 1731 864 suae
1750 834 1946 873 integritatis
1969 833 2109 863 testimo-

1159 874 1248 904 nium
1272 874 1377 913 habet,
1401 880 1430 905 et
1454 876 1479 905 si
1494 876 1632 906 moriens
1654 881 1838 907 constanter
1860 875 1933 906 fidei
1955 875 2110 905 rationem

1159 916 1342 954 reddiderit,
1384 917 1546 948 doctrinae
1586 928 1660 948 suae
1704 918 1963 957 approbationem
2005 917 2111 948 habet.

1158 958 1269 998 Neque
1292 970 1367 990 vero
1390 959 1519 990 dubium
1551 965 1598 991 est
1628 960 1702 999 quin
1728 960 1833 990 David
1856 960 2016 991 Samuelis
2044 970 2112 999 per—

1158 1002 1338 1032 severantia
1362 1002 1536 1042 plurimum
1556 1002 1681 1033 adiutus
1703 1003 1807 1042 fuerit,
1831 1014 1928 1042 quum
1952 1003 1984 1033 in
2006 1002 2111 1033 deser-

1158 1050 1227 1074 tum
1251 1044 1411 1075 Pharanis
1436 1045 1574 1081 secessit,
1599 1045 1636 1075 de
1658 1046 1715 1076 Dei
1736 1045 2010 1084 promissionibus.
2034 1055 2112 1084 quas

1157 1097 1214 1126 per
1238 1086 1400 1118 Samuelis
1425 1088 1637 1118 ministerium
1662 1095 1835 1127 acceperat,
1864 1089 1980 1118 certior
2009 1088 2112 1119 factus

1158 1129 1207 1166 sit,
1231 1134 1263 1160 et
1285 1130 1473 1161 afflictiones
1497 1130 1613 1169 quibus
1638 1130 1811 1170 urgebatur
1834 1130 1951 1160 lenitae
1975 1130 2049 1161 sint.

1243 1172 1337 1211 Quod
1367 1184 1442 1203 vero
1466 1172 1619 1209 adiicitur,
1643 1174 1820 1203 universum
1845 1172 1991 1203 Israelem
2013 1173 2111 1210 fuisse

1157 1217 1366 1255 conyreyatum
1378 1218 1410 1246 ut
1417 1216 1597 1255 planyerent
1613 1215 1782 1246 Samuelem
1795 1226 1919 1254 eumque
1940 1215 2111 1254 srpelirent,

1158 1267 1223 1288 non
1245 1268 1324 1298 opus
1348 1264 1397 1288 est
1420 1258 1479 1289 hoe
1502 1262 1644 1298 tempore
1669 1258 1813 1297 pluribus
1837 1259 1993 1297 persequi.
2029 1258 2109 1288 Nam

1158 1310 1257 1340 quum
1282 1300 1315 1330 in
1339 1302 1498 1340 scriptura
1521 1301 1705 1340 sepulturae
1729 1306 1854 1340 patrum
1879 1307 1943 1331 tam
1964 1305 2111 1331 accurata

1157 1344 1194 1374 fit
1217 1343 1347 1380 mentio,
1380 1343 1455 1374 satis
1479 1349 1525 1374 est
1555 1353 1612 1374 nos
1644 1344 1724 1374 scire
1747 1342 1851 1373 Deum
1878 1343 2015 1373 voluisse
2052 1342 2110 1373 hoc

1158 1387 1285 1424 signum
1318 1386 1406 1421 dare.
1440 1396 1501 1425 quo
1537 1386 1568 1416 in
1605 1396 1659 1425 spe
1691 1385 1932 1416 resurrectionis
1965 1385 2111 1415 homines

1157 1429 1442 1460 confirmarentur:
1467 1428 1492 1459 si
1516 1429 1599 1459 cnim
1624 1427 1778 1459 cadavera
1801 1428 1869 1458 sine
1893 1438 1968 1458 cura
1997 1427 2111 1458 abiice-

1158 1476 1280 1508 rentur‚
1305 1471 1451 1502 homines
1474 1481 1562 1511 spem
1593 1471 1718 1501 futurae
1750 1471 1781 1501 in
1813 1476 1976 1510 posterum
2007 1480 2112 1501 resur·

1158 1513 1308 1545 rectionis
1332 1514 1514 1552 abiicerent,
1546 1517 1577 1543 ct
1600 1513 1685 1544 velut
1709 1513 1740 1543 in
1764 1513 1846 1543 feras
1870 1511 2111 1552 degenerarent,

1157 1557 1248 1596 quasi
1282 1566 1353 1587 cum
1388 1567 1519 1596 corpore
1553 1556 1660 1586 anima
1700 1556 1854 1586 interiret.
1911 1554 1974 1586 Sed
2012 1565 2111 1594 quum

1157 1599 1312 1630 cadavera
1335 1599 1543 1638 sepeliuntur,
1566 1603 1670 1628 terrae
1689 1598 1788 1629 veluti
1809 1597 1967 1637 quoddam
1988 1597 2111 1637 deposi-

1157 1647 1225 1672 tum
1264 1643 1526 1679 committuntur,
1567 1640 1665 1671 donec
1699 1640 1827 1680 plenum
1869 1640 2112 1671 instaurationis

1157 1690 1283 1724 tempus
1307 1685 1482 1714 advenerit.
1528 1683 1640 1723 Itaque
1671 1683 1835 1722 sepultura
1867 1693 1992 1721 semper
2022 1692 2111 1713 occa-

1157 1727 1280 1758 sionem
1313 1727 1458 1766 praebuit
1488 1725 1649 1766 cogitandi
1685 1726 1780 1756 aliam
1812 1735 1880 1756 esse
1910 1725 2009 1755 vitam
2041 1728 2113 1764 post

1157 1769 1249 1801 hanc.
1295 1769 1388 1801 Licet
1412 1780 1485 1800 vero
1507 1779 1569 1798 non
1594 1778 1703 1799 omnes
1727 1768 1766 1798 ad
1790 1768 1872 1798 hanc
1895 1768 2113 1808 cognitionem

1156 1813 1324 1851 venerint,
1358 1811 1449 1843 Deus
1490 1817 1598 1842 tamen
1638 1812 1670 1841 in
1706 1811 1790 1841 hune
1824 1811 1919 1840 finem
1955 1809 2112 1841 cadavera

1158 1855 1286 1895 sepeliri
1311 1854 1422 1886 voluit.
1457 1854 1627 1885 Caeterum
1651 1854 1710 1884 ista
1735 1852 1876 1883 narratio
1900 1852 1937 1883 de
1952 1851 2112 1883 Samuelis

1158 1902 1260 1928 morte
1290 1903 1319 1928 et
1354 1897 1454 1936 ipsius
1477 1897 1641 1936 sepultura
1671 1895 1798 1926 videtur
1831 1906 1867 1926 ee
1893 1901 2047 1935 spectare,
2078 1899 2115 1925 ut

1157 1941 1263 1980 ipsum
1288 1950 1345 1979 pro
1369 1939 1501 1970 Domini
1520 1939 1676 1978 propheta
1695 1939 1838 1978 agnitum
1864 1938 1895 1968 in
1920 1938 1987 1977 ipsa
2012 1942 2114 1968 morte

1158 1983 1305 2014 sciamus.
1362 1981 1469 2020 Quare
1510 1992 1605 2021 quum
1641 1981 1811 2011 universus
1846 1980 1944 2011 Israel
1985 1984 2113 2011 coactus

1158 2025 1283 2063 dicitur,
1308 2025 1407 2056 veluti
1430 2024 1499 2054 Deo
1530 2024 1663 2055 faciente
1694 2029 1724 2053 et
1755 2023 1829 2053 tuba
1860 2022 2012 2062 populum
2036 2033 2111 2054 con-

1159 2073 1291 2099 vocante
1315 2067 1353 2098 ad
1378 2066 1537 2098 Samuelis
1560 2066 1773 2105 sepulturam:
1798 2066 1914 2096 factum
1941 2065 2023 2095 istud
2047 2075 2112 2096 cer-

1159 2116 1228 2141 tum
1252 2116 1309 2144 est.
1334 2115 1368 2140 ut
1382 2110 1481 2140 honos
1495 2109 1666 2139 haberetur
1678 2114 1815 2146 mortun,
1838 2114 1869 2137 et
1892 2107 2111 2138 testimonium

1159 2153 1323 2184 fidelitatis
1354 2153 1454 2192 ipsius
1485 2152 1707 2191 praeberetur,
1745 2157 1775 2180 et
1813 2149 1976 2180 doctrinae
2010 2150 2112 2189 ipsius

1158 2197 1284 2236 pondus
1315 2195 1500 2233 adderetur,
1536 2194 1667 2233 Deoque
1705 2193 1764 2232 ipsi
1795 2192 1918 2223 debitus
1949 2192 2050 2223 honor
2080 2196 2113 2223 et

1159 2239 1259 2279 gloria
1289 2237 1485 2269 redderetur.
1530 2235 1594 2267 Sed
1625 2242 1786 2275 praeterea
1809 2233 1929 2265 Davidi
1958 2245 2111 2275 magnum

1158 2281 1217 2312 hoc
1240 2282 1322 2312 facto
1347 2280 1495 2311 solatium
1521 2279 1652 2310 allatum
1684 2284 1740 2315 est,
1770 2287 1866 2317 quum
1898 2277 2006 2308 hostes
2037 2287 2112 2307 suos

1160 2324 1239 2355 vidit
1269 2322 1450 2354 incredulos
1481 2327 1586 2352 tamen
1618 2326 1649 2352 et
1679 2320 1824 2359 stupidos
1851 2320 2040 2359 congregari
2071 2318 2112 2350 ad

1159 2365 1320 2398 Samuelis
1344 2365 1521 2396 doctrinam
1553 2374 1610 2394 suo
1635 2363 1817 2394 testimonio
1847 2360 2111 2399 confirmandam,

1159 2414 1191 2440 et
1213 2419 1231 2440 a
1253 2408 1323 2438 Deo
1354 2407 1526 2448 profectam
1558 2404 1801 2437 testificandum.
1849 2403 1980 2436 Saulem
2015 2404 2109 2435 etiam

1158 2452 1218 2483 hoc
1261 2450 1343 2482 facto
1388 2449 1581 2481 commoveri
1625 2448 1832 2479 vehementer
1876 2447 2034 2486 oportuit,
2080 2452 2112 2477 et

1158 2492 1370 2526 conscientiae
1382 2491 1540 2522 morsibus
1561 2490 1729 2528 stimulari,
1753 2494 1784 2520 et
1806 2489 1865 2521 hoc
1889 2489 1998 2529 populi
2022 2489 2111 2520 luctu

1159 2537 1198 2568 de
1221 2541 1322 2567 morte
1347 2534 1507 2565 Samuelis
1530 2533 1690 2573 redargui.
1730 2532 1814 2563 Nam
1838 2531 1947 2563 debuit
1971 2531 2110 2572 cogitare

1158 2580 1266 2620 regiae
1307 2577 1472 2618 dignitatis
1517 2576 1653 2616 gradum
1695 2575 1814 2606 Davidi
1855 2585 1911 2614 per
1951 2574 2111 2606 Samuelis

1158 2621 1372 2653 ministerium
1395 2619 1543 2651 collatum
1567 2623 1736 2658 opportere
1759 2617 1828 2648 fieri
1851 2622 1955 2648 ratum
1978 2622 2009 2648 et
2032 2617 2110 2648 irre-

1496 747 1531 779 Si
1556 748 1626 787 quis
1651 749 1734 779 enim
1758 749 1791 778 in
1816 748 1874 779 hac
1898 748 1963 778 vita
1985 747 2110 778 fidelem
