2551 3044
218 241 280 271 657

835 237 882 267 IN
907 237 932 268 Ι.
958 237 1044 268 LIB.
1070 236 1269 267 SAMUEIJ.
1302 234 1400 265 CAP.
1425 233 1592 263 XXVIII.

214 345 232 364 a
264 333 335 364 Deo
375 334 471 364 duces
506 336 539 362 et
567 331 786 362 admonitores
817 330 926 360 datum
958 330 996 360 iri
1028 341 1067 361 ne
1098 330 1213 360 dubi-1

217 382 337 412 temus,
373 381 403 406 et
438 375 537 405 bonos
571 373 732 409 doctores,
768 372 862 403 modo
892 383 948 403 nos
975 373 1213 419 obsequentes¹>

215 418 277 458 ipsi
298 417 469 457 discipulos
489 416 711 446 exhibeamus.
746 415 857 455 Neque
881 415 976 445 etiam
1003 415 1186 445 dubitemus

214 461 293 501 quin
325 470 404 490 vera
434 457 497 489 fide
526 459 627 497 ipsius
658 458 814 488 auxilium
848 457 1059 496 implorantes
1083 457 1184 488 nostri

1210 490 1212 504 l

212 505 415 540 misereatur,
450 505 480 531 et
504 500 627 531 auxilio
651 511 708 531 suo
732 501 830 535 iuvet,
863 506 895 530 et
919 501 963 530 ita
988 505 1126 537 tueatur,
1151 505 1186 529 ut
1210 514 1211 534 i

213 545 295 576 nihil
331 553 446 574 nocere
481 543 515 572 in
550 553 659 573 rerum
695 548 813 573 natura
849 542 941 572 nobis
973 543 1083 582 possit.

212 587 395 618 dubitemus
439 586 517 624 quin
552 584 692 615 Domino
728 584 942 625 respondente
978 585 1090 622 nobis,

211 638 324 660 omnes
359 628 426 658 sint
460 627 552 657 nobis
587 627 756 663 secundae,
793 633 824 657 et
858 628 936 666 quin
970 627 1060 657 Deus
1091 636 1183 657 suam

210 681 288 712 erga
322 679 379 700 nos
415 669 673 701 benevolentiam
709 676 740 700 et
775 679 917 700 amorem
953 680 986 699 re
1021 672 1090 709 ipsa
1128 669 1181 699 de-

209 718 376 744 monstret.

296 755 338 785 Et
381 754 419 785 de
453 755 522 785 istis
558 755 732 786 hactenus:

212 797 377 829 Samuelis
419 797 534 836 quibus
574 799 710 828 eandem
753 799 925 828 confirmat
968 796 1182 827 sententiam:

210 840 298 871 Fecit
329 840 410 870 enim
440 839 554 870 Iekova
584 840 650 878 tibi,
681 840 938 879 quemadmodum
967 839 1110 878 loquutus
1141 841 1183 869 est

774 762 954 794 sequuntur
988 754 1050 785 alia
1086 753 1183 784 verba

200 892 261 921 per
290 892 354 913 me:
384 881 460 921 quia
482 881 630 913 laceravit
653 882 768 913 Ielzova
791 892 919 922 requam
943 882 1027 913 istud
1049 891 1063 911 e
1085 891 1182 911 manu
1208 895 1209 899 =

208 927 272 963 tua,
303 927 335 955 ut
365 924 471 954 tradat
502 925 582 956 alud
601 926 748 963 prozimo
770 928 821 955 tuo
848 925 985 955 Davisii.-
1017 924 1100 963 quod
1122 933 1181 954 non

207 967 435 999 auscultaveris
457 968 522 998 voci
546 967 684 1005 Ieltovae,
703 978 799 1006 neque
821 969 1007 1006 exsequutus
1028 967 1075 997 sis
1098 966 1182 996 iram

206 1011 274 1041 eius
305 1018 465 1040 accensam
496 1010 529 1040 z'n
553 1010 788 1041 Hamaleclzum.
835 1009 927 1048 Quae
958 1009 1056 1039 verba
1080 1018 1181 1048 quan·

208 1052 282 1083 dam
317 1052 524 1092 propheticae
559 1053 646 1083 illius
681 1053 863 1084 sententiae
892 1051 1180 1089 confirmationem,

206 1101 243 1125 ut
275 1103 350 1125 ante
374 1094 453 1131 dixi,
487 1095 664 1125 continent.
711 1095 845 1126 Samuel
869 1095 955 1125 enim
980 1095 1051 1129 iste,
1076 1093 1108 1123 id
1132 1099 1180 1124 est

205 1138 338 1177 spiritus
372 1136 520 1176 impurus
555 1137 615 1168 sub
649 1148 788 1177 persona
824 1136 986 1168 Samuelis
1019 1146 1180 1176 apparens

206 1179 316 1211 obiicit
341 1178 432 1210 Sauli
463 1180 634 1210 eonsilium
664 1180 750 1211 istud
776 1185 921 1210 mortuos
945 1179 1179 1218 interrogandi,

205 1223 298 1262 quasi
329 1221 436 1251 Deum
469 1222 528 1252 sibi
559 1223 620 1262 ipsi
651 1223 850 1253 contrarium
885 1228 915 1252 et
941 1227 1177 1261 repugnantem

205 1266 311 1296 faeere
342 1264 455 1296 vellet:
487 1272 518 1295 et
550 1265 642 1296 docet
673 1271 777 1295 ratam
802 1266 869 1296 fore
893 1264 1028 1295 Domini
1051 1269 1175 1295 senten-

205 1307 302 1343 tiam,
338 1316 395 1337 suo
426 1307 606 1338 ministerio
637 1308 813 1348 prolatam,
842 1318 958 1347 nempe
987 1317 1087 1346 regno
1119 1317 1177 1337 suo

204 1348 400 1380 exuendum.
447 1350 555 1380 Deum
586 1351 695 1390 itaque
727 1350 803 1381 dicit
834 1360 898 1380 non
933 1360 1026 1389 posse
1050 1354 1177 1379 mutare

204 1393 410 1429 sententiam,
440 1398 471 1422 et
494 1392 578 1431 quod
602 1393 700 1424 semel
725 1404 783 1433 per
806 1391 982 1432 prophetas
1004 1391 1176 1431 praedixit,

205 1439 314 1465 ratum
343 1444 413 1464 esse
444 1441 599 1474 oportere.
644 1436 740 1466 Hane
771 1435 810 1466 ob
833 1445 961 1466 causam
987 1434 1027 1465 D.
1053 1434 1176 1465 Paulus

205 1487 240 1508 se
271 1486 345 1507 vere
375 1478 556 1516 apostolum
580 1488 648 1509 esse
671 1479 920 1508 confirmaturus
944 1477 989 1508 ait
1012 1478 1044 1507 in
1070 1482 1175 1516 poste—

205 1519 289 1549 riore
328 1518 368 1549 ad
402 1519 591 1551 Corinthios
633 1521 788 1561 epistola,
830 1531 894 1550 non
930 1525 1078 1559 oportere
1113 1519 1177 1549 Dei

205 1561 342 1592 verbum
367 1571 437 1592 esse
459 1563 567 1593 Etiam
592 1569 623 1594 et
647 1564 729 1597 Non.
751 1563 806 1593 sed
831 1563 940 1592 Etiam
965 1565 996 1593 in
1024 1562 1176 1600 Domino,

206 1609 243 1634 ut
260 1605 328 1634 siue
348 1605 603 1636 contradictione
627 1607 667 1637 sit
692 1607 832 1641 firmum,
857 1606 889 1635 in
904 1605 1036 1635 Christo
1061 1615 1177 1644 nempe

205 1646 346 1677 Domino
384 1653 511 1686 nostrO,
547 1649 601 1687 qui
631 1654 679 1679 est
709 1649 855 1679 omnium
887 1648 1071 1678 divinarum
1104 1657 1175 1686 pro-

205 1689 395 1719 missionum
437 1690 700 1722 fundamentum.
758 1689 1031 1729 Quandoquidem
1073 1689 1177 1729 igitur

206 1730 338 1761 Samuel
370 1741 388 1762 a
410 1731 550 1763 Domino
582 1744 702 1764 munus
733 1734 921 1772 impositum
945 1733 1005 1763 sibi
1029 1738 1098 1762 erat
1122 1743 1177 1762 ex-

204 1779 370 1812 sequutus,
402 1775 535 1805 omnino
566 1776 650 1815 quod
680 1776 889 1816 praedixerat
920 1775 1088 1815 oportebat
1114 1775 1175 1804 im-

205 1816 303 1856 pleri..
333 1815 523 1848 Balaamum
543 1818 659 1858 ipsum,
682 1819 767 1854 licet,
792 1824 828 1849 ut
847 1823 921 1848 ante
943 1817 1022 1855 dixi,
1041 1817 1177 1856 pseudo-

203 1858 406 1898 prophetam,
436 1866 545 1891 tamen
577 1862 721 1901 oportuit
752 1861 849 1891 fateri
872 1860 981 1890 Deum
1012 1871 1074 1890 non
1107 1870 1176 1890 csse

201 1900 395 1931 mortalibus
419 1902 570 1940 similem,
598 1910 633 1934 ut
657 1904 789 1934 mentiri
814 1909 869 1934 ant
893 1908 1020 1933 mutare
1044 1908 1175 1933 senten-

201 1943 282 1973 tiam
302 1943 418 1982 possit:
442 1945 497 1975 sed
517 1951 666 1985 oportere
686 1946 821 1977 verbum
841 1945 942 1985 ipsius
961 1955 1057 1976 suum
1081 1945 1175 1976 effec-

202 1991 271 2016 tum
295 1986 415 2024 sortiri,
439 1987 517 2018 adeo
541 1993 577 2018 ut
602 1989 710 2019 nullus
734 1989 796 2028 ipsi
820 1989 921 2028 possit
944 1987 1174 2019 contradicere.

203 2027 300 2067 Quod
332 2029 357 2058 si
381 2028 591 2061 Balaamum:
616 2031 679 2061 Dei
704 2031 801 2062 verbo
825 2031 1034 2069 contrarium,
1066 2037 1175 2060 tamen

203 2071 249 2101 ita.
280 2070 318 2100 de
342 2070 412 2101 Deo
442 2071 529 2111 loqui
559 2079 706 2104 coactum
730 2073 889 2110 videmus,
913 2073 989 2112 quid
1010 2073 1048 2103 de
1074 2072 1174 2104 Saule

203 2113 415 2144 statuendum
438 2122 601 2154 putamus,
625 2126 720 2155 quem
746 2115 816 2154 ipsa
840 2116 892 2145 lex
918 2116 988 2149 Dei,
1008 2115 1048 2146 de
1071 2116 1173 2154 ipsius

203 2155 407 2185 decretorum
431 2158 626 2189 certitudine
651 2159 819 2188 certiorem
845 2157 1002 2188 faciebat?
1049 2158 1173 2188 Verum

203 2198 370 2243 enimvero
401 2209 519 2230 novam
551 2200 604 2231 ille
630 2201 861 2231 revelationem
885 2201 1024 2239 quaerit:
1050 2199 1174 2230 Deum-

205 2250 266 2280 que
299 2238 359 2269 eibi
393 2241 454 2279 ipsi
489 2244 676 2274 renuntiare
711 2243 801 2279 vult,
836 2253 991 2282 suamque
1023 2248 1174 2273 naturam

204 2288 341 2312 mutare.
388 2281 512 2314 Verum
546 2286 606 2315 etsi
640 2296 752 2316 sumus
786 2284 961 2322 increduli,
995 2290 1031 2315 ut
1065 2290 1175 2315 monet

203 2323 387 2364 apostolus:
422 2325 511 2356 Deus
539 2332 649 2358 tamen
679 2328 728 2357 sui
760 2337 890 2366 semper
916 2327 1032 2358 similis
1056 2332 1113 2364 est,
1144 2333 1175 2358 et

202 2367 309 2397 fidelis
343 2366 375 2396 in
413 2374 581 2399 aeternum
612 2374 789 2408 permanet.

203 2409 418 2450 perspicimus
459 2421 620 2450 quaenam
661 2412 704 2441 sit
745 2411 986 2442 incredulorum
1029 2413 1175 2442 omnium

205 2459 338 2483 natura:
370 2462 450 2490 quos
482 2453 554 2483 licet
585 2453 782 2484 conscientia
810 2453 994 2494 redarguat,
1025 2461 1057 2484 et
1087 2454 1175 2485 vide-

205 2502 302 2526 antur
337 2495 482 2525 animurn
517 2495 602 2526 velle
637 2495 676 2526 ad
708 2497 814 2526 Deum
846 2496 906 2527 sibi
937 2496 1174 2527 conciliandum

205 2538 355 2573 adiicere,
387 2542 495 2567 tamen
527 2538 665 2569 eundem
695 2538 754 2569 sibi
785 2538 900 2568 volunt
929 2539 1051 2576 subiici,
1081 2545 1112 2569 et
1136 2539 1175 2569 ad

204 2590 298 2610 suum
330 2579 499 2610 arbitrium
530 2581 693 2619 componi,
733 2586 769 2610 ut
798 2590 841 2611 ex
866 2581 1008 2620 ipsorum
1040 2580 1175 2611 arbitrio

205 2623 406 2653 voluntatem
424 2633 515 2653 suam
536 2629 566 2653 et
586 2623 750 2654 decretum
770 2628 883 2659 mutet,
904 2623 1042 2662 denique
1060 2623 1177 2654 volunt

204 2664 404 2701 mendacem,
430 2671 467 2695 ut
490 2666 551 2705 ipsi
575 2672 660 2699 sunt,
686 2666 799 2696 faeere.
821 2666 872 2696 En
897 2670 1019 2705 quanta
1042 2665 1177 2696 audacia

308 2716 416 2742 Calvim‘
432 2724 526 2749 opera.
566 2717 622 2742 Vol.
640 2717 736 2742 XXX.

842 2369 928 2400 Hinc
958 2369 1068 2409 itaque
1098 2371 1175 2400 satis
1201 2390 1203 2413 ἰ

1135 539 1211 572 Ne?

1133 595 1183 614 res
1209 583 1211 617 j

2151 233 2214 263 658

1239 326 1399 358 increduli
1423 325 1529 356 Deum
1554 326 1586 355 in
1612 327 1718 356 varias
1744 328 1861 356 formas
1885 327 2065 356 transferre
2091 335 2212 356 conan-

1240 377 1302 406 tur,
1335 375 1369 399 ut
1400 368 1517 398 similis
1549 369 1693 407 ipsorum
1726 370 1790 400 flat.
1836 369 1943 408 Atque
1974 369 2034 399 hue
2067 368 2211 398 declarat

1239 412 1372 443 Samuel
1396 411 1466 441 ist-is
1491 411 1612 440 verbis:
1644 410 1727 441 Fecit
1752 411 1863 441 Ielrova
1887 411 2141 450 quemadmodum
2166 410 2214 441 lo-

1210 455 1211 459 ’
1238 457 1351 494 quietus
1381 456 1425 484 est
1454 452 1509 483 tihi
1534 463 1592 491 per
1622 464 1675 490 mc,
1706 454 1794 492 quasi
1820 454 1920 484 dicat:
1954 454 2071 484 Nonne
2096 464 2155 491 ego
2179 459 2211 484 te

1240 497 1369 528 nominc
1400 495 1461 526 Dei
1497 495 1575 525 illud
1609 498 1711 525 facere
1743 496 1916 532 iusseram,
1948 503 1979 526 et
2013 506 2120 526 nonne
2150 506 2209 535 ego

1239 540 1426 570 mandatum
1459 548 1477 568 a
1510 536 1649 567 Domino
1683 538 1892 576 acceperam?
1950 539 2072 568 Ratum
2109 538 2210 578 igitur

1237 583 1315 612 illud
1359 591 1445 612 essse
1486 586 1623 619 oportet.
1680 580 1767 610 Hinc
1803 581 1910 619 itaque
1945 581 2107 610 discamus
2144 591 2210 611 non

1238 635 1358 664 ponere
1393 623 1528 654 salutem
1565 622 1595 652 in
1632 623 1775 662 effugiis:
1811 624 1865 653 sed
1901 634 2001 662 quum
2035 622 2126 653 Deus
2162 623 2209 653 lo-

1237 672 1357 706 quutus
1398 666 1512 701 fuerit,
1554 675 1627 695 eum
1663 666 1757 694 etiam
1794 665 2004 703 impleturum
2041 664 2208 696 decretum

1237 720 1330 740 suum
1351 709 1500 739 sciamus.
1534 707 1582 738 Ac
1602 707 1736 746 proinde
1755 708 1780 737 si
1801 707 1875 746 quid
1897 708 1987 738 nobis
2012 708 2208 746 promiserit,

1237 753 1329 782 firma
1360 751 1423 782 fide
1452 750 1678 780 admittamus:
1711 760 1813 788 neque
1847 750 1950 780 instar
1977 751 2148 780 iuncorum
2174 751 2208 781 in

1237 794 1319 825 hanc
1355 794 1403 824 vel
1440 793 1529 823 illam
1566 799 1688 831 partem
1725 792 1917 822 fluctuemus
1953 792 1992 822 ad
2028 792 2206 831 quemlibet

1238 843 1370 867 ventum
1405 835 1586 866 doctrinae:
1629 834 1683 864 sed
1719 835 1825 873 potius
1860 842 2055 871 statuamus,
2098 842 2206 865 ratum

1236 879 1301 910 sore
1332 878 1415 919 quod
1447 878 1546 909 semel
1570 877 1661 907 Deus
1690 877 1848 916 promisit,
1878 884 1910 907 et
1938 878 1970 907 in
1995 887 2031 907 eo
2055 878 2205 916 conquie-

1236 932 1371 953 scamus.
1418 921 1467 951 Ea
1495 920 1583 950 enim
1615 925 1663 949 est
1694 919 1851 950 certitudo
1876 920 1949 950 fidei
1973 930 2069 959 quam
2094 920 2205 951 fideles

1235 974 1347 995 omnes
1372 963 1490 994 habere
1513 972 1644 992 necesse
1668 968 1726 992 est.
1773 961 1894 992 Contra
1919 973 1994 992 vero
2019 972 2120 1001 quum
2146 962 2204 992 ali-

1234 1006 1310 1046 quid
1335 1007 1425 1037 Deus
1449 1006 1592 1036 minatus
1617 1004 1721 1041 fuerit,
1751 1015 1789 1034 ne
1813 1005 1904 1034 nobis
1928 1015 1999 1035 cum
2026 1015 2123 1043 puero
2147 1015 2205 1034 ne·

1234 1050 1356 1090 gotium
1382 1059 1451 1079 esse
1475 1049 1645 1087 fingamus,
1678 1047 1769 1077 cuins
1793 1047 1873 1076 iram
1898 1047 2013 1085 oblato,
2046 1054 2081 1076 ut
2104 1047 2204 1085 aiunt,

1234 1102 1328 1132 pomo
1359 1092 1542 1132 placemus:
1575 1089 1629 1120 sed
1661 1089 1699 1119 ad
1724 1089 1825 1128 ipsius
1849 1090 2114 1119 comminationes
2139 1096 2204 1120 tre-

1233 1145 1368 1170 mamus,
1401 1140 1432 1164 et
1462 1143 1571 1164 eoram
1600 1132 1669 1171 ipso
1699 1143 1756 1162 nos
1786 1131 1980 1168 deiiciamus,
2012 1142 2051 1162 ne
2081 1133 2114 1161 in
2146 1142 2203 1163 nos

1233 1178 1425 1208 thesaurum
1466 1176 1534 1206 irae
1569 1180 1599 1205 et
1634 1174 1796 1205 vindictae
1830 1185 2051 1214 congeramus.
2111 1174 2203 1212 Quin

1233 1221 1339 1259 potius
1370 1220 1415 1250 sic
1447 1219 1547 1258 ipsius
1571 1218 1651 1248 iram
1678 1216 1894 1253 formidemus,
1920 1223 1955 1247 ut
1977 1224 2132 1256 tanquam
2158 1218 2203 1248 rei

1233 1268 1264 1293 et
1282 1262 1399 1303 flagitii
1419 1261 1560 1293 convicti
1580 1260 1619 1290 ad
1642 1260 1743 1299 ipsius
1767 1260 2016 1290 misericordiam
2042 1260 2204 1299 supplices

1232 1305 1473 1345 confugiamus:
1505 1308 1538 1334 et
1568 1309 1699 1343 peecata
1731 1308 1841 1332 nostra
1865 1303 1910 1333 sie
1935 1303 2142 1341 detestemur,
2166 1308 2203 1333 ut

1203 1358 1400 1387 ·nunquam
1434 1347 1466 1377 in
1501 1357 1539 1377 ea
1574 1345 1775 1382 recidamus,
1817 1355 1856 1375 ne
1893 1346 2023 1375 veniant
2057 1345 2133 1375 olim
2169 1346 2202 1375 in

1232 1391 1334 1429 ipsius
1365 1394 1590 1429 conspectum,
1620 1392 1652 1418 et
1682 1388 1830 1418 ultimum
1863 1388 1995 1418 exitium
2028 1387 2119 1418 nobis
2150 1398 2203 1419 ac-

1231 1438 1368 1464 cersant.

1317 1475 1507 1515 Sequuntur
1536 1474 1594 1504 illa
1618 1473 1730 1504 verba:
1766 1473 1908 1513 Regulum
1933 1472 2054 1503 David&
2077 1473 2204 1504 datum:

1230 1518 1348 1557 quibus
1390 1518 1524 1558 gravius
1560 1516 1639 1548 Saul
1683 1517 1850 1556 pungitur.
1908 1516 2072 1547 Potuisset
2115 1517 2201 1547 enim

1232 1560 1312 1592 Saul
1350 1561 1516 1599 excipere:
1553 1570 1586 1590 se
1618 1569 1681 1589 non
1710 1559 1863 1589 adversus
1894 1558 2073 1588 Dominum
2105 1559 2202 1590 calci-

1231 1609 1344 1639 trasse,
1375 1613 1479 1642 neque
1508 1602 1685 1642 prophetae
1716 1601 1999 1631 comminationem
2024 1601 2112 1631 illam
2138 1603 2201 1633 Dei

1232 1646 1362 1676 nomine
1396 1645 1576 1686 proferenti
1611 1655 1727 1674 manus
1761 1644 1916 1679 iniecisse,
1953 1654 2057 1683 neque
2092 1655 2202 1684 perse·

1231 1695 1366 1728 quntum
1390 1698 1475 1719 esse:
1501 1688 1639 1718 doluisse
1664 1692 1769 1717 tamen
1794 1692 1825 1716 et
1848 1696 1942 1725 aegre
1967 1687 2087 1726 tulisse⁷
2112 1689 2202 1728 regia

1231 1741 1264 1761 se
1295 1731 1454 1771 dignitate
1483 1730 1567 1761 exui.
1621 1729 1684 1760 Sed
1717 1729 1830 1759 inanes
1861 1739 1930 1758 esse
1964 1728 2042 1759 istas
2066 1740 2201 1761 excusa-

1231 1774 1336 1804 tiones
1379 1773 1478 1804 semel
1514 1774 1567 1810 ait,
1618 1772 1750 1811 Deoque
1784 1772 1843 1810 ipsi
1879 1771 1999 1801 bellum
2034 1771 2201 1805 intulisse:

1231 1816 1490 1856 quandoquidem
1532 1815 1622 1846 Deus
1658 1814 1814 1845 Davidem
1856 1820 2067 1854 regnaturum
2110 1827 2203 1855 prae-

1232 1859 1375 1895 dixerat,
1406 1859 1570 1890 decretum
1603 1856 1688 1888 istud
1720 1863 1789 1887 erat
1819 1856 2039 1887 irrevocabile.
2094 1858 2204 1897 Quare

1231 1901 1330 1940 igitur
1353 1901 1517 1932 Davidem
1548 1901 1751 1930 innocentem
1783 1899 1883 1929 tantis
1914 1899 1996 1930 odiis
2020 1905 2068 1930 est
2092 1912 2201 1941 perse-

1231 1950 1369 1983 quutus,
1407 1944 1497 1984 quasi
1533 1943 1593 1973 Dei
1636 1942 1841 1973 autoritatem
1878 1947 1984 1981 posset
2022 1941 2200 1984 frangere?

1230 1986 1391 2017 Davidem
1426 1987 1526 2026 igitur
1562 1991 1779 2025 persequutus
1813 1985 1872 2023 ipsi
1910 1985 1978 2015 Deo
2013 1986 2136 2017 restitit
2171 1993 2202 2018 et

1230 2030 1350 2059 bellum
1370 2030 1490 2060 intulit.
1526 2029 1644 2059 Nonne
1666 2037 1741 2057 vero
1765 2037 1856 2057 caeso
1870 2026 2007 2065 Davide,
2032 2028 2202 2061 videbatur

1230 2072 1354 2102 irritam
1399 2072 1501 2102 facere
1537 2071 1597 2101 Dei
1638 2069 1908 2110 promissionem?
1973 2072 2080 2110 Atque
2123 2072 2203 2103 haec

1229 2115 1338 2145 omnia
1368 2115 1501 2154 spiritus
1530 2114 1589 2144 iste
1619 2113 1679 2143 sub
1708 2111 1871 2142 Samuelis
1901 2123 2062 2152 apparens
2095 2116 2202 2154 specie

1231 2156 1321 2188 Sauli
1353 2157 1571 2196 exprobravit.
1618 2155 1687 2185 Nos
1719 2154 1794 2184 hinc
1823 2153 1983 2186 discamus
2014 2158 2199 2188 mortalium

1229 2200 1397 2239 ingenium
1423 2209 1608 2239 agnoscere,
1631 2204 1662 2227 et
1687 2198 1717 2227 in
1744 2201 1887 2227 nostram
1911 2197 2086 2229 utilitatem
2112 2200 2200 2231 istud

1230 2242 1414 2281 exemplum
1446 2248 1581 2271 vertere.
1628 2239 1800 2278 sophis-tas
1829 2239 1914 2269 enim
1947 2251 2077 2280 sempor
2100 2248 2202 2282 agunt

1230 2284 1387 2319 homines,
1419 2290 1449 2314 et
1476 2283 1584 2314 nescio
1608 2283 1722 2321 quibus
1746 2282 1891 2312 artificiis
1914 2282 2084 2315 rhetoricis
2108 2296 2199 2315 suam

1229 2337 1360 2357 causam
1384 2332 1524 2362 tuentur,
1549 2326 1638 2365 quasi
1660 2324 1729 2354 Deo
1754 2330 1886 2363 possent
1908 2325 2085 2364 imponere.
2134 2326 2199 2358 Sed

1231 2370 1291 2400 hac
1311 2369 1436 2399 ratione
1456 2369 1515 2399 sibi
1537 2368 1638 2398 maius
1657 2367 1803 2402 exitium,
1827 2372 1859 2396 et
1878 2377 2042 2398 summum
2067 2369 2199 2400 tandem

1231 2411 1368 2442 dedecus
1392 2417 1569 2447 accersunt,
1595 2420 1692 2449 quum
1718 2408 1855 2448 obliquis
1880 2410 1942 2439 viis
1966 2416 1997 2440 et
2021 2412 2204 2444 rationibus

1230 2464 1301 2484 cum
1334 2453 1477 2484 Domino
1515 2458 1626 2492 agunt.
1680 2451 1762 2481 Nam
1800 2451 1956 2490 quidquid
1986 2453 2117 2485 tandem
2149 2465 2205 2486 ore

1231 2496 1441 2535 proferamus,
1467 2496 1492 2525 si
1518 2505 1569 2525 res
1592 2505 1625 2525 se
1650 2494 1745 2524 aliter
1767 2493 1873 2532 habet,
1897 2495 1975 2525 satis
2000 2505 2106 2526 coram
2133 2498 2204 2528 Deo

1230 2538 1370 2569 convicti
1399 2548 1520 2568 sumus.
1574 2535 1653 2568 Saul
1685 2546 1762 2566 sane
1791 2536 1940 2576 arguitur
1971 2539 2063 2576 quasi
2093 2546 2205 2571 eontra

1231 2581 1337 2610 Deum
1369 2580 1475 2619 ipsum
1507 2579 1748 2615 insurrexisset,
1780 2588 1846 2608 non
1878 2579 2007 2618 quidem
2041 2591 2096 2612 ore
2120 2583 2206 2613 male

1231 2622 1400 2662 loquendo,
1431 2621 1487 2653 sed
1513 2621 1672 2651 Davidem
1697 2622 1928 2660 persequendo.
1977 2622 2047 2654 Nae
2069 2625 2122 2663 qui
2147 2635 2206 2664 pro

1232 2664 1355 2697 viribus
1389 2665 1452 2695 Dei
1486 2663 1585 2694 verbo
1621 2663 1808 2699 reluctatur,
1843 2674 1884 2694 ne
1919 2675 2016 2695 suum
2052 2667 2205 2699 effectum

1945 2715 1980 2741 42
