2551 3044
403 215 465 245 5th
1186 209 1388 241 HOMILIA
1412 208 1627 242 LXXXVII.
2343 205 2405 239 508

408 315 520 348 captae
556 307 659 337 solent
696 306 734 336 iis
777 306 808 335 in
845 315 982 344 quorum
1025 314 1141 334 manus
1182 303 1403 341 inciderunt,j

406 350 539 387 adulari,
566 355 661 387 caput
693 347 877 382 demittere,
911 354 1074 377 mortuum
1105 345 1268 383 simulare,
1297 356 1377 386 quas
1402 373 1403 380 ,

406 394 543 432 denique
571 390 760 420 mitissimas
790 390 933 420 omnium
967 389 1141 420 bestiarum
1175 387 1312 419 dixeris:
1346 394 1377 419 et

406 445 486 474 quae
511 440 620 464 tamen
644 433 670 463 si
695 443 756 472 qna
781 431 892 462 fraude
917 432 1041 471 possint
1073 430 1167 465 elabi,
1201 430 1281 461 nihil
1314 431 1375 462 nisi

406 477 639 508 detrimentum
665 482 695 505 et
721 474 840 505 malum
866 474 1021 504 inferunt.
1060 472 1182 504 Eadem
1207 479 1256 504 est
1275 473 1376 504 versi-

406 519 537 559 pellium
564 518 733 548 hominum
760 517 850 553 ratio,
877 517 907 546 in
929 516 1045 555 quibus
1065 516 1154 546 nulla
1173 521 1223 546 est
1242 516 1376 555 integri—

407 570 466 598 tas,
491 560 665 599 nullusque
690 559 818 590 candor.
866 559 948 589 Nam
980 559 1006 589 si
1038 566 1209 598 postquam
1245 558 1375 598 flagitiis

407 605 474 635 suis
505 602 718 638 indulserint,
749 609 781 632 et
811 602 844 632 in
876 602 1040 641 proximos
1071 601 1209 640 grassati
1244 601 1374 635 fuerint,

408 646 536 677 tandem
561 656 614 676 eos
638 655 710 684 spes
742 655 799 675 sua
823 644 1008 681 frustretur,
1039 650 1071 674 et
1100 653 1209 674 eorum
1241 643 1375 674 consilia

409 689 458 719 vel
482 687 612 719 fraudes
627 688 715 718 Deus
729 686 866 726 detegat,
892 694 925 716 ut
949 687 1106 717 scelerum
1128 696 1163 717 ae
1178 686 1373 725 flagitiorum

409 741 540 762 suorum
566 740 685 770 poenas
709 729 918 759 imminentes
931 734 1087 766 metuant,
1112 735 1178 758 tum
1193 728 1279 759 dieas
1304 728 1375 757 illos

407 784 539 814 prorsus
563 773 641 803 alios
661 771 743 812 quod
767 771 892 802 blandis
907 771 1014 802 vorbis
1034 781 1068 802 se
1081 780 1248 807 excusare,
1269 770 1374 800 scelus

405 817 508 848 tateri.
530 815 693 851 detestari,
710 814 837 845 veniam
851 813 1015 853 deprecari
1030 813 1218 853 plerumque
1235 813 1372 843 soleant:

406 859 544 898 denique
569 857 649 888 nihil
683 868 746 887 non
777 857 921 896 polliceri
951 861 984 887 et
1013 855 1051 886 de
1082 866 1115 887 se
1147 857 1177 886 in
1211 863 1373 895 posterum

407 901 604 940 promittere.
650 900 750 935 Haec,
775 900 916 938 iuquam,
947 906 993 930 est
1025 899 1267 939 hypocritarum
1300 908 1374 927 eon-

407 943 553 978 suetudo,
585 947 621 973 ut
643 942 747 973 solent
770 952 868 981 quum
901 941 1090 972 necessitate
1120 947 1278 979 urgentur
1309 947 1375 969 tau—
1400 956 1403 974 5

406 995 501 1025 quam
526 985 640 1016 simiae
666 985 725 1015 Dei
750 984 832 1016 filios
852 984 983 1015 imitari.
1020 983 1085 1015 Sed
1108 994 1169 1013 non
1193 983 1236 1013 ita
1259 981 1374 1017 David,
1400 978 1401 1016 J

406 1028 461 1067 qui
486 1039 519 1059 se
543 1038 654 1059 canem
680 1032 845 1058 mortuum
870 1032 901 1057 et
912 1026 1051 1066 pulicem
1065 1026 1150 1063 dicit,
1176 1031 1210 1056 ut
1234 1036 1266 1056 se
1291 1023 1374 1064 apud
1400 1021 1401 1045 ἶ

406 1070 539 1102 Saulem
563 1075 681 1110 purget
705 1069 744 1101 de
774 1069 954 1105 calumniis,
987 1074 1018 1099 et
1049 1068 1197 1099 ostendat
1227 1077 1261 1098 se
1292 1077 1374 1097 nun-

405 1123 501 1153 quam
526 1113 684 1153 cogitasse
713 1112 753 1143 de
776 1111 960 1152 quaerenda
985 1112 1092 1151 aliqua
1117 1110 1276 1150 dignitate
1306 1120 1375 1140 sese

405 1155 568 1186 efferendo
592 1163 624 1186 et
647 1155 781 1186 consilia
805 1155 960 1185 adversus
985 1155 1088 1193 ipsum
1114 1152 1263 1189 ineundo,
1295 1151 1375 1182 nihil

406 1199 546 1238 denique
568 1208 626 1238 per
638 1197 847 1228 ambitionem
862 1196 1006 1227 molitum
1027 1206 1106 1227 esse.
1142 1195 1225 1226 Nam
1246 1204 1375 1234 quaeso,

406 1241 492 1272 unde
527 1245 575 1271 tot
607 1239 775 1279 querelae,
816 1244 862 1269 tot
896 1239 1075 1269 certamina
1109 1238 1194 1268 inter
1229 1237 1377 1268 homines

405 1284 568 1320 oriuntur,
593 1283 653 1313 nisi
677 1292 715 1313 ex
741 1282 918 1313 ambitione
942 1288 973 1311 et
996 1281 1156 1311 honorum
1176 1278 1374 1320 eupiditate?

405 1326 503 1365 Hine,
527 1330 563 1356 ut
587 1324 667 1356 bene
690 1330 801 1355 monet
820 1324 951 1359 Paulus,
976 1323 1113 1354 aliorum
1138 1324 1170 1353 in
1192 1323 1271 1354 alios
1293 1321 1375 1357 odia,
1403 1358 1404 1362 Ἰ

406 1368 482 1399 hinc
513 1367 745 1405 dissensiones,
779 1367 853 1397 binc
885 1366 974 1397 varia
998 1365 1130 1397 nocendi
1160 1365 1231 1397 aliis
1261 1364 1377 1396 studia.
1403 1363 1404 1398 J

406 1410 515 1450 Quare
539 1411 566 1441 si
592 1409 697 1440 David
724 1411 817 1440 novis
842 1409 937 1439 rebus
962 1408 1148 1444 studuisset,
1180 1408 1206 1439 si
1237 1408 1376 1447 gratiam

405 1459 437 1484 et
464 1452 671 1484 autoritatem
703 1452 786 1492 apud
818 1451 943 1491 plebem
975 1451 1067 1482 malis
1098 1450 1222 1482 artibus
1250 1449 1374 1490 quaesi·
1402 1481 1404 1492 ,

408 1495 514 1532 visset,
536 1495 562 1525 si
587 1505 686 1534 supra
705 1505 814 1535 regem
834 1502 863 1525 et
886 1494 986 1533 ipsius
1006 1493 1088 1524 filios
1108 1503 1177 1524 sese
1197 1493 1375 1529 extulisset,

407 1548 467 1568 nae
499 1537 579 1568 satis
609 1537 710 1568 iustas
745 1537 927 1568 occasiones
961 1536 1021 1567 sibi
1045 1535 1124 1567 Saul
1160 1535 1285 1566 oblatas
1319 1534 1376 1565 ha—

406 1580 529 1611 buisset
554 1579 714 1610 Davidem
738 1578 938 1618 insequendi,
963 1585 994 1609 et
1014 1584 1096 1610 testa
1116 1578 1249 1618 lutoque
1269 1587 1376 1618 perse-

404 1621 535 1662 quenda

404 1664 570 1704 implendi.
613 1664 895 1703 Quemadmodum
921 1675 1019 1703 quum
1044 1663 1228 1694 tonitrubus
1251 1662 1375 1694 coelum

404 1713 634 1742 commovetur,
659 1714 689 1737 et
712 1707 869 1747 grandine
893 1714 924 1736 ot
947 1706 1053 1737 saevis
1077 1705 1226 1745 procellis
1249 1704 1377 1736 misceri

405 1755 508 1780 terrae
538 1749 662 1780 coelum
696 1749 835 1780 videtur.
888 1748 983 1780 Unde
1015 1759 1089 1779 vero
1119 1754 1229 1779 tantus
1258 1747 1377 1787 fragor,

408 1797 439 1822 et
469 1797 594 1822 tantum
626 1791 744 1831 ubique
775 1791 944 1822 murmur?
978 1791 1101 1830 Nempe
1129 1790 1211 1830 quod
1243 1801 1260 1821 e
1291 1796 1378 1820 terra

409 1844 542 1874 vapores
561 1834 594 1864 in
609 1835 715 1865 a'erem
729 1833 928 1871 attollantur,
953 1839 985 1864 et
998 1833 1097 1872 ipsius
1109 1833 1376 1863 constitutionem

408 1877 557 1907 alterent.
615 1876 697 1907 Nam
734 1877 761 1907 si
796 1876 887 1906 nulla
920 1876 952 1906 in
989 1882 1062 1907 aere
1097 1876 1187 1906 fieret
1221 1885 1376 1914 vaporum

407 1918 565 1950 adscensu
578 1919 737 1958 alteratio,
761 1929 888 1949 summa
905 1928 1032 1958 semper
1045 1917 1264 1957 tranquillitas
1277 1923 1376 1948 esset:

407 1961 463 1992 ¹sed
491 1972 590 2001 quum
622 1966 801 2001 assurgunt
825 1970 906 2000 quae
937 1960 1026 1991 humi
1065 1970 1177 2000 repere
1205 1959 1377 1997 debebant;
1402 1974 1405 1990 ι

407 2010 438 2035 et
463 2014 560 2044 quum
586 2004 688 2035 nubes
712 2004 746 2034 in
770 2010 844 2034 aere
867 2009 1097 2035 concurrentes
1121 2002 1196 2033 solis
1227 2001 1376 2042 splendo-

406 2057 475 2077 rem
500 2045 691 2086 impediunt,
714 2052 791 2077 tunc
814 2046 922 2076 omnia
945 2046 991 2077 sie
1004 2045 1130 2076 misceri
1143 2044 1266 2075 tonitru
1291 2044 1377 2075 vide-

407 2099 480 2120 mus
513 2094 546 2119 et
580 2089 748 2128 procellis,

407 2136 563 2171 appareat
587 2131 742 2162 confusio.
789 2130 861 2161 Non
892 2130 986 2162 aliter
1017 2131 1100 2160 inter
1129 2129 1277 2160 homines
1306 2130 1375 2160 fieri

408 2173 564 2204 videmus.
610 2173 692 2203 Nam
717 2174 742 2204 si
767 2173 971 2204 continerent
1000 2183 1034 2203 se
1065 2171 1188 2212 singuli
1219 2172 1251 2202 in
1282 2181 1375 2203 voca-

407 2215 503 2253 tione,
527 2221 559 2246 ot
583 2216 616 2246 in
641 2226 678 2246 ea
702 2215 844 2246 modeste
868 2226 901 2246 se
925 2222 1086 2256 gererent,
1118 2212 1150 2245 et
1172 2224 1209 2245 ea
1232 2214 1374 2245 contenti

407 2257 488 2288 nihil
513 2259 618 2289 maius
642 2262 844 2298 appeterent,
867 2268 995 2289 summa
1018 2257 1137 2297 ubique
1158 2256 1375 2297 tranquillitas

406 2306 437 2330 et
460 2300 551 2339 quies
575 2305 778 2340 apparerent,
803 2305 836 2331 et
856 2311 917 2331 non
940 2300 1143 2331 imitaremur
1162 2309 1258 2331 canes
1279 2309 1375 2330 vena·
1401 2335 1402 2340 ¹

407 2343 486 2373 ticos
517 2342 549 2372 in
582 2342 734 2382 praedam
766 2353 894 2382 semper
925 2342 1069 2379 hiantes,
1100 2347 1132 2373 ct
1162 2352 1231 2373 sese
1262 2346 1375 2372 mutuo
1400 2357 1402 2379 1

407 2384 556 2415 dentibus
581 2385 768 2416 lacerantes.
803 2384 868 2416 Sed
890 2385 1022 2416 ambitio
1046 2390 1077 2415 et
1101 2384 1261 2415 honorum
1286 2384 1375 2423 cupi·

406 2426 490 2457 ditas
525 2427 674 2458 homines
709 2427 747 2458 ad
782 2428 905 2467 iurgia,
946 2427 1172 2458 contentiones
1213 2432 1244 2457 et
1286 2427 1401 2462 varia,

405 2469 584 2500 certamina
615 2470 761 2509 impellit.
807 2470 882 2500 Non
912 2470 1011 2509 igitur
1041 2470 1097 2501 abs
1128 2480 1162 2500 re
1187 2468 1293 2500 David
1324 2468 1376 2499 hic

405 2522 475 2542 sese
506 2522 579 2543 eum
611 2522 691 2543 cane
721 2517 849 2543 mortuo
881 2518 1064 2552 comparat,
1096 2516 1132 2543 ut
1162 2522 1196 2542 se
1225 2510 1376 2542 ostendat

405 2564 572 2594 nunquam
605 2554 690 2585 ultra
720 2565 811 2586 suam
843 2557 1047 2586 vocationem
1081 2554 1187 2585 attolli
1225 2553 1374 2591 voluisse,

404 2596 495 2627 nulla
519 2596 653 2628 consilia
677 2597 834 2629 adversus
854 2596 987 2628 Saulem
1009 2596 1158 2628 molitum
1177 2606 1257 2634 esse,
1281 2595 1376 2627 rebus

405 2639 499 2670 novis
523 2649 588 2670 non
612 2640 785 2678 studuisse,
810 2644 845 2670 ut
866 2640 1006 2680 gratiam
1028 2644 1059 2670 et
1083 2639 1289 2670 autoritatem
1313 2638 1374 2670 sibi

580 1628 610 1653 et
641 1622 748 1652 omnia
779 1622 871 1652 iustis
900 1620 1111 1660 querimoniis
1140 1626 1171 1652 et
1201 1619 1378 1651 terroribus
1403 1623 1405 1662 J

792 2094 826 2118 ut
866 2087 948 2118 nihil
991 2088 1054 2119 nisi
1094 2097 1220 2118 summa
1258 2087 1403 2132 ubique⁴¹

1431 303 1627 338 conciliaret,
1653 312 1717 332 uon
1743 303 1831 332 inani
1857 302 2030 334 iactatione
2054 312 2147 333 usum
2181 312 2284 342 neque
2315 302 2404 334 inso-

1431 346 1532 377 lentia
1556 344 1713 375 adversus
1739 344 1890 375 Saulem:
1922 344 1977 375 sed
2008 354 2068 376 sua
2098 350 2185 375 sorte
2208 345 2307 376 fuisse
2329 354 2401 376 eon-

1432 396 1568 426 tentum,
1591 387 1811 426 humilemque
1829 397 1923 418 suum
1937 393 2058 418 statum
2072 387 2186 418 maiori
2200 386 2401 419 antetulisse.

1430 431 1525 462 Hanc
1540 440 1615 460 vero
1630 429 1809 460 doctrinam
1834 440 1892 459 nos
1916 430 1948 460 iu
1975 439 2069 460 usum
2093 434 2219 469 oportet
2238 438 2401 468 revocare,

1430 481 1464 504 ut
1494 473 1547 512 qui
1579 472 1651 502 aliis
1683 471 1840 512 dignitate
1869 478 1901 502 et
1942 472 2117 503 autoritate
2156 476 2296 511 praeest,
2334 482 2400 503 non

1430 516 1500 546 ideo
1524 522 1633 545 tamen
1657 515 1819 549 efferatur,
1842 522 1874 545 et
1898 513 1936 545 de
1960 524 1994 545 se
2017 515 2187 554 magnifiee
2210 514 2339 552 sentiat,
2369 518 2402 545 et

1431 558 1599 588 inferiores
1624 562 1656 587 et
1678 556 1737 587 sibi
1762 556 1924 587 subiectos
1954 563 2159 588 contemnat:
2191 556 2246 588 sed
2279 557 2312 587 in
2337 555 2401 588 Dei

1430 601 1545 631 timore
1579 605 1611 630 ct
1645 599 1851 638 simplicitate
1893 606 1923 629 et
1959 599 2117 630 modestia
2158 598 2320 630 ambulet:
2363 609 2400 631 ac

1431 647 1554 673 metuat
1584 641 1778 672 horrendam
1812 642 2011 680 punitionem
2042 642 2073 672 in
2105 641 2271 682 superbos,
2301 647 2333 672 et
2362 651 2400 673 eo

1429 684 1559 725 quidem
1583 683 1764 723 graviorem
1779 694 1841 723 quo
1867 684 1968 725 magis
1987 684 2062 714 elati
2081 683 2213 720 fuerint,
2239 690 2270 715 et
2284 684 2400 715 huma-

1429 738 1506 758 num
1531 726 1677 757 ordinem
1703 727 1907 757 violaverint.
1955 726 2097 757 Gravior
2129 726 2214 757 enim
2240 727 2302 757 Dei
2327 726 2400 758 vin-

1429 770 1513 800 dicta
1539 776 1647 800 manet
1670 779 1723 799 eos
1747 769 1800 808 qui
1825 769 2003 800 ambitione
2035 774 2067 799 et
2092 768 2251 800 honorum
2275 769 2399 809 eupidi-

1400 822 1401 825 ’
1429 817 1495 843 tate
1518 822 1588 842 sese
1611 821 1688 851 prae
1717 811 1788 842 aliis
1817 811 2006 849 extulerint,
2035 821 2130 850 quam
2162 811 2215 851 qui
2247 811 2400 842 mediocri

1428 865 1486 885 suo
1516 859 1602 886 statu
1641 860 1673 884 et
1707 854 1889 885 conditione
1927 854 2071 885 contenti
2107 854 2259 885 vixerint.
2311 853 2400 885 Hine

1429 898 1536 937 itaque
1570 896 1690 927 subditi
1728 896 1874 926 discunto
1909 907 1971 927 non
2008 901 2160 936 appetere
2194 896 2398 936 superiorum

1428 940 1630 979 dignitatem,
1655 939 1821 978 multoque
1845 939 1953 969 minus
1976 938 2015 969 ad
2040 949 2110 969 eam
2135 938 2398 978 consequendam

1428 982 1586 1013 adversus
1619 982 1704 1021 ipsos
1737 981 1915 1021 insurgere,
1947 981 2001 1012 sod
2031 991 2089 1012 sua
2119 981 2262 1013 contenti
2292 980 2399 1012 eondi-

1428 1025 1514 1055 tione
1549 1024 1624 1056 lieet
1658 1024 1731 1055 vilis
1766 1030 1798 1054 et
1833 1023 1957 1055 abiecta
1991 1023 2033 1055 sit
2066 1034 2175 1055 eoram
2212 1023 2398 1055 hominibus

1429 1068 1551 1105 vivere,
1576 1067 1714 1098 scientes
1737 1070 1861 1105 gratam
1887 1066 1977 1097 illam
2001 1071 2035 1097 et
2046 1071 2210 1106 acceptam
2233 1076 2303 1097 esse
2316 1065 2397 1103 Deo,

1429 1121 1493 1141 non
1519 1110 1627 1140 minus
1650 1119 1745 1149 quam
1760 1109 1907 1140 altiorem
1932 1115 1964 1140 et-
1976 1108 2249 1140 excellentiorem.
2285 1107 2398 1147 Quare

1428 1153 1614 1184 abstineant
1636 1151 1787 1183 omnibus
1811 1152 1950 1191 querelis
1973 1157 2006 1182 et
2029 1151 2188 1191 obloquiis
2211 1161 2248 1183 ac
2270 1150 2396 1182 demur-

1429 1196 1613 1226 muratione
1637 1194 1794 1225 adversus
1818 1194 1935 1231 Deum,
1966 1194 2184 1234 cuiuscunque
2213 1193 2336 1225 ordinis
2366 1199 2400 1225 et

1429 1238 1598 1278 dignitatis
1621 1237 1688 1269 sint
1712 1237 1866 1274 homiues,
1900 1241 1933 1267 et
1955 1236 2081 1277 placide
2104 1246 2174 1267 sese
2197 1236 2259 1268 Dei
2283 1235 2399 1268 volun-

1430 1281 1490 1312 tati
1522 1279 1712 1317 subiiciant,
1751 1285 1847 1319 atque
1881 1280 1978 1310 etiam
2011 1279 2052 1310 D.
2082 1279 2177 1310 Pauli
2216 1278 2398 1310 doctrinam

1431 1329 1597 1363 usurpent,
1621 1328 1657 1353 ut·
1680 1321 1803 1362 singuli
1827 1321 1948 1352 honore
1971 1321 2051 1352 alios
2081 1322 2295 1361 praeveniant
2323 1321 2398 1352 sibi-

1431 1376 1492 1406 que
1516 1366 1593 1405 ipsis
1608 1365 1810 1405 praeferant:
1836 1374 1872 1395 ae
1885 1364 2019 1404 proinde
2032 1363 2151 1395 divites
2169 1370 2202 1395 et
2225 1363 2399 1404 primariae

1431 1408 1600 1448 dignitatis
1625 1407 1685 1438 viri
1709 1407 1822 1445 sciant,
1853 1407 1950 1438 etiam
1981 1406 2113 1438 abiectis
2143 1412 2176 1437 et
2203 1407 2397 1446 contemptis

1432 1450 1618 1482 hominibus
1644 1450 1749 1480 Deum
1779 1459 1839 1480 sua.
1864 1448 1949 1480 dona
1980 1448 2193 1487 distribuisse,
2225 1459 2289 1480 non
2321 1458 2398 1481 eon-

1431 1493 1622 1524 temnenda:
1645 1498 1677 1523 et
1700 1502 1757 1523 sua
1781 1492 1876 1522 etiam
1903 1492 1980 1523 vitia
2003 1491 2179 1532 diligenter
2201 1491 2398 1529 examinent,

1431 1546 1586 1575 suamque
1610 1535 1832 1565 infirmitatem
1867 1534 2061 1574 expendant,
2091 1538 2128 1564 ut
2158 1544 2191 1565 se
2222 1544 2241 1565 a
2263 1533 2335 1565 Deo
2365 1535 2399 1565 in

1431 1578 1487 1609 tali
1517 1577 1620 1618 gradu
1651 1577 1846 1608 constitutos
1879 1588 1943 1607 non
1975 1587 2032 1607 suo
2063 1576 2178 1607 merito
2208 1576 2264 1608 sed
2295 1576 2398 1616 ipsius

1431 1621 1575 1652 bonitate
1615 1620 1742 1650 norint:
1790 1630 1827 1650 ae
1869 1619 2003 1659 proinde
2043 1629 2112 1650 sese
2155 1618 2218 1650 Dei
2262 1619 2399 1659 pedibus

1430 1663 1619 1695 subiicient:
1652 1668 1683 1692 et
1714 1663 1758 1693 ita
1781 1672 1853 1692 cum
1878 1662 2033 1701 proximis
2064 1668 2244 1699 versentur,
2274 1671 2316 1692 ne
2345 1662 2398 1693 eui

1431 1706 1480 1736 vel
1506 1706 1638 1736 minimo
1661 1705 1766 1736 facere
1789 1705 1942 1735 iniuriam
1968 1704 2077 1740 velint,
2107 1704 2233 1735 etiamsi
2256 1703 2397 1736 oblatam

1429 1749 1628 1779 occasionem
1654 1747 1763 1778 dicant
1786 1748 1870 1787 quod
1894 1757 1928 1778 se
1951 1747 2071 1786 primos
2084 1746 2213 1778 iniuriis
2232 1746 2398 1778 lacessitos

1431 1797 1618 1830 querantur.
1658 1789 1766 1821 Saulis
1790 1789 1977 1829 exemplum
2001 1800 2042 1820 ex
2066 1789 2175 1820 animo
2199 1788 2398 1820 detestemur

1431 1840 1461 1864 et
1486 1834 1658 1873 fugiamus,
1689 1833 1781 1863 euius
1804 1831 1947 1863 furorem
1980 1832 2012 1862 in
2044 1831 2169 1863 Davide
2198 1831 2398 1871 insequendo

1432 1875 1593 1906 videmus:
1625 1875 1679 1906 sed
1705 1875 1811 1914 potius
1833 1885 2042 1914 quascunque
2072 1874 2208 1905 iniurias
2238 1874 2399 1914 patienter

1431 1918 1593 1955 feramus,
1638 1924 1670 1948 ct
1714 1917 2021 1948 immanissimorum
2068 1916 2209 1948 hostium
2253 1916 2398 1951 furorem

1431 1961 1585 2000 patientia
1616 1970 1823 1999 superemus,
1856 1965 1891 1990 ut
1920 1969 2027 1990 eoram
2059 1959 2129 1990 Deo
2162 1957 2398 1990 inexcusabiles

1430 2003 1648 2040 inveniantur,
1679 2002 1762 2042 quod
1793 2012 1828 2033 se
1857 2012 1876 2033 a
1906 2001 1998 2033 nobis
2027 2006 2216 2041 provocatos
2245 2001 2321 2032 ullis
2351 2001 2396 2032 in-

1430 2045 1522 2076 iuriis
1547 2045 1661 2076 merito
1685 2044 1775 2085 queri
1799 2055 1861 2075 non
1877 2045 2009 2084 possint,
2034 2049 2091 2075 aut
2113 2044 2256 2083 ipsorum
2276 2043 2398 2075 autori-

1431 2093 1529 2118 tatem
1553 2088 1674 2118 nostris
1697 2087 1839 2118 consiliis
1864 2087 2038 2124 violatam,
2061 2096 2140 2126 quos
2163 2096 2292 2126 semper
2307 2086 2398 2126 quie·

1429 2135 1477 2161 tos
1490 2137 1521 2161 et
1534 2129 1725 2169 tranquillos
1738 2130 1838 2160 fuisse
1852 2129 1981 2169 propria
1999 2129 2195 2160 conscientia
2215 2127 2394 2169 redarguit.

1517 2173 1617 2203 l‘orro
1652 2183 1733 2212 quae
1764 2171 1872 2202 David
1908 2171 1948 2202 ad
1982 2182 2016 2203 se
2050 2169 2269 2202 excusandum
2300 2180 2398 2211 argu-

1429 2221 1536 2245 menta
1568 2214 1721 2254 producit,
1759 2214 1891 2246 Saulem
1915 2214 2019 2254 magis
2047 2224 2083 2244 ac
2113 2213 2217 2253 magis
2240 2213 2397 2244 adversus

1429 2259 1533 2297 ipsum
1548 2258 1715 2288 irritatura
1728 2257 1826 2287 fuisse
1840 2256 2002 2293 videntur,
2023 2266 2117 2296 quem
2139 2254 2287 2286 videmus
2310 2254 2396 2287 dein-

1428 2310 1501 2339 ceps
1532 2310 1593 2330 non
1625 2299 1789 2330 meliorem
1819 2300 1949 2336 factum,
1981 2309 2084 2338 nequo
2107 2298 2146 2328 ad
2169 2307 2281 2329 sanam
2304 2307 2396 2329 men-

1428 2349 1492 2373 tem
1515 2342 1654 2378 rcdiisse,
1678 2341 1734 2373 sed
1759 2341 1967 2381 pertinaciter
1988 2341 2027 2371 ad
2052 2346 2189 2371 mortem
2214 2349 2315 2380 usque
2327 2339 2396 2370 Da-

1429 2384 1533 2415 videm
1559 2392 1809 2424 perseqnutum:
1842 2394 1954 2415 verum
1979 2388 2086 2414 tamen
2110 2381 2271 2414 Davidem
2295 2381 2393 2413 vehe-

1428 2432 1554 2458 menter
1585 2424 1803 2457 adiuverunt(
1837 2426 1921 2457 Nam
1953 2425 2054 2466 ipsius
2078 2424 2190 2456 audita
2213 2435 2292 2456 voce
2315 2423 2395 2455 Saul

1427 2477 1606 2500 commotus
1639 2469 1851 2500 exclamavit:
1882 2469 1937 2499 An
1958 2478 2017 2499 vox
2039 2470 2093 2498 tua
2115 2467 2187 2498 llaec
2209 2469 2262 2504 est,
2279 2466 2329 2505 fili
2350 2467 2396 2498 mi

1427 2511 1544 2549 David,
1568 2514 1595 2542 ct
1617 2512 1739 2543 sublata
1760 2521 1828 2542 voce
1846 2511 1937 2549 flevit.
1984 2510 2136 2549 Dixitque
2157 2510 2199 2541 ad
2221 2508 2395 2540 Davidem:

1428 2554 1549 2585 Iustior
1579 2564 1610 2585 es·
1640 2564 1702 2585 me.-
1732 2564 1805 2585 uam
1834 2556 1866 2584 lu
1888 2553 2032 2592 rependis
2054 2552 2133 2583 mihi
2154 2552 2274 2588 bonum,
2299 2561 2395 2590 quum

1427 2606 1481 2636 cyo
1504 2597 1629 2635 effecero
1651 2600 1678 2627 te
1700 2597 1789 2628 wizalo.
1826 2595 1987 2627 Davidem
2011 2595 2244 2636 igituriustum
2257 2594 2393 2625 etinno-

1427 2643 1552 2669 centem
1578 2639 1704 2677 fatetur,
1732 2649 1765 2671 se
1790 2648 1866 2670 vero
1890 2637 2071 2678 improbum
2095 2637 2149 2677 qui
2172 2637 2279 2677 ipsum
2303 2635 2394 2667 nulla

2518 721 2537 793 ον’-ς
2522 687 2531 706 ι·
2521 646 2529 661 ’ν
2519 558 2537 628 -fz
2517 461 2534 541 νειμ
2525 411 2530 414 -

2512 2754 2526 2765 '2
2505 2560 2531 2736 ‹humb->¹¹
2518 2526 2524 2531 2
2519 2495 2521 2497 -
