2551 3044
340 186 379 217 19
1150 185 1352 217 HOMILIA
1375 184 1501 217 XLVI.
2270 186 2311 218 20

342 279 493 322 gendum,
518 285 551 310 ut
575 288 676 319 quum
699 278 754 310 alii
777 279 850 310 aliis
873 281 1080 318 occurrimus,
1103 281 1136 310 in
1160 284 1300 310 mentem
1328 285 1331 306 1

341 323 450 354 veniat
482 322 535 362 qui
566 321 738 361 qualesque
768 322 877 359 simus,
914 333 1072 363 quamque
1103 332 1230 354 necesse
1259 322 1302 353 sit

341 375 398 398 nos
430 364 492 395 Dei
522 364 760 395 misericordiae
783 365 1010 403 commendari,
1039 367 1107 397 8130
1130 365 1220 397 cuius
1243 375 1303 405 ope

342 416 373 440 et
407 406 548 438 bonitate
582 417 622 438 ne
656 416 788 446 passum
817 407 945 447 quidem
969 418 1166 448 promovere,
1201 417 1304 447 neque

340 450 478 482 feliciter
498 448 672 489 quidquam
691 460 786 490 agere
806 460 984 490 possumus.
1020 451 1084 483 Sed
1104 450 1181 481 haec
1200 450 1305 481 obiter
1330 451 1331 458 ¹

343 493 427 524 dicta
449 497 563 523 sunto:
596 502 767 531 pergamus
790 492 830 523 ad
854 493 984 533 reliqua.
1020 494 1173 533 Sequitur
1197 493 1304 532 itaque
1330 492 1333 518 ἰ

344 535 528 568 Samuelem
548 544 567 565 a
587 533 685 566 Saule
704 534 751 566 ita
768 534 952 573 salutatum,
973 537 1186 576 interrogasse
1203 535 1304 573 illum,

344 577 421 619 quid
452 577 592 609 fecisset.

348 631 444 662 quam
467 620 501 651 in
523 619 655 650 Saulem
678 620 760 651 ferat
781 621 983 657 sententiam,
1012 622 1114 653 facere
1138 621 1182 651 illi
1205 626 1307 660 potes·

350 670 449 696 tatem
496 663 614 694 factum
659 673 752 694 suum
783 662 985 695 defendendi.
1030 663 1121 703 Quae
1150 674 1226 695 sane
1254 673 1307 703 op-

348 707 428 739 tima
449 712 499 738 est
529 706 604 737 recti
628 705 736 737 iudicii
760 705 871 743 forma,
902 712 937 737 ut
959 707 997 738 de
1020 708 1102 738 facto
1126 707 1212 746 prius
1231 716 1307 738 con-

347 755 418 785 stet,
443 760 504 789 quo
531 747 645 779 deinde
670 748 824 779 iudicium
844 749 908 780 fiat.
946 749 1015 780 Nae
1034 756 1157 789 poterat
1177 748 1306 780 Samuel

344 793 450 834 primo
470 792 579 823 statim
600 801 734 822 occursu
753 791 919 831 increpare
939 791 1081 829 Saulem,
1101 798 1131 823 et
1149 791 1305 822 insaniam

346 836 392 867 illi
423 835 632 874 exprobrare:
663 833 718 865 sed
742 844 840 874 quum
864 835 989 874 quaerit
1011 846 1050 866 ex
1074 835 1140 874 ipso
1164 833 1237 874 quid
1260 833 1306 864 fe—

347 878 435 915 cerit,
460 876 691 913 defensionem,
715 877 852 916 siquam
877 876 1022 914 habebat,
1046 877 1132 908 iubet
1145 887 1218 908 eum
1237 887 1308 916 pro-

346 921 447 952 ferre:
471 930 535 960 qua
558 918 673 950 deinde
697 918 807 950 audita
826 919 1035 951 nihilominus
1055 920 1214 951 hominem
1235 929 1308 950 con-

348 963 488 994 demnat.
535 962 637 993 Porro
672 961 762 993 nobis
796 962 1019 1002 inquirendum
1055 962 1214 997 hocloco,
1245 973 1307 1002 qua

347 1006 380 1037 in
412 1016 446 1036 re
471 1004 548 1036 Saul
572 1004 719 1044 peccarit.
764 1004 860 1036 Multi
884 1005 1070 1036 existimant
1100 1015 1245 1045 peccasse
1268 1004 1307 1035 il-

349 1048 416 1080 lum
439 1053 649 1088 usurpantem
674 1046 848 1078 sacerdotis
870 1048 1017 1085 officium,
1042 1048 1123 1088 quod
1150 1058 1222 1079 eum
1242 1057 1307 1078 non

351 1089 490 1122 decebat.
536 1090 580 1121 Et
607 1100 683 1121 sane
712 1089 739 1121 si
770 1089 829 1121 hoc
859 1090 904 1120 ita
933 1096 1024 1128 esset,
1052 1101 1167 1131 graves
1190 1100 1308 1130 poenas

350 1134 473 1166 crimen
503 1131 583 1163 illud
613 1131 805 1163 merebatur.
850 1132 971 1163 Notum
994 1134 1079 1164 enim
1103 1144 1183 1173 quae
1206 1142 1308 1173 poena

352 1176 500 1216 deinceps
525 1174 639 1206 Oziam
664 1185 773 1215 regem
799 1176 960 1216 exceperit
983 1176 1125 1207 suffitum
1150 1175 1189 1206 ad
1207 1176 1308 1206 altare

351 1219 542 1255 adolentem,
567 1227 681 1258 nempe
705 1217 794 1257 lepra
816 1227 879 1258 qua
902 1223 1032 1258 repente
1054 1229 1225 1259 percussus
1249 1223 1306 1249 est.

353 1261 441 1301 Quid
470 1261 516 1292 ita
545 1259 644 1291 vero?
691 1260 814 1300 Nempe
838 1260 921 1300 quod
945 1272 1009 1291 non
1032 1266 1200 1292 contentus
1222 1261 1308 1300 regia

353 1305 410 1336 illa
443 1313 540 1344 quam
574 1314 593 1334 a
626 1302 766 1333 Domino
800 1308 1015 1343 consequutus
1045 1309 1112 1334 erat
1142 1303 1308 1343 dignitate,

355 1347 417 1379 duo
451 1356 586 1377 munera
618 1345 813 1376 confundere
849 1345 992 1382 voluerit,
1034 1357 1115 1386 quae
1149 1346 1309 1377 Dominus

355 1389 557 1428 distinxerat,
587 1394 618 1419 et
648 1398 745 1419 manu
775 1389 903 1428 propria
933 1389 1058 1420 adolere
1088 1394 1200 1420 contra
1228 1389 1309 1429 legis

357 1432 486 1464 divinae
507 1429 704 1462 mandatum.
748 1430 860 1470 Itaque
879 1430 967 1471 lepra
985 1442 1153 1472 percussus
1171 1438 1202 1462 et
1221 1432 1309 1472 regia

349 1474 507 1516 dignitate
532 1472 686 1514 spoliatus
708 1477 740 1504 et
762 1478 988 1505 exauctoratus
1006 1481 1063 1511 est,
1087 1484 1122 1506 30
1142 1481 1177 1505 ut
1197 1474 1308 1514 reliqui

349 1517 468 1558 leprosi
505 1521 672 1556 separatus
705 1525 722 1546 3
755 1515 885 1556 reliquis
920 1517 1018 1548 vitam
1054 1517 1202 1548 miseram
1237 1527 1309 1548 cum

350 1570 476 1592 summo
501 1558 655 1590 dedecore
678 1563 710 1589 et
729 1559 905 1599 ignominia
923 1560 1122 1591 coniunctam
1144 1560 1308 1601 transegit.

349 1603 474 1634 Verum
493 1612 556 1632 non
577 1607 625 1632 est
646 1601 820 1632 verisimile
840 1600 970 1633 Saulem
992 1603 1096 1642 ipsum
1115 1603 1308 1634 sacrificium

348 1645 502 1677 obtulisse
525 1644 593 1675 sine
617 1643 790 1682 sacerdote,
819 1644 910 1675 cuius
933 1650 1002 1676 erat
1024 1645 1160 1676 officium
1185 1656 1225 1676 ex
1249 1645 1310 1676 Dei

348 1687 502 1719 mandato
525 1696 616 1718 sacra
639 1685 786 1718 faciendi.
831 1686 943 1727 Neque
967 1688 1062 1718 etiam
1085 1688 1153 1727 ipse
1177 1687 1310 1719 Samuel

349 1735 476 1772 poterat
510 1729 571 1760 rite
594 1739 635 1759 ex
658 1729 739 1769 legis
761 1730 958 1770 praescripto
982 1730 1171 1762 sacrificium
1195 1732 1310 1762 offerre

351 1779 383 1805 et
413 1771 559 1804 adolere:
590 1771 730 1811 alioquin
763 1782 828 1802 nou
851 1772 959 1803 minus
982 1783 1075 1812 quam
1101 1773 1178 1804 Saul
1203 1784 1311 1813 peeca-

351 1820 454 1847 turus.
489 1813 706 1854 Quamobrem
727 1814 883 1846 falluntur
901 1815 955 1855 qui
974 1815 1160 1846 existimant
1178 1815 1309 1847 Saulem

353 1859 497 1890 alienum
521 1857 663 1888 officium
686 1867 870 1897 usurpasse,
892 1857 974 1897 quod
997 1858 1057 1889 sibi
1077 1858 1146 1898 lege
1166 1859 1225 1889 Dei
1246 1869 1310 1890 non

354 1901 484 1932 licebat:
516 1904 548 1931 et
576 1898 760 1931 Samuelem
783 1900 837 1940 qui
860 1900 1007 1931 sacerdos
1036 1907 1105 1931 erat
1127 1907 1310 1941 exspectare

355 1943 512 1975 debuisse.
557 1942 668 1982 Neque
696 1943 781 1973 enim
812 1943 871 1973 fuit
901 1953 940 1974 ex
970 1942 1081 1974 ordine
1111 1943 1310 1975 sacerdotum

355 1985 497 2021 Samuel,
527 1986 579 2025 qui
611 1990 736 2016 tantum
767 1989 837 2016 erat
859 1985 991 2017 Levita:
1019 1986 1069 2018 031
1094 1986 1225 2025 proinde
1248 1997 1312 2017 non

356 2029 446 2060 licuit
476 2027 679 2059 sacerdotum
703 2027 842 2059 officium
868 2028 927 2059 sibi
949 2038 1109 2069 arrogare.
1155 2029 1197 2059 Et
1221 2039 1311 2068 prae-

357 2078 445 2103 terea
477 2075 631 2110 sequente
660 2070 764 2110 capite
794 2070 976 2102 videbimus
1004 2071 1187 2102 interfuisse
1212 2071 1312 2112 legiti-

357 2125 446 2145 mum
477 2113 674 2145 sacerdotem
705 2112 862 2144 Ahiazum
895 2113 933 2144 de
963 2113 1048 2145 tribu
1079 2114 1170 2150 Levi,
1201 2125 1313 2154 proge-

358 2157 461 2188 nitum
486 2167 525 2187 ex
548 2155 685 2195 posteris
704 2155 757 2186 Eli
776 2155 894 2186 summi
914 2156 1097 2194 sacerdotis,
1121 2157 1213 2187 cuius
1232 2156 1315 2188 faeta

359 2205 408 2230 est
430 2199 550 2230 mentio
573 2199 663 2229 initio
687 2198 782 2229 huius
804 2198 884 2236 libri,
907 2198 1008 2230 filium
1032 2210 1147 2239 nempe
1167 2199 1315 2236 Phinees,

359 2243 494 2273 alterum
517 2252 556 2272 ex
581 2241 655 2272 filiis
678 2240 741 2280 Eli,
765 2242 818 2280 qui
839 2241 914 2272 vivo
933 2247 1022 2281 patre
1041 2241 1210 2274 sacerdotii
1231 2241 1315 2273 vices

360 2285 559 2324 impleverat.
605 2283 665 2314 Ille
685 2283 785 2323 igitur
809 2283 955 2315 sacerdos
978 2289 1047 2316 erat
1070 2284 1139 2316 Deo
1159 2288 1316 2324 acceptus,

360 2328 415 2367 qui
444 2326 507 2357 fuit
538 2327 569 2357 in
602 2326 668 2357 acie
691 2336 764 2357 cum
788 2325 897 2364 Saule,
932 2333 963 2357 ct
985 2327 1176 2358 nominatim
1200 2326 1316 2358 dicitur

360 2369 464 2409 ephod
489 2369 610 2406 tulisse,
635 2368 666 2399 id
690 2374 739 2399 est
761 2379 883 2400 sacram
909 2370 1057 2407 tunicam,
1082 2370 1165 2401 unde
1185 2374 1317 2409 apparet

361 2413 452 2443 illum
488 2412 584 2442 fuisse
615 2416 767 2451 tanquam
798 2411 1005 2443 mediatorem
1036 2413 1120 2444 iuter
1150 2412 1255 2443 Deum
1286 2416 1318 2442 et

362 2455 524 2486 homines:
549 2454 634 2494 quod
659 2460 742 2485 esset
764 2455 868 2495 figura
891 2460 921 2485 et
940 2455 1047 2495 imago
1068 2456 1196 2486 Domini
1218 2454 1317 2485 nostri

363 2497 435 2529 10811
474 2497 595 2528 Christi
626 2498 799 2528 servatoris
830 2498 924 2528 unici.

363 2540 520 2579 quoddam
541 2540 667 2571 tunicae
685 2550 788 2579 genus
807 2539 890 2579 quud
910 2539 949 2570 ad
969 2540 1074 2571 Deum
1089 2539 1317 2572 consulendum

365 2583 396 2612 in
436 2583 530 2614 rebus
565 2583 710 2623 angustis
745 2587 775 2612 et
809 2582 912 2613 dubiis
946 2583 1165 2616 adhibebatur.
1211 2582 1319 2622 Quare

365 2626 473 2656 Saulis
502 2631 664 2665 peccatum
697 2625 774 2656 satis
798 2626 1002 2656 manifestum
1027 2631 1082 2664 est,
1113 2627 1145 2657 in
1169 2636 1205 2657 eo
1228 2625 1320 2666 quod,

1332 863 1334 872 ,
1359 838 1456 872 patet.

969 2497 1048 2529 Fuit
1078 2503 1184 2529 autom
1215 2496 1317 2537 ephod
1342 2494 1343 2513 ³

1356 289 1420 310 non
1443 278 1573 319 quidem
1597 279 1747 318 alienum,
1771 290 1885 320 nempe
1908 279 2106 311 sacerdotale
2129 281 2312 312 1113338111-

1329 335 1331 355 ·,
1356 322 1450 360 vasit‚
1469 322 1524 353 sed
1544 322 1679 354 nimium
1699 323 1872 360 festinavit,
1892 329 1924 354 et
1942 322 2121 363 praefixum
2143 321 2312 354 aDomino

1330 389 1331 398 ,
1356 370 1484 404 tempus
1515 376 1578 396 non
1606 367 1820 405 exspectavit:
1850 376 1885 397 ac
1909 364 2041 405 proinde
2064 365 2196 395 minime
2220 374 2312 397 accu-

1356 407 1475 438 sandus
1515 408 1606 448 quasi
1647 418 1744 439 11131111
1785 409 1914 449 propria
1949 407 2202 439 saerificavisset.
2248 407 2314 438 Sed

1357 449 1488 489 gravius
1511 450 1544 480 in
1568 460 1604 481 eo
1627 451 1781 490 peccavit,
1804 451 1887 492 quod
1911 461 2008 489 quum
2033 450 2065 480 in
2090 456 2240 490 promptu
2264 460 2314 480 re-

1357 490 1497 522 medium
1528 492 1670 529 haberet,
1698 504 1763 525 non
1791 504 1867 526 usus
1890 501 1946 525 est.
1992 492 2075 523 Nam
2097 503 2193 532 quum
2218 491 2315 524 dilabi

1331 534 1510 575 vpopulum
1544 541 1576 566 et
1610 542 1697 567 metu
1730 536 1914 576 perculsum
1948 546 1981 567 se
2015 535 2145 566 domum
2174 534 2316 575 recipere

636 576 699 609 Ubi
732 577 969 610 observandum
998 579 1182 610 Samuelem
1213 583 1304 609 ante·
1332 580 1333 587 ¹

1358 577 1490 615 videret,
1521 588 1580 609 cur
1609 588 1672 609 non
1702 579 1878 611 advocabat
1907 578 2076 615 Animum,
2107 583 2142 608 ut
2165 577 2316 618 deinceps

1358 619 1441 656 fecit,
1465 625 1497 650 et
1519 630 1554 651 08
1576 620 1709 652 Domini
1732 620 1975 662 interrogabat?
2021 620 2104 652 Nam
2130 619 2221 651 Deus
2245 631 2316 660 pro-

1358 662 1489 693 miserat
1511 671 1545 694 se
1568 671 1766 703 praesentem
1788 665 1972 695 adfuturum
1992 663 2141 694 omnibus
2160 663 2263 702 ipsum
2284 663 2315 693 in

1358 704 1422 735 fide
1454 710 1486 735 et
1521 706 1654 738 veritate
1689 707 1924 738 invocantibus.
1970 705 2070 736 Ahias
2105 716 2182 736 vero
2216 715 2316 745 quum

1359 746 1463 787 ephod
1494 747 1634 785 haberet,
1664 749 1765 780 veluti
1797 756 1996 789 praesentem
2029 748 2195 780 Christum
2225 748 2316 779 exhi-

1359 789 1462 825 bebat,
1486 790 1518 821 in
1542 791 1632 822 03138
1655 792 1785 823 nomine
1801 792 1967 823 familiaris
1987 791 2025 822 ad
2046 790 2152 822 Deum
2171 800 2318 822 accessus

1502 832 1611 872 Quare
1640 844 1737 874 quum
1762 833 1841 867 Saul
1865 842 1991 865 tantum
2014 833 2204 864 beneficium
2227 843 2317 873 prae-

1359 885 1434 906 sens
1468 876 1656 916 neglexerit,
1696 877 1809 908 merito
1843 877 2084 909 condemnatur.
2137 875 2221 907 Nam
2252 876 2318 916 pri-

1360 928 1447 948 mum
1483 918 1582 949 nimia
1616 919 1672 949 illa
1706 920 1868 951 festinatio
1898 920 1959 950 fuit
1988 918 2149 950 contraria
2172 918 2255 955 fidei,
2288 922 2322 949 et

1333 981 1335 986 =
1360 970 1432 991 cum
1456 960 1629 992 rebellione
1652 962 1841 994 coniuncta:
1872 961 1912 994 ad
1935 972 2031 1002 quam
2055 961 2187 992 accessit
2210 961 2319 1001 ingra-

1361 1003 1472 1040 titudo,
1498 1003 1674 1035 remedium
1694 1004 1845 1042 oblatum,
1869 1006 1895 1036 si
1915 1004 2008 1036 modo
2027 1004 2228 1042 advertisset,
2251 1003 2320 1034 reii—

1360 1046 1456 1077 ciens.
1503 1047 1602 1086 Atqui
1626 1053 1749 1078 certum
1773 1054 1822 1079 est
1844 1058 1907 1079 non
1931 1053 2093 1079 contemtu
2117 1052 2174 1077 aut
2193 1046 2320 1077 fastidio

1361 1087 1491 1120 Saulem
1526 1089 1586 1120 hoc
1620 1089 1809 1121 beneficium
1844 1090 2006 1121 reiecisse:
2042 1089 2098 1120 sed
2132 1095 2255 1120 terrore
2289 1093 2322 1120 et

1361 1136 1447 1162 metu
1471 1131 1654 1171 perculsum
1679 1132 1787 1170 fuisse,
1812 1138 1847 1164 ut
1869 1143 1972 1173 neque
1995 1132 2179 1163 meminerit
2202 1131 2318 1171 ephod,

1361 1184 1464 1213 neque
1494 1173 1678 1206 sacerdotis.
1724 1175 1776 1206 Ex
1806 1176 1922 1215 quibus
1951 1175 2046 1206 allata
2075 1174 2223 1214 superius
2246 1173 2320 1205 doc-

1361 1217 1447 1247 trina
1469 1216 1587 1248 clarius
1610 1217 1723 1256 elucet,
1746 1219 1791 1249 ita
1813 1228 1882 1249 esse
1906 1225 2032 1249 nostros
2055 1227 2165 1248 omnes
2184 1217 2320 1248 affectus

1361 1259 1554 1291 cohibendos
1585 1265 1618 1290 et
1643 1259 1846 1298 fraenamIos,
1877 1267 1913 1292 ut
1935 1271 1992 1292 nos
2016 1266 2100 1291 totos
2123 1260 2156 1290 in
2180 1259 2242 1290 Dei
2267 1258 2320 1290 ob-

1361 1302 1507 1341 sequium
1537 1312 1777 1343 componamus,
1808 1309 1840 1334 et
1869 1314 1948 1335 vera
1970 1303 2032 1335 fide
2055 1303 2089 1333 in
2113 1312 2148 1333 eo
2172 1312 2321 1341 perseve-

1362 1355 1478 1376 remus.
1524 1346 1572 1376 Ae
1595 1346 1621 1376 si
1645 1346 1725 1376 forte
1748 1345 1839 1377 Deus
1861 1346 2021 1378 occultare
2043 1356 2078 1377 se
2102 1345 2259 1382 videatur,
2289 1349 2321 1375 et

1361 1387 1395 1418 in
1414 1387 1573 1418 maximas
1593 1389 1759 1428 angustias
1773 1389 1968 1429 redigamur,
1988 1388 2199 1419 nihilominus
2211 1394 2319 1418 tamen

1362 1429 1401 1461 de
1421 1430 1520 1470 ipsius
1539 1441 1616 1471 erga
1635 1441 1693 1462 nos
1711 1432 1841 1472 egregia
1861 1431 2025 1462 voluntate
2044 1430 2189 1471 persuasi
2207 1430 2318 1466 simus,

1362 1478 1585 1512 exspectantes
1616 1474 1684 1505 eius
1712 1474 1868 1505 auxilium
1892 1482 2072 1514 opportuno
2096 1483 2221 1512 semper
2244 1478 2322 1503 tem-

1362 1526 1439 1556 pore
1469 1526 1620 1555 praesens
1649 1516 1848 1557 adfuturum,
1876 1517 1970 1548 modo
2001 1517 2033 1547 in
2063 1515 2117 1546 illo
2140 1514 2320 1546 invocando

1363 1568 1613 1599 perseveremus.
1658 1559 1702 1590 Et
1724 1559 1906 1600 quicunque
1927 1570 2021 1591 casus
2044 1558 2221 1594 evenerint,
2253 1567 2321 1588 om-

1362 1601 1452 1632 nium
1484 1612 1591 1632 rerum
1621 1607 1804 1633 nostrarum
1834 1602 1955 1634 exitum
1985 1603 2019 1633 in
2041 1601 2130 1632 illins
2152 1599 2321 1640 providen-

1364 1644 1440 1675 tiam
1472 1644 1665 1683 reficiamus,
1695 1650 1727 1675 et
1749 1645 1782 1675 in
1805 1644 1861 1676 illo
1883 1645 1950 1676 solo
1973 1644 2255 1685 conquiescamus:
2285 1651 2322 1674 ae

1363 1696 1565 1726 summopere
1593 1697 1764 1719 caveamus
1786 1698 1827 1718 110
1849 1688 1985 1719 1111111313
2009 1687 2101 1718 nobis
2124 1695 2322 1726 arrogemus,

1362 1739 1444 1760 neve
1478 1729 1547 1760 Deo
1582 1740 1640 1761 nos
1673 1730 1806 1770 regendi
1830 1730 1985 1762 rationem
2008 1728 2224 1770 praescribere
2247 1727 2324 1760 veli-

1362 1782 1444 1803 mus.
1490 1772 1617 1803 Deinde
1655 1772 1841 1804 disceudum
1876 1783 1917 1804 ex
1950 1773 2010 1804 hoc
2044 1773 2121 1809 loco,
2167 1776 2255 1802 metu
2287 1771 2322 1802 in

1362 1814 1454 1846 nobis
1478 1814 1664 1846 dominante
1687 1821 1719 1846 et
1741 1825 1857 1847 sensus
1879 1826 1990 1847 omnes
2009 1819 2185 1855 occupante
2205 1813 2322 1845 rationi

1363 1862 1395 1888 et
1417 1857 1534 1889 iudicio
1557 1857 1663 1888 locum
1681 1858 1779 1898 eripi:
1803 1858 1881 1889 adeo
1900 1864 1935 1890 ut
1956 1867 2163 1899 quaeeunque
2181 1855 2323 1896 pericula

1363 1900 1556 1940 ingruerint,
1597 1901 1740 1932 animum
1782 1901 1890 1932 statim
1933 1900 2194 1941 despondeamus.
2239 1898 2324 1930 Nam

1364 1943 1459 1974 rebus
1489 1943 1617 1983 quidem
1648 1942 1797 1974 secundis
1819 1948 1852 1974 et
1874 1944 2037 1984 prosperis
2060 1942 2157 1974 fidem
2181 1946 2324 1973 nostram

1363 1986 1397 2016 in
1420 1985 1525 2016 Deum
1549 1986 1714 2023 iactamus,
1739 1992 1770 2017 et
1791 1997 1848 2026 pro
1871 1986 1937 2018 solo
1959 1985 2152 2017 auxiliatore
2175 1986 2209 2015 in
2229 1983 2323 2015 rebus

1364 2029 1511 2068 angustis
1546 2033 1577 2059 et
1607 2028 1789 2060 difficilibus
1821 2029 1984 2067 habemus,
2022 2029 2159 2068 denique
2189 2027 2322 2067 quisque

1365 2070 1512 2102 fiduciam
1536 2081 1617 2111 quae
1639 2071 1674 2101 in
1698 2082 1798 2103 unum
1821 2071 1929 2103 Deum
1953 2078 2001 2103 est
2020 2069 2216 2102 coniicienda
2234 2079 2321 2109 prae-

1365 2113 1451 2145 dicat
1480 2119 1511 2144 et
1541 2124 1736 2154 magnopere
1765 2114 1892 2145 laudat:
1923 2114 1978 2146 sed
2009 2114 2063 2145 ubi
2086 2112 2125 2144 ad
2148 2122 2216 2143 rem
2245 2122 2324 2143 ven-

1365 2161 1434 2187 tum
1457 2161 1513 2194 est,
1548 2161 1581 2187 et
1603 2157 1635 2187 in
1659 2168 1708 2188 res
1732 2156 1884 2188 adversas
1907 2157 2086 2193 incidimus,
2114 2155 2229 2195 quibus
2251 2164 2323 2194 pre-

1366 2199 1493 2235 mimur,
1518 2203 1606 2230 tanto
1628 2204 1715 2231 metu
1734 2199 1947 2240 percellimur,
1972 2204 2007 2230 ut
2028 2210 2068 2230 ex
2086 2204 2194 2229 mente
2213 2200 2324 2228 nostra

1366 2241 1521 2273 iudicium
1555 2242 1657 2279 abeat,
1698 2246 1730 2273 et
1762 2241 1824 2273 Dei
1859 2242 2094 2282 promissiones,
2135 2240 2173 2271 de
2207 2238 2324 2279 quibus

1368 2284 1462 2323 paulo
1501 2289 1576 2315 ante
1607 2289 1774 2325 tantopere
1805 2285 2004 2316 laetabamur
2035 2290 2067 2315 et
2097 2282 2324 2324 gloriabamur,

1368 2327 1517 2358 effluant:
1548 2326 1610 2359 Dei
1641 2328 1837 2359 voluntatem
1868 2327 2004 2367 probare
2033 2336 2239 2366 nequeamus,
2269 2335 2323 2356 ne-

1368 2380 1428 2409 que
1458 2369 1557 2410 ipsius
1586 2370 1741 2401 virtutem
1771 2369 1934 2401 meditari:
1967 2369 2105 2409 denique
2135 2373 2225 2399 tanta
2253 2378 2324 2408 per-

1369 2411 1506 2443 turbatio
1529 2417 1654 2444 mentes
1676 2416 1818 2452 occupet,
1843 2418 1876 2443 ut
1899 2423 1960 2452 quo
1985 2423 2041 2443 uos
2065 2418 2229 2442 vertamus
2251 2419 2324 2441 nes·-

1369 2455 1498 2487 ciamus.
1544 2454 1654 2494 Quare
1683 2455 1709 2486 si
1733 2466 1790 2486 nos
1814 2454 1874 2486 Dei
1900 2454 1995 2486 verbo
2019 2453 2176 2495 regendos
2198 2453 2325 2484 tradere

1371 2498 1526 2536 volumus,
1557 2497 1713 2529 adversus
1745 2497 1924 2529 istiusmodi
1956 2497 2114 2528 violentos
2138 2496 2272 2528 affectus
2294 2500 2325 2526 et

1371 2541 1542 2579 passiones,
1572 2540 1686 2580 quibus
1708 2541 1753 2574 ita
1776 2541 1921 2580 rapimur
1944 2546 1977 2571 et
1999 2541 2126 2581 agimur
2149 2544 2184 2570 ut
2206 2537 2325 2570 bestiae

1371 2583 1469 2613 simus
1504 2593 1542 2614 an
1580 2583 1725 2614 homines
1759 2583 1916 2614 incertum
1946 2583 1995 2619 sit,
2029 2581 2238 2623 pugnandum
2268 2585 2325 2611 est.

1372 2624 1589 2662 Quamobrem
1620 2626 1788 2657 utilissima
1811 2630 1858 2657 est
1883 2624 2028 2656 doctrina
2052 2626 2120 2663 ista,
2155 2634 2216 2664 qua
2238 2623 2327 2654 doce-
