2551 3044
411 221 470 251 237
1203 218 1401 250 HOMILIA
1426 218 1585 250 LXVIII.
2310 222 2371 254 288

407 314 624 344 occasionibus
647 312 686 342 ad
707 313 861 342 ultionem
879 313 1031 342 irritaret.
1057 313 1115 342 Dei
1131 318 1237 342 tamen
1252 313 1362 342 timore

408 365 437 385 et
469 355 568 395 ipsius
601 354 705 385 cultus
728 365 836 384 amore
859 361 994 391 tenetur,
1029 362 1060 384 et
1083 354 1168 384 intra
1191 354 1363 394 patientiae

409 398 561 428 terminos
585 397 750 427 retinetur.
797 397 864 428 Nae
884 397 991 428 Saulis
1011 396 1207 436 ingratitudo
1227 397 1363 428 nimium

407 448 474 471 crat
504 440 616 479 turpis,
649 448 677 469 et
712 440 826 470 merito
849 446 974 480 poterat
999 438 1114 471 David,
1145 438 1204 470 sibi
1229 439 1363 470 nimium

407 483 494 513 inuri
525 482 661 512 dedecus
685 489 715 512 et
739 482 945 515 intolerabile,
978 482 1083 512 verbis
1107 483 1174 513 istis
1198 489 1251 512 aut
1275 482 1362 513 simi-

408 525 490 556 libus
520 526 681 563 conqueri.
726 524 822 556 Mene
855 535 928 555 vero
959 532 1023 555 tani
1055 524 1198 564 indignis
1222 524 1323 556 modis
1346 535 1364 556 a

408 568 507 599 Saule
530 568 643 607 excipi,
673 574 796 598 tantum
822 567 958 598 dedecus
980 577 1039 605 ego
1063 566 1209 606 paterer?
1255 566 1363 606 Quare

407 611 506 641 filiam
538 609 708 649 despondit
739 616 772 640 ut
795 620 832 640 ea
855 620 905 640 me
929 611 1066 649 turpiter
1089 609 1274 640 fraudaret?
1305 620 1364 649 ego

408 655 492 693 regis
523 653 620 683 filiam
652 662 755 692 neque
787 653 934 692 preusaxi
967 663 1067 691 neque
1091 653 1182 700 petii:
1212 662 1270 691 ego
1293 663 1362 684 sum

408 704 541 736 paratus
570 695 608 725 ad
640 695 766 726 stabula
796 696 902 726 otium
932 696 1032 735 patris
1063 695 1123 725 mei
1156 695 1268 729 redire.
1297 696 1363 726 vita

407 739 486 769 mihi
516 738 641 778 privata
673 738 792 777 placet:
823 749 919 777 (ιιι-ηε
951 748 1026 777 ergo
1058 738 1109 767 ille
1138 748 1187 767 me
1211 737 1363 769 dedecore

407 783 567 816 allectum,
588 780 755 811 ridendum
775 780 924 811 omnibus
944 779 1114 819 propinat?
1137 790 1234 818 quare
1247 780 1363 820 populo

407 823 537 863 praebet
567 823 763 854 occasionem
795 834 866 854 cuin
898 824 964 853 risu
996 822 1178 861 quaerendi,
1208 823 1363 862 quomodo

407 866 460 896 ille
491 877 589 906 gener
613 866 698 906 regis
721 866 880 905 repulsam
906 876 1018 905 passus
1041 865 1110 895 est?
1156 867 1242 896 Sane
1264 876 1362 906 quum

407 909 475 940 istis
498 909 648 939 omnibus
674 908 778 939 David
803 907 951 945 abstinet,
975 915 1003 937 ct
1025 908 1085 938 ista
1105 918 1168 938 non
1187 916 1363 940 commotus

406 952 524 982 iniuria
549 951 758 981 nihilominus
782 952 883 990 pergit
909 952 940 981 in
966 951 1026 981 Dei
1050 951 1224 987 vocatione,
1248 958 1281 982 et
1299 962 1361 982 non

407 994 523 1025 desinit
548 994 637 1025 Sauli
663 1001 728 1024 tam
752 995 887 1033 ingrato,
913 1000 976 1023 tam
1003 993 1122 1032 perfido
1147 993 1271 1024 fidelem
1290 1004 1363 1034 ope-

406 1047 474 1067 ram
507 1047 634 1067 navare.
667 1037 743 1067 satis
773 1046 932 1075 superque
957 1041 1092 1066 testatur
1115 1046 1147 1066 se
1172 1037 1362 1077 principium

408 1079 486 1110 illud
512 1080 701 1119 cognovisse
725 1079 763 1109 dc
787 1089 848 1118 quo
874 1089 986 1118 parum
1011 1079 1200 1118 cogitamus,
1225 1086 1255 1110 et
1279 1079 1362 1120 quod

406 1130 515 1152 tamen
539 1123 703 1152 obversari
726 1121 826 1152 oculis
847 1129 1005 1161 oporteret
1026 1120 1164 1161 singulis
1184 1123 1362 1160 momentis,
1389 1132 1391 1140 ¹

407 1175 520 1204 nempe
553 1175 610 1195 nos
644 1165 741 1195 etiam
774 1164 918 1194 hostibus
949 1164 1065 1194 nostris
1096 1174 1164 1194 esse
1187 1164 1362 1202 devinctos,

405 1215 435 1237 et
465 1208 603 1238 officium
637 1213 780 1237 nostrum
813 1217 881 1237 esse
913 1213 947 1236 ut
971 1207 1002 1237 in
1027 1207 1192 1238 vocatione
1216 1218 1363 1246 perseve—

406 1260 522 1287 remus,
555 1250 613 1280 etsi
650 1260 705 1280 nos
739 1249 785 1280 illi
820 1249 930 1280 multis
965 1249 1066 1279 modis
1101 1249 1266 1286 lacessant,
1303 1260 1363 1290 quo

409 1293 496 1323 Deus
527 1302 584 1323 nos
608 1303 679 1324 cum
704 1292 767 1323 illis
790 1292 912 1322 versari
936 1292 1026 1330 velit,
1059 1298 1089 1323 ct
1113 1302 1207 1332 quam
1231 1293 1364 1332 quisque

408 1335 602 1366 vocationem
628 1336 749 1375 accepit
771 1345 928 1366 exercere.

493 1378 536 1408 Et
566 1378 723 1408 haotenus
752 1377 790 1408 de
823 1377 947 1408 Davide
971 1377 1092 1408 dictum
1116 1384 1183 1409 esto
1208 1378 1255 1409 bis
1278 1379 1363 1409 frau-

408 1421 491 1457 dato,
526 1428 557 1451 ct
588 1427 694 1451 tamen
726 1421 874 1451 iniuriam
899 1419 1121 1451 dissimulante
1144 1421 1364 1461 patienterque

408 1464 548 1494 ferente:
572 1463 682 1494 Saulis
705 1474 780 1493 vero
803 1464 920 1494 factum
941 1462 1168 1503 expendamus,
1191 1474 1252 1503 quo
1272 1474 1362 1494 suam

408 1517 469 1537 nou
491 1505 584 1536 modo
604 1505 879 1545 ingratitudinem,
899 1505 954 1536 sed
973 1515 990 1535 a
1010 1513 1117 1536 mente
1136 1506 1362 1537 alienationem

409 1548 559 1589 prodidit.
605 1548 687 1578 Nam
719 1548 802 1588 apud
832 1558 942 1578 omnes
972 1548 1116 1579 homines
1146 1554 1271 1588 oportet
1292 1559 1364 1580 con-

409 1598 530 1622 tractus
548 1601 617 1621 esse
638 1592 738 1621 bonae
758 1591 847 1621 fidei:
870 1597 902 1621 et
915 1591 1021 1621 virum
1035 1591 1211 1631 principem
1224 1592 1364 1623 maxime

408 1633 506 1670 dccet,
536 1633 804 1672 quemadmodum
835 1634 905 1664 aliis
934 1632 1089 1673 dignitate
1119 1640 1151 1664 et
1173 1634 1364 1665 excellentia

409 1676 533 1716 praeire
557 1676 637 1713 vult,
668 1677 712 1707 sic
736 1677 832 1706 etiam
857 1676 889 1706 in
913 1677 1024 1715 primis
1047 1676 1155 1706 datam
1179 1676 1273 1707 fidem
1297 1687 1363 1707 ser-

409 1729 494 1749 vare.
542 1718 641 1749 Porro
677 1719 778 1758 qualis
807 1725 991 1749 contractus
1020 1727 1067 1749 est
1099 1718 1362 1750 matrimonium?

408 1762 546 1801 Sapiens
571 1761 720 1792 Salomon
747 1768 836 1791 vocat
860 1761 1004 1791 divinum
1027 1767 1224 1793 contractum
1249 1768 1278 1792 et
1303 1763 1364 1793 soe—

409 1804 486 1834 dus:
524 1811 559 1834 ut
594 1804 703 1834 dot-eat
736 1804 964 1834 inviolabiliter
997 1810 1144 1844 oportere
1166 1804 1298 1842 servari,
1332 1810 1389 1835 et¹

407 1846 535 1886 quidem
566 1848 708 1877 sanctius
739 1857 833 1886 quam
867 1847 1006 1886 reliquos
1034 1856 1144 1877 omnes
1167 1852 1362 1878 contractus.
1388 1858 1390 1874 1

407 1890 451 1920 Et
485 1896 591 1920 tamen
623 1889 726 1920 nullos
756 1889 880 1919 facilius
911 1889 1024 1929 frangi,
1062 1890 1249 1929 praesertim
1280 1891 1363 1920 inter

407 1933 568 1972 principes
589 1932 673 1963 viros
696 1939 816 1962 certum
837 1938 895 1967 est,
915 1931 970 1961 sed
991 1933 1022 1962 in
1042 1942 1201 1962 summam
1221 1933 1361 1971 ipsorum
1388 1961 1389 1968 ,

410 1974 722 2005 condemnationem.
765 1974 982 2005 Nihilominus
1002 1974 1110 2004 Saulis
1126 1974 1259 2014 perfidia
1273 1975 1363 2005 nobis

408 2018 460 2048 hic
483 2018 682 2057 proponitur,
717 2027 778 2057 qua
801 2017 989 2056 promissam
1015 2015 1132 2047 Davidi
1154 2017 1251 2047 filiam
1271 2027 1362 2048 suam

406 2060 499 2090 alteri
531 2066 635 2090 tamen
668 2060 794 2099 repulso
826 2059 952 2090 Davide
977 2058 1116 2091 tradidit,
1149 2066 1183 2089 ut
1205 2060 1361 2099 flagitium

405 2102 485 2133 illud
505 2108 596 2133 tanto
616 2103 719 2143 magis
738 2102 916 2133 abominari
938 2102 1106 2132 diseamus.
1154 2101 1234 2132 Nam
1257 2112 1362 2132 nonne

406 2147 472 2185 ipse
505 2152 595 2185 pater
620 2145 791 2176 videbatur
809 2144 907 2175 filiam
927 2145 1061 2175 amatori
1084 2144 1221 2175 vendere
1239 2150 1271 2175 et
1289 2155 1362 2184 pro—
1388 2178 1389 2184 ἵ

1390 1674 1542 1706 'coactus
1583 1675 1701 1706 Davidi
1741 1675 1838 1707 filiam
1875 1675 2096 1716 desponderat,

409 2189 556 2219 stituere:
582 2187 838 2228 quandoquidem
854 2187 973 2218 Davidi
987 2187 1141 2226 promissa
1156 2197 1219 2217 non
1239 2192 1361 2226 poterat
1388 2196 1389 2204 ¹

409 2231 500 2261 alteri
529 2230 618 2261 dari?
665 2231 776 2270 Neque
805 2230 891 2261 enim
916 2230 1030 2261 licebat
1053 2228 1142 2261 Sauli
1168 2230 1249 2269 quod
1274 2229 1363 2260 Deus
1388 2239 1389 2266 3

407 2274 617 2305 coniunxerat
642 2273 835 2304 dissolvere:
860 2282 958 2312 quare
979 2273 1070 2303 alteri
1091 2272 1220 2303 tradens
1244 2271 1362 2302 Davidi
1388 2293 1389 2304 Ἰ

407 2316 630 2355 desponsatam
651 2316 817 2346 videbatur
836 2322 988 2355 tanquam
1008 2316 1040 2345 in
1059 2325 1160 2355 ganeo
1173 2315 1362 2354 producere:

407 2359 664 2398 quandoquidem
693 2359 749 2389 Dei
774 2359 922 2389 instituto
947 2358 1061 2388 mulier
1084 2368 1148 2388 non
1172 2363 1276 2397 potest
1294 2367 1362 2388 esse

409 2403 543 2431 duorum
576 2402 719 2432 virorum
751 2412 849 2432 uxor:
884 2399 1151 2440 quemadmodum
1183 2410 1284 2439 neque
1314 2400 1363 2430 vir

409 2454 492 2474 unus
521 2444 655 2474 duarum
688 2444 867 2474 mulierum.
914 2442 1023 2482 Quare
1053 2442 1127 2474 hinc
1155 2448 1287 2482 apparet
1310 2452 1362 2473 eos

407 2487 460 2526 qui
503 2487 534 2516 in
570 2487 742 2517 rebellione
775 2496 832 2516 sna
866 2485 1068 2522 indurantur,
1111 2491 1198 2516 tanto
1231 2490 1362 2524 stupore

407 2530 498 2565 affici,
524 2535 558 2559 ut
581 2530 700 2560 malum
726 2540 743 2560 a
764 2528 844 2560 bono
863 2529 1044 2559 discernere
1064 2533 1233 2567 nequeant,
1257 2527 1362 2567 parvi-

407 2582 469 2611 que
503 2572 619 2603 saciant
654 2572 692 2602 de
726 2583 758 2602 se
794 2572 961 2602 hominum
995 2571 1188 2610 opinionem,
1224 2575 1254 2600 et
1288 2569 1361 2601 licet

408 2613 584 2645 maledictis
614 2615 786 2645 multorum
812 2620 970 2653 petantur,
1000 2614 1030 2644 id
1056 2613 1219 2653 negligere
1242 2618 1359 2647 tamen.

406 2657 498 2688 modo
529 2667 628 2697 prava
658 2668 715 2688 sua
738 2657 869 2688 consilia
893 2657 1069 2696 perducant
1091 2655 1131 2687 ad
1154 2656 1251 2687 finem
1273 2661 1360 2695 opta·

1416 319 1495 342 tum.
1541 312 1606 342 Nos
1637 322 1712 343 vero
1740 315 1955 347 observemus.
1985 323 2077 352 posse
2100 314 2229 353 quidem
2252 315 2290 346 ab
2315 315 2371 346 ho-

1416 353 1555 386 minibus
1589 355 1703 386 violari
1738 356 1996 386 matrimonium:
2030 356 2113 403 quod
2143 362 2251 387 tamen
2281 357 2371 389 Deus

1416 403 1463 428 est
1494 396 1727 434 vindicaturus,
1759 398 2016 438 quandoquidem
2047 398 2115 429 eius
2138 404 2230 429 autor
2252 404 2310 439 est,
2340 406 2372 431 et

1416 438 1543 470 vindex
1572 449 1608 471 ac
1632 439 1765 480 proinde
1789 441 1858 472 vult
1881 450 2006 471 summa
2029 439 2090 471 fide
2113 441 2279 472 observari
2301 442 2371 473 sine

1416 481 1528 512 fraude
1557 489 1587 512 et
1611 482 1699 513 dolo:
1730 482 1808 514 adeo
1832 492 1865 514 ut
1889 493 1951 513 nou
1977 490 2101 514 tantum
2126 482 2291 514 hominum
2315 493 2369 515 aut

1416 535 1521 555 rerum
1553 532 1742 561 creatarum,
1775 526 1828 556 sed
1850 526 2021 565 praecipue
2045 525 2165 565 gloriae
2188 533 2220 556 et
2242 526 2371 558 honoris

1416 567 1478 598 Dei
1504 567 1660 597 rationem
1680 567 1862 605 habeamus,
1887 568 1970 608 quod
1989 578 2100 599 omnes
2119 568 2188 599 Deo
2208 568 2368 601 debemus.

1500 609 1662 649 Deinceps
1680 611 1837 650 sequitur:
1860 610 1979 642 Michol
2000 611 2132 641 alteram
2150 610 2258 643 Saulis
2272 612 2370 643 filiam

1416 653 1573 683 amavisse
1604 652 1777 683 Davidem:
1808 652 2000 692 Saulcmque
2030 664 2063 684 re
2087 653 2195 685 audita
2218 653 2369 685 laetatum

1415 705 1495 730 esse,
1519 702 1552 724 ut
1576 705 1690 725 novam
1715 696 1911 727 occasionem
1936 696 2066 726 haberet
2090 696 2248 727 Davidem
2273 697 2371 728 inter-

1414 737 1550 768 ficiendi.
1598 738 1705 768 Etiam
1745 744 1820 769 ante
1860 746 1997 769 mortem
2038 738 2125 769 illius
2158 739 2369 778 quaesiverat,

1416 781 1571 819 promissa
1601 780 1677 815 filia,
1715 780 1768 811 sed
1798 781 1861 812 alia
1889 780 2026 820 quadam
2058 781 2183 812 ratione
2213 780 2370 813 abductus

1416 823 1507 853 alteri
1538 823 1636 853 filiam
1667 822 1888 862 desponderat.
1934 823 2040 854 David
2065 824 2194 854 interim
2219 825 2368 855 iniuriam

1416 865 1623 896 dissimulans
1657 865 1784 905 quietus
1816 873 1893 902 erat,
1935 873 1964 896 et
1999 867 2043 896 ita
2079 866 2179 897 veluti
2213 867 2368 906 quaedam

1416 918 1539 938 remora
1561 908 1676 939 iniecta
1692 914 1741 939 est
1753 907 1862 940 Saulis
1875 909 2018 940 consiliis
2031 909 2069 939 de
2083 908 2222 939 tollendo
2237 908 2370 940 Davide.

1415 950 1497 981 Nam
1530 951 1635 981 auimo
1665 961 1722 981 suo
1750 952 1959 982 constituerat
1987 952 2066 983 Saul
2099 951 2188 982 illum
2219 951 2369 992 perdere:

1416 999 1445 1024 et
1469 998 1575 1023 tamen
1607 1000 1732 1033 praeter
1753 994 1931 1033 opinionem
1956 995 2056 1034 ipsius
2079 994 2174 1025 saluti
2198 994 2369 1025 consuluit.

1416 1036 1458 1066 Et
1490 1036 1548 1067 hoc
1579 1046 1673 1075 saepe
1695 1046 1755 1067 usu
1778 1038 1867 1067 venit
1891 1043 1925 1067 ut
1948 1037 2081 1067 consilia
2104 1045 2134 1067 et
2158 1036 2287 1068 fraudes
2309 1037 2370 1068 im-

1416 1079 1586 1118 proborum
1612 1079 1775 1109 hominum
1799 1079 1915 1118 quibus
1937 1087 2070 1110 mortem
2093 1079 2239 1110 fidelibus
2258 1089 2371 1119 procu-

1418 1121 1540 1157 rabant,
1566 1122 1596 1151 in
1617 1122 1757 1160 ipsorum
1778 1121 1894 1152 bonum
1916 1128 1948 1152 et
1966 1123 2101 1153 salutent
2122 1122 2246 1152 cedant.
2278 1122 2371 1153 Licet

1417 1163 1501 1195 istud
1525 1165 1557 1194 in
1584 1163 1691 1195 Saulis
1710 1164 1791 1195 facto
1810 1164 2030 1204 contemplari.
2077 1165 2157 1195 Nam
2178 1172 2247 1195 erat
2265 1163 2371 1196 oblata

1418 1217 1502 1237 nova
1536 1206 1653 1236 Davidi
1685 1217 1753 1237 sese
1785 1207 1959 1238 ulciscendi
1994 1207 2125 1243 occasio,
2160 1217 2257 1246 quum
2290 1207 2369 1239 Saul

1417 1249 1578 1289 ingratum
1610 1260 1702 1280 suum
1733 1249 1873 1280 animum
1898 1256 1928 1280 et
1951 1250 2105 1280 malitiam
2131 1250 2234 1289 magis
2256 1250 2371 1290 magis-

1417 1302 1479 1331 que
1503 1291 1716 1331 patefecisset;
1740 1291 1794 1323 sed
1818 1298 1926 1322 tamen
1945 1303 2068 1323 memor
2086 1292 2182 1323 officii
2201 1292 2283 1331 quod
2304 1298 2369 1324 tam

1417 1335 1477 1374 ipsi
1494 1335 1560 1365 Deo
1579 1345 1673 1373 qnam
1694 1335 1760 1375 regi
1773 1334 1893 1375 totique
1912 1335 2028 1374 populo
2047 1334 2190 1372 debebat,
2214 1336 2372 1374 patienter

1417 1378 1502 1407 serre
1533 1377 1645 1407 maluit
1674 1377 1817 1415 iniurias,
1853 1384 1886 1408 et
1913 1377 2056 1409 oblivisci
2085 1388 2195 1408 eorum
2225 1380 2370 1409 omnium

1417 1421 1530 1459 quibus
1564 1431 1580 1449 :i
1605 1420 1673 1450 Deo
1696 1420 1827 1451 alienari
1852 1421 2007 1460 potuisset
2029 1421 2188 1460 privatam
2212 1431 2370 1460 quaerens

1419 1462 1607 1493 vindictam:
1632 1468 1663 1492 ct
1685 1462 1814 1502 quidem
1837 1463 1870 1493 in
1895 1463 2006 1502 primis
2029 1463 2166 1493 dedecus
2187 1470 2219 1493 et
2238 1464 2371 1503 ignomi—

1418 1506 1503 1536 niam
1523 1516 1540 1535 a
1561 1505 1657 1536 Saule
1676 1505 1735 1536 sibi
1755 1506 1904 1536 inustam.
1946 1505 2033 1536 Sane
2051 1506 2077 1535 si
2097 1504 2206 1535 David
2225 1506 2370 1536 omnium

1417 1547 1582 1578 hominum
1621 1548 1913 1588 contemptissimus
1937 1555 1969 1578 et
1991 1548 2225 1579 abiectissimus
2248 1547 2371 1584 fuisset,

1418 1590 1506 1621 nulla
1529 1596 1635 1621 tamen
1659 1590 1751 1621 Sauli
1774 1597 1941 1630 supererat
1964 1591 2137 1625 excusatio,
2162 1591 2250 1630 quasi
2274 1591 2371 1622 rebus

1417 1634 1562 1672 angustis
1591 1634 1690 1663 filiam
1721 1634 1934 1673 promisisset:
1963 1633 2046 1673 quod
2070 1632 2159 1663 nulla
2182 1633 2370 1664 necessitate

2137 1685 2232 1715 quam
2267 1685 2370 1716 neque

1417 1718 1603 1753 ambiverat,
1638 1729 1739 1757 neque
1767 1718 1910 1759 petierat.
1957 1718 2021 1749 Sed
2046 1717 2132 1748 ultro
2155 1718 2369 1750 conditionem

1416 1762 1607 1801 propositam
1633 1772 1651 1792 a
1674 1760 1772 1793 Saule
1795 1761 1832 1791 de
1855 1760 2081 1801 consequenda
2098 1761 2164 1792 filia
2182 1762 2214 1791 iu
2235 1771 2368 1792 uxorem

1417 1803 1523 1834 David
1547 1804 1760 1835 obliviscitur:
1786 1814 1889 1843 neque
1912 1804 2009 1834 etiam
2033 1810 2164 1843 propter
2187 1803 2368 1843 ademptam

1416 1846 1569 1877 ultionem
1590 1847 1724 1886 quaet-it.
1770 1846 1842 1885 Qua
1861 1857 1936 1886 crgo
1955 1852 2061 1877 tuente
2086 1845 2162 1877 Saul
2191 1856 2255 1877 non
2275 1845 2369 1878 modo

1416 1889 1564 1919 iniuriam
1589 1888 1706 1920 Davidi
1726 1899 1790 1919 non
1811 1889 1914 1919 levem
1935 1889 2018 1925 facit,
2043 1887 2097 1920 sed
2116 1889 2214 1919 etiam
2233 1895 2367 1920 mortem

1416 1933 1515 1971 ipsius
1538 1932 1639 1962 modis
1663 1931 1811 1963 omnibus
1834 1931 1978 1971 quaerit?
2024 1931 2148 1971 Nempe
2172 1931 2262 1962 illum
2281 1931 2371 1963 furor

1416 1982 1447 2004 ct
1477 1975 1601 2005 insania
1632 1984 1763 2014 prorsus
1793 1974 2000 2005 excaecabat:
2030 1979 2252 2005 verumtamen
2276 1973 2369 2014 quid-

1416 2017 1490 2056 quid
1532 2017 1684 2048 moliatur
1723 2023 1753 2047 et
1787 2023 1924 2053 moveat,
1963 2016 2099 2048 Davidis
2131 2015 2305 2048 commodis
2337 2024 2369 2047 et

1417 2060 1547 2090 utilitati
1566 2060 1657 2091 cedat
1676 2065 1811 2099 oportet.
1837 2059 1932 2096 Hinc,
1955 2059 2096 2099 inquam,
2118 2065 2251 2099 apparet
2272 2068 2368 2098 quam

1415 2102 1612 2133 admirandis
1641 2101 1744 2133 modis
1775 2102 1865 2133 Deus
1888 2112 1982 2133 suum
2005 2112 2085 2142 opus
2108 2106 2302 2142 promoveat,
2337 2107 2370 2133 et

1415 2156 1508 2184 quam
1541 2144 1729 2176 mirabiliter
1758 2155 1838 2184 quae
1867 2144 2017 2176 ecclesiae
2045 2144 2107 2176 Dei
2130 2144 2278 2175 ultimum
2301 2144 2368 2175 exi-

1417 2189 1494 2218 tium
1518 2187 1733 2221 minabantur.
1764 2188 1795 2218 in
1819 2187 1960 2227 ipsorum
1985 2187 2125 2218 hostium
2149 2186 2368 2218 confusionem

1416 2237 1447 2260 et
1471 2231 1594 2261 ruinam
1618 2236 1793 2266 convertat,
1817 2237 1847 2260 ct
1871 2230 1990 2270 laqueis
2013 2239 2092 2269 quos
2111 2228 2246 2268 improbi
2266 2234 2368 2260 teten-

1416 2272 1536 2307 derant.
1566 2274 1598 2304 in
1629 2273 1771 2313 ipsorum
1801 2273 2019 2304 confusionem
2049 2278 2164 2303 nectat.
2209 2270 2265 2303 Sic
2288 2270 2368 2304 Saul

1415 2315 1473 2345 sibi
1496 2316 1616 2346 malum
1635 2316 1812 2353 accersivit,
1835 2314 1990 2355 siquidem
2011 2314 2160 2345 omnibus
2179 2324 2316 2353 pravum
2335 2321 2368 2345 et

1415 2358 1555 2388 dolosum
1581 2358 1746 2398 ingenium
1771 2368 1863 2389 suum
1889 2357 2046 2397 patefecit,
2070 2363 2102 2388 et
2121 2367 2155 2388 se
2173 2357 2278 2396 ipsum
2298 2367 2367 2397 per-

1416 2409 1508 2438 petua
1541 2402 1724 2432 confusione
1747 2407 1786 2435 et,
1801 2400 1978 2440 ignominia
1999 2400 2114 2430 obruit.
2160 2399 2268 2438 Quum
2292 2409 2367 2439 ergo

1415 2442 1548 2473 Davidis
1579 2443 1730 2483 adspectu
1753 2445 1894 2479 territus,
1927 2452 2000 2474 eum
2025 2452 2043 2472 a
2065 2453 2099 2473 se
2122 2442 2231 2482 procul
2255 2451 2366 2473 aman·

1415 2486 1510 2521 davit,
1539 2497 1636 2525 quum
1661 2487 1823 2526 prosperis
1846 2485 1945 2525 ipsius
1968 2491 2145 2516 commotus
2168 2484 2366 2516 successibus

1414 2528 1550 2558 eundem
1582 2529 1750 2567 revocavit,
1779 2538 1875 2568 quum
1906 2527 2058 2558 honorem
2090 2533 2122 2558 et
2144 2527 2280 2567 gratiam
2303 2537 2367 2567 qua

1414 2570 1553 2610 pollebat
1581 2571 1639 2611 ipsi
1663 2553 1780 2602 invidit
1803 2577 1834 2601 et
1857 2569 2010 2609 perdendi
2034 2570 2175 2601 rationes
2197 2569 2365 2609 quaesivit,

1413 2613 1488 2652 quid
1521 2614 1609 2644 illum
1634 2614 1694 2644 ista
1717 2623 1833 2653 quaeso
1855 2611 2030 2643 iuverunt?
2074 2612 2124 2643 En
2147 2622 2242 2652 quam
2265 2611 2366 2643 admi-

1414 2655 1530 2686 randae
1561 2657 1630 2687 viae
1654 2656 1794 2694 Domini,
1825 2655 1880 2695 qui
1909 2655 2092 2687 occasiones
2122 2654 2213 2686 nobis
2241 2655 2365 2695 ignotas
