2551 3044
178 214 235 245 301

179 311 318 351 aliquam
342 310 539 341 molestiam:
570 309 625 340 sed
649 309 674 340 si
698 308 729 339 id
752 310 934 349 contigerit,
965 309 1004 340 ad
1029 319 1136 340 exem—

179 354 232 393 pla
266 359 450 384 sanctorum
487 352 652 383 hominum
690 351 798 381 oculos
835 360 1070 391 convertamus,
1105 358 1137 382 et

181 396 370 426 nominatim
394 394 553 426 Davidem
576 395 769 430 intueamur,
793 394 885 425 cuius
908 400 1039 433 aspectu
1063 404 1136 425 nos-

181 445 230 469 ter
253 438 341 469 dolor
364 437 519 468 leniatur:
550 446 585 467 ac
615 435 869 476 persuadeamur
893 437 998 468 Deum
1023 447 1081 468 nos
1104 437 1135 467 in

181 481 240 512 hac
263 486 352 520 parte
382 479 612 519 explorantem,
641 478 737 509 etiam
762 486 911 518 tanquam
936 479 1050 520 clypeo
1074 485 1136 510 tec—

180 531 298 562 turum,
323 527 353 552 et
376 532 583 561 quaecunque
609 521 682 551 hinc
705 521 778 552 inde
801 529 978 561 exsurgant
1002 529 1137 562 tempes-

180 570 268 601 tates,
294 569 482 600 tutaturum,
505 569 536 594 et
559 563 713 594 adversus
736 564 806 594 illas
830 575 940 595 omnes
960 566 1004 595 ita
1028 565 1135 595 defen·
1162 582 1164 608 5

180 617 300 644 surum,
321 612 356 637 ut
374 605 554 645 impavidos
573 606 690 636 feriant
710 607 833 637 ruinae.
858 607 979 638 Contra
999 608 1137 638 sciamus

180 652 246 681 fore
274 655 308 680 ut
338 648 365 679 si
396 648 496 679 stulta
527 648 664 688 quadam
695 649 868 680 ambitione
892 650 1074 688 efferamur,
1106 654 1137 680 et

179 692 264 723 ultro
288 702 307 722 a
330 692 399 722 Deo
422 691 618 729 recedamus,
642 697 672 721 et
696 691 735 721 ab
758 692 860 731 ipsius
880 692 1062 723 obedientia
1086 703 1136 722 re-

178 735 338 770 siliamus,
369 738 479 764 nostra
508 734 612 764 omnis
642 744 738 773 opera
769 735 808 764 sit
833 735 953 772 inanis,
984 741 1015 765 et
1039 745 1135 775 quum

178 777 359 808 videbimur
377 776 408 806 in
428 786 591 806 summum
610 787 709 816 usque
729 777 893 816 fastigium
913 778 1024 816 evecti,
1048 783 1136 808 tanto

177 820 361 860 graviorem
402 829 522 856 casum,
561 824 593 849 et
634 820 738 850 maius
779 820 914 850 exitium
950 821 1134 851 sentiamus.

178 862 286 901 Quare
315 861 354 892 ad
384 861 521 901 aliquem
552 861 718 901 dignitatis
752 862 886 902 gradum
922 865 1032 900 evecti,
1067 863 1136 893 Deo

178 911 342 944 acceptum
370 904 560 935 beneficium
591 904 742 942 feramus,
773 915 872 944 eoque
903 916 1029 945 semper
1051 906 1135 936 nita·

815 215 862 246 IN
886 216 911 247 I.
938 216 1022 247 LIB.
1047 215 1244 247 SAMUEL.
1277 215 1375 245 (JAP.
1399 215 1494 246 XIX.

1162 657 1163 664 ¹
1189 648 1322 679 servari.

1161 756 1163 777 ἰ
1188 733 1434 765 interficeretur.

1161 780 1163 805 ζ
1188 777 1294 816 ipsum
1314 787 1553 817 oppressurum,
1574 784 1609 808 ut
1629 785 1735 809 tamen
1757 780 1860 811 caedis
1880 781 1979 819 ipsius
1998 781 2145 812 conscius

178 956 268 978 mur:
301 946 383 986 quod
416 946 663 977 fundamentum
698 948 724 978 si
754 948 956 986 posuerimus
990 948 1134 979 futurum

178 995 235 1028 est,
267 994 302 1020 ut
325 989 400 1020 licet
421 999 476 1019 sus
500 989 602 1028 deque
625 990 732 1020 omnia
755 990 909 1027 ferantur,
940 995 971 1020 et
995 990 1135 1030 undique

177 1031 365 1064 confusione
383 1031 562 1072 cingamur,
582 1031 672 1062 Deus
692 1038 797 1062 tamen
812 1043 924 1063 omnes
943 1033 1015 1064 illas
1034 1034 1135 1064 nubes
1160 1049 1162 1062 1

178 1074 335 1112 discutiat,
354 1074 447 1105 ouius
460 1074 580 1105 auxilio
598 1074 671 1105 freti
684 1085 796 1106 sumus
809 1075 892 1114 quod
913 1075 1006 1106 toties
1018 1086 1052 1106 re
1065 1077 1135 1116 ipsa

177 1128 287 1148 sumus
310 1117 442 1157 experti.
487 1117 535 1148 Ac
558 1116 633 1148 licet
662 1128 755 1157 saepe
780 1128 843 1148 non
866 1124 1020 1158 appareat
1042 1129 1134 1159 prae-

178 1170 250 1191 sens
280 1159 341 1190 Dei
376 1158 540 1197 auxilium,
574 1160 653 1190 fides
686 1167 794 1191 tamen
829 1167 939 1191 nostra
972 1172 1023 1192 res
1057 1162 1135 1192 istas

178 1212 289 1233 omnes
318 1201 488 1232 inferiores
517 1203 689 1242 superabit,
722 1209 751 1233 et
776 1204 807 1233 in
832 1203 892 1233 Dei
917 1204 1133 1243 promissioni-

177 1245 235 1276 bus
257 1244 480 1284 conquiescere
503 1244 607 1283 faciet,
638 1255 761 1285 nempe,
786 1256 950 1285 nunquam
973 1247 1134 1286 perituros
1160 1263 1161 1266 =

175 1287 228 1327 qui
251 1298 340 1318 suam
364 1287 397 1317 in
421 1287 563 1318 Domino
587 1298 676 1327 spem
700 1288 909 1326 collocarunt,
940 1289 1133 1328 quibuscun-

174 1340 234 1369 que
267 1330 396 1360 tandem
432 1337 611 1369 urgeantur
645 1331 905 1362 difficultatibus:
939 1331 994 1362 sed
1026 1331 1133 1362 Deum

175 1372 364 1403 effecturum
396 1377 432 1403 ut
454 1372 612 1412 patientia
636 1374 769 1404 vincant
792 1379 823 1404 et
846 1379 1000 1414 superent
1023 1385 1134 1405 omnes

175 1414 313 1446 Satanae
337 1421 369 1445 et
388 1415 563 1446 satellitum
586 1416 687 1456 ipsius
710 1416 860 1453 insultus,
884 1417 984 1448 donec
1004 1416 1133 1448 tandem

173 1457 246 1488 illos
269 1458 309 1488 ad
334 1468 410 1488 suae
432 1457 507 1488 fidei
530 1459 756 1497 perfectionem
781 1459 959 1490 deduxerit.

258 1500 328 1531 Iam
352 1511 427 1531 vero
451 1500 547 1541 agite,
571 1503 621 1532 etc.

452 1681 696 1720 HOMILIA
721 1681 848 1721 LXX.

546 1748 642 1780 CAP.
667 1748 757 1780 XIX.

258 1843 285 1874 1.
318 1842 478 1882 Loquutus
500 1845 544 1874 est
566 1845 667 1874 autem
691 1842 770 1874 Saul
791 1843 833 1874 ad
852 1843 1007 1874 Ionathan
1029 1844 1133 1882 filiuni

170 1895 270 1924 suum,
294 1888 319 1916 et
342 1886 383 1917 ad
405 1896 507 1917 omnes
529 1895 631 1916 servos
659 1896 741 1925 suos,
769 1888 804 1916 ut
826 1886 992 1917 occiderent
1013 1886 1130 1918 David.

172 1928 270 1959 Porro
302 1928 451 1960 Ionathas
483 1928 571 1967 filius
605 1928 685 1959 Saul
717 1928 862 1968 diliyebat
893 1929 1002 1960 David
1034 1930 1130 1961 valde.
1157 1942 1160 1961 ι

171 1971 200 2002 2.
223 1971 266 2002 Et
283 1971 432 2002 indicavit
450 1971 605 2002 Ionathas
623 1971 740 2009 David,
760 1971 878 2002 dicens.-
903 1972 1031 2011 Quaerit
1051 1972 1132 2004 Saul

166 2016 258 2054 pater
278 2024 363 2044 ‘meus
384 2014 514 2045 occidere
537 2017 579 2045 te:
601 2016 787 2054 quapropter
805 2013 926 2045 observa
950 2017 985 2053 te,
1009 2025 1131 2054 quaeso,

170 2066 269 2094 mane,
293 2059 319 2087 et
341 2056 478 2088 manebis
499 2056 585 2093 clam,
610 2059 637 2087 et
657 2056 861 2088 absconderis.
886 2057 916 2088 3.
940 2057 1009 2097 Eyo
1031 2060 1131 2088 autem

170 2099 336 2139 eyrediens,
366 2099 451 2130 stabo
473 2100 562 2130 iuxta
586 2102 709 2138 patrem
732 2110 832 2130 meum
854 2100 888 2130 in
911 2110 996 2140 agro,
1025 2103 1052 2131 et
1081 2111 1131 2141 eqo

172 2141 279 2180 loquar
306 2141 342 2172 de
364 2144 390 2173 te
411 2142 453 2173 ad
469 2145 594 2181 patrem
616 2152 724 2182 meum,
759 2145 786 2173 et
808 2143 1006 2182 quodcunque
1028 2144 1132 2175 videro

173 2184 321 2214 nunciabo
358 2185 424 2215 tibi.
483 2185 510 2215 4.
537 2185 699 2224 Loquutus
735 2188 778 2216 est
812 2195 884 2225 erqo
914 2186 1063 2217 Ionatlias
1099 2186 1134 2217 cle

175 2225 281 2257 David
309 2226 395 2267 bona,
425 2228 466 2258 ad
489 2227 616 2259 Saulem
639 2230 764 2267 patrem
794 2238 901 2258 suum:
928 2229 1067 2268 dixitque
1089 2229 1131 2260 ad
1156 2247 1157 2260 1

175 2278 258 2298 eum:
280 2268 327 2299 Ne
340 2272 438 2308 peccet
458 2280 513 2301 rex
536 2271 570 2301 in
587 2280 708 2301 servum
726 2280 818 2301 suum
836 2270 954 2309 David,
978 2272 1052 2310 quia
1070 2282 1130 2302 non

168 2311 305 2348 peccavit
336 2312 402 2351 tibi,
441 2315 468 2343 et
499 2323 592 2351 opera
633 2313 701 2344 eius
730 2313 807 2344 bona
841 2317 915 2345 sunt
946 2313 1001 2344 tibi
1033 2314 1130 2345 valde.

174 2352 202 2383 5.
227 2351 269 2383 Et
283 2354 391 2391 posuit
411 2355 547 2386 animam
565 2366 656 2387 suam
678 2356 713 2386 in
730 2366 827 2387 manu
845 2367 913 2396 sua,
937 2359 963 2387 et
975 2357 1131 2395 percussit

176 2394 387 2432 Pliilistaeum,
414 2399 439 2428 et
466 2398 538 2436 fecit
559 2398 716 2430 Dominus
743 2399 871 2430 salutem
893 2410 1038 2440 maynam
1060 2400 1129 2430 uni—

174 2446 259 2468 verso
283 2437 405 2469 Israeli.
444 2439 566 2478 Vidisti,
591 2444 618 2472 et
640 2442 772 2474 laetatus
795 2452 837 2482 es,
860 2452 955 2481 quare
977 2452 1047 2483 erqo
1060 2453 1128 2482 pee-

175 2489 227 2510 cas
255 2480 289 2510 in
316 2481 467 2520 sanquine
493 2483 629 2523 innoxio,
658 2483 843 2523 interficiens
865 2484 982 2523 David,
1011 2485 1066 2524 qui
1087 2488 1130 2516 est

175 2522 288 2562 absque
310 2522 422 2561 culpa?
467 2524 496 2555 6.
524 2525 608 2564 Quod
629 2537 724 2566 quum
746 2527 885 2558 audisset
908 2527 996 2566 Saul,
1020 2528 1129 2567 placa-

174 2567 224 2596 tus
246 2575 312 2596 voce
334 2565 494 2604 Ionathae,
516 2568 649 2600 iuravit:
680 2569 763 2601 Vivit
784 2569 950 2608 Dominus,
973 2571 1048 2610 quia
1069 2581 1128 2602 non

175 2607 332 2638 occidetur.
380 2607 408 2638 7.
438 2608 560 2640 Vocavit
579 2611 682 2650 itaque
704 2611 858 2644 Ionathas
880 2612 996 2645 David.
1026 2615 1053 2644 et
1081 2614 1127 2644 in-

1161 1503 1355 1533 *ministros
1386 1502 1424 1532 ad
1466 1503 1594 1533 caedem
1628 1503 1783 1540 hortatur,

1161 1551 1321 1585 »apparet
1355 1550 1387 1576 et
1420 1544 1557 1576 Davidis
1591 1555 1700 1576 necem
1735 1557 1799 1576 non
1829 1547 1973 1586 potuisse
2006 1546 2144 1586 amplius

174 2650 288 2681 dicavit
317 2650 344 2680 ei
372 2651 476 2681 omnia
502 2651 591 2683 verba
620 2653 708 2685 haec.-
735 2657 762 2686 et
782 2655 957 2687 introduxit
979 2655 1129 2687 Ionatkas

2084 220 2145 250 302>

1189 307 1297 339 David
1319 309 1360 339 ad
1384 308 1470 347 ›S'auly
1501 313 1526 341 et
1552 311 1615 349 fuit
1644 314 1713 342 ante
1743 321 1810 341 enm
1841 313 1919 343 sicut
1949 315 2014 343 strat
2036 312 2102 344 heri
2125 316 2150 344 el

1188 351 1305 381 nudius
1328 352 1444 382 tertius.

1274 435 1337 466 Hic
1356 436 1387 466 in
1409 437 1520 475 primis
1540 438 1786 475 observandum,
1808 440 2024 479 improborum
2045 440 2144 471 homi-

1189 489 1266 508 num
1292 478 1417 518 Deiquc
1441 486 1695 520 contemptorum
1721 482 1878 512 malitiam
1903 484 2013 522 augeri
2035 484 2148 521 indies,

1190 520 1291 551 donec
1314 521 1345 551 in
1369 521 1568 561 desperatam
1594 523 1826 563 impudentiam
1852 526 1994 555 desinat:
2018 532 2049 556 et
2073 537 2146 557 con-

1190 569 1239 593 tra
1264 563 1325 593 Dei
1357 564 1437 594 filios
1469 576 1507 595 ex
1532 565 1636 604 aliquo
1666 567 1806 605 periculo
1831 567 1980 598 liberatos
2004 569 2035 598 in
2060 569 2146 599 aliud

1189 606 1338 643 incidere,
1369 613 1400 636 et
1424 613 1529 637 tamen
1560 619 1683 647 sempor
1708 610 1895 640 miraculose
1919 611 1956 641 ab
1980 611 2049 650 ipso
2072 621 2146 641 con-

1196 690 1201 691 .
1368 648 1460 687 Quod
1492 657 1623 689 apparet
1653 662 1689 681 ex
1722 653 1791 682 istis
1820 663 1900 691 quae
1930 653 1987 684 hoc
2018 653 2085 684 loco
2110 654 2147 685 de

1190 691 1288 722 Saule
1308 698 1491 725 narrantur,
1515 704 1639 723 omnem
1663 694 1798 733 lapidem
1820 701 1967 726 movente
1988 702 2020 726 ut
2040 696 2144 726 David

1479 735 1521 765 Et
1552 736 1680 775 quidem
1711 745 1804 767 antea
1833 745 2015 777 speraverat
2046 749 2078 769 se
2101 740 2145 769 sic

1189 819 1320 849 minime
1345 819 1525 850 videretur:
1550 820 1803 861 quandoquidem
1830 825 1961 862 putabat
1986 823 2145 854 Davidem

1188 873 1352 901 nunquam
1378 862 1627 893 Philistaeorum
1653 865 1799 895 manibus
1829 875 2016 896 evasurum:
2047 873 2079 896 et
2101 867 2146 897 ita

1188 914 1221 934 se
1245 910 1336 934 extra
1359 916 1484 935 omnem
1506 907 1718 945 suspicionem
1739 908 1894 938 futurum.
1918 908 2001 938 Nam
2021 916 2144 948 poterat

1187 947 1340 978 simulare
1364 958 1396 978 se
1420 947 1556 978 Davidis
1580 956 1713 979 mortem
1738 960 1832 989 aegre
1855 950 2026 981 admodum
2051 952 2144 988 ferre,

1187 996 1222 1020 ut
1254 990 1358 1020 solent
1388 991 1575 1030 plerumque
1600 992 1690 1021 multi
1722 992 1842 1023 luctum
1867 993 2027 1033 simulare,
2058 1000 2089 1024 et
2113 995 2144 1024 in

1186 1038 1315 1072 pectore
1344 1043 1501 1063 summam
1533 1034 1686 1064 laetitiam
1719 1035 1887 1066 occultare.
1933 1036 2043 1074 Quum
2067 1046 2145 1067 vero

1187 1075 1268 1106 Saul
1292 1075 1561 1106 animadverteret
1582 1087 1614 1107 se
1637 1087 1765 1116 operam
1790 1077 1903 1109 lusisse
1925 1078 2044 1109 Davidi
2068 1079 2144 1109 insi-

1187 1118 1255 1148 dias
1275 1118 1434 1157 parando:
1459 1119 1628 1158 Deumque
1647 1120 1747 1158 ipsius
1766 1121 1947 1159 opinionem
1968 1126 1998 1151 et
2017 1131 2145 1161 exspec-

1186 1161 1340 1191 tationem
1372 1161 1494 1197 lusisse,
1525 1162 1587 1192 iam
1619 1168 1726 1201 aperte
1754 1162 1835 1193 laxis
1866 1162 2000 1194 habenis
2029 1165 2145 1202 furere,

1187 1208 1219 1234 et
1242 1214 1337 1242 quam
1359 1202 1414 1234 diu
1438 1204 1523 1235 intus
1547 1204 1668 1235 foverat
1694 1205 1915 1236 crudelitatem
1939 1206 2072 1246 prodere
2095 1206 2144 1236 in-

1186 1246 1272 1285 cipit,
1297 1246 1463 1286 filiumque
1486 1246 1702 1277 Ionathanum
1732 1247 1934 1287 reliquosque
1964 1259 2073 1279 servos
2104 1249 2143 1279 ad

1189 1288 1347 1320 Davidem
1370 1289 1627 1320 interficiendum
1651 1290 1807 1321 sollicitat.
1855 1291 1903 1321 Ex
1928 1302 1989 1330 quo
2012 1299 2144 1331 apparet

1188 1331 1289 1371 ipsius
1325 1332 1461 1363 caecitas
1495 1338 1526 1363 et
1560 1332 1718 1364 fanaticus
1752 1333 1847 1364 furor.
1901 1333 1982 1364 Nam
2018 1335 2043 1364 si
2078 1336 2144 1365 solo

1189 1374 1376 1409 Ionathano,
1413 1374 1464 1405 vel
1495 1375 1596 1406 tribus
1627 1381 1682 1406 aut
1712 1382 1849 1415 quatuor
1878 1377 1978 1407 servis
2009 1377 2144 1408 consciis

1188 1422 1325 1447 mortem
1350 1417 1486 1448 Davidis
1510 1418 1720 1457 quaesivisset
1740 1418 1852 1457 pudori
1875 1418 2017 1458 reliquus
2039 1419 2145 1450 adhuc

1188 1460 1304 1499 aliquis
1322 1460 1409 1491 locus
1429 1460 1528 1491 fuisse
1547 1459 1726 1491 videretur:
1751 1461 1804 1491 sed
1824 1472 1923 1500 quum
1942 1472 2051 1493 omnes
2070 1472 2146 1493 suos

1825 1503 2018 1543 depuduisse
2050 1503 2143 1534 illum

1187 1587 1399 1619 dissimulare.
1431 1588 1539 1627 Quare
1559 1588 1685 1619 videtur
1708 1589 1769 1618 iam
1793 1599 1923 1628 prorsus
1947 1588 2142 1629 desperatus,

1187 1636 1219 1661 et
1252 1631 1403 1661 immanis
1437 1641 1473 1662 ac
1514 1631 1629 1662 efferus
1664 1632 1748 1661 0111111
1783 1631 1925 1662 humano
1959 1632 2077 1663 affectu
2110 1638 2143 1663 et

1187 1673 1357 1704 honestate
1386 1674 1548 1713 spoliatus,
1581 1684 1616 1704 eo
1647 1674 1806 1704 amentiae
1827 1674 1993 1705 devenisse
2016 1684 2052 1705 30
2075 1679 2142 1705 stu-

1185 1716 1280 1755 poris,
1305 1721 1340 1747 ut
1359 1716 1421 1747 iam
1443 1727 1545 1756 neque
1564 1716 1669 1747 Deum
1694 1727 1793 1756 neque
1816 1716 1962 1747 homines
1981 1722 2141 1754 vereatur,

1159 1787 1160 1796 ἶ
1185 1759 1414 1799 hominumque
1445 1760 1713 1790 existimationem
1737 1765 1767 1789 et
1796 1759 1912 1790 bonam
1943 1760 2062 1790 famam
2085 1770 2141 1790 ne-

1184 1801 1295 1842 gligat,
1331 1807 1361 1832 et
1395 1801 1554 1833 homicida
1587 1808 1618 1832 et
1651 1801 1777 1841 quidem
1812 1801 2002 1842 perfidiosus
2037 1802 2142 1833 fidelis

1184 1845 1233 1875 sui
1257 1844 1342 1875 servi
1366 1855 1429 1875 non
1453 1844 1636 1875 reformidet
1660 1844 1778 1875 audire.
1820 1845 1870 1875 Ex
1894 1844 2010 1884 quibus
2028 1855 2140 1875 verum

1183 1887 1261 1917 illud
1292 1898 1360 1918 esse
1381 1887 1606 1927 comprobatur
1634 1887 1716 1927 quod
1742 1894 1814 1917 ante
1844 1887 1947 1926 attigi,
1977 1887 2008 1918 in
2034 1886 2142 1918 Saulis

1183 1940 1319 1969 persona
1347 1930 1417 1960 fieri
1448 1931 1662 1970 conspicuum,
1694 1929 1853 1969 improbos
1882 1929 1936 1960 diu
1960 1930 2141 1961 dissimula-

1183 1979 1248 2003 tam
1280 1972 1435 2002 malitiam
1467 1978 1498 2003 et
1521 1973 1756 2012 improbitatem
1782 1972 1911 2003 tandem
1935 1973 2077 2012 prodere,
2110 1978 2141 2003 01

1183 2025 1219 2046 00
1248 2015 1407 2045 amentiae
1437 2021 1469 2046 et
1496 2015 1614 2046 furoris
1637 2014 1794 2055 progredi,
1825 2020 1859 2045 ut
1892 2015 1980 2046 nullo
2003 2015 2141 2055 amplius

1182 2057 1313 2097 pudore,
1334 2067 1436 2097 neque
1456 2058 1639 2089 discrimine
1659 2058 1732 2088 boni
1751 2062 1808 2088 aut
1824 2057 1908 2095 mali,
1928 2058 2140 2089 retineantur.

1183 2100 1277 2139 Quod
1300 2111 1337 2131 eo
1361 2100 1546 2141 diligentius
1570 2107 1616 2131 est
1639 2100 1888 2138 observandum,
1911 2110 1973 2140 quo
1996 2100 2138 2140 plerum-

1183 2153 1243 2183 que
1274 2143 1367 2174 multi
1396 2143 1527 2183 gravius
1560 2143 1594 2173 in
1624 2154 1659 2173 eo
1694 2148 1834 2182 peccant.
1886 2143 1969 2173 Nam
2000 2144 2140 2183 exempli

1182 2186 1296 2226 gratia,
1320 2186 1374 2225 qui
1398 2186 1437 2216 ad
1461 2186 1581 2216 furtum
1601 2186 1743 2216 animum
1763 2185 1880 2223 adiicit,
1903 2185 1995 2216 initio
2013 2186 2139 2225 quidem

1183 2228 1325 2259 horrebit
1349 2228 1483 2259 alicuius
1507 2228 1654 2268 iugulum
1677 2234 1794 2267 petere,
1824 2233 1998 2259 contentus
2020 2229 2141 2260 loculos

1182 2270 1363 2309 abstulisse,
1387 2282 1405 2301 a
1428 2271 1522 2302 caede
1544 2281 1678 2310 prorsus
1701 2270 1842 2301 alienus:
1874 2270 1929 2302 sed
1953 2271 2006 2302 ubi
2030 2271 2140 2303 diabo-

1181 2314 1231 2345 lus
1254 2313 1350 2344 semel
1383 2314 1526 2344 animum
1551 2313 1680 2348 invasit,
1711 2313 1755 2343 sie
1778 2312 1910 2344 indurat
1933 2318 1964 2344 et
1986 2314 2140 2354 exagitat,

1182 2362 1219 2387 111
1244 2356 1372 2386 tandem
1397 2356 1480 2386 laxis
1504 2355 1637 2386 habenis
1661 2355 1699 2385 ad
1723 2355 1858 2395 quodvis
1881 2356 1985 2387 scelus
2007 2356 2138 2388 feratur.

1180 2399 1286 2438 Atque
1317 2399 1375 2429 1100
1398 2398 1520 2429 Paulus
1551 2399 1617 2437 ipse
1648 2397 1739 2428 docet
1761 2409 1859 2437 quum
1884 2399 1939 2437 ait,
1970 2409 2023 2429 eos
2046 2399 2140 2431 dedo-

1181 2442 1246 2472 lere
1268 2442 1321 2480 qui
1351 2451 1369 2471 a
1391 2442 1460 2471 Deo
1488 2441 1522 2471 in
1551 2440 1720 2480 reprobum
1745 2451 1874 2472 sensum
1898 2441 2031 2472 coniecti
2054 2450 2140 2479 sunt,

1182 2491 1217 2515 ut
1248 2494 1309 2514 non
1341 2483 1444 2514 solum
1475 2483 1559 2523 apud
1592 2483 1736 2514 homines
1766 2494 1894 2514 omnem
1924 2484 2140 2516 reverentiam

1180 2532 1212 2558 et
1246 2527 1448 2557 honestatem
1491 2532 1660 2565 respuant,
1704 2525 1759 2556 sed
1797 2527 1892 2557 etiam
1927 2528 2141 2559 conscientias

1180 2574 1326 2600 mortuas
1349 2568 1498 2605 habeant,
1529 2573 1565 2598 ut
1590 2568 1650 2599 Dei
1674 2568 1789 2599 timore
1812 2579 1877 2600 non
1900 2570 2040 2609 amplius
2063 2571 2140 2602 reti-

1181 2616 1328 2649 neantur,
1349 2621 1409 2651 quo
1428 2611 1495 2642 solo
1515 2616 1648 2650 possunt
1660 2610 1808 2643 homines
1826 2611 1968 2643 cohiberi
1987 2623 2027 2643 ne
2046 2623 2139 2653 prae-

1181 2655 1293 2694 cipites
1316 2654 1349 2684 in
1374 2654 1451 2684 vitia
1474 2659 1580 2693 ruant,
1603 2658 1759 2693 tantoque
1778 2655 1880 2695 magis
1902 2654 1983 2686 iram
2005 2655 2139 2688 Domini
