2551 3044
238 193 301 225 233

244 294 320 332 post
344 300 452 321 necem
477 288 613 319 dedecus
637 292 668 318 et
692 287 902 328 ignominiam
926 296 1097 327 corporum
1128 296 1210 325 quac

247 334 315 365 sinc
331 332 450 363 honore
464 331 625 371 insepulta
643 331 782 361 iaceant:
802 330 856 361 scd
878 341 977 370 quum
998 340 1060 360 non
1082 334 1208 359 tantum

246 376 368 417 giganti
397 375 443 405 illi
474 373 528 404 sed
564 373 695 413 reliquis
718 373 812 404 etiam
837 372 1022 403 Philistaeis
1045 372 1129 402 idem
1153 382 1209 411 op-

247 418 413 459 probrium
449 417 609 454 minatur,
643 415 756 455 spiritu
791 415 978 456 prophetico
1012 420 1044 445 et
1078 413 1209 454 speciali

248 461 446 493 revelatione
480 460 583 490 facere
617 465 739 489 certum
773 463 829 489 est.
876 457 1048 490 Goliathus
1082 456 1209 496 quidem

247 514 306 535 sua
337 503 454 533 virtute
485 507 515 531 et
540 501 652 532 robore
677 502 776 532 fretus
800 501 973 532 insultabat
996 500 1209 530 adolescenti:

246 545 303 577 sed
333 545 429 585 longe
453 544 546 574 aliter
571 544 688 581 David,
716 544 771 583 qui
800 554 875 574 sane
899 544 993 583 longe
1017 543 1119 582 impar
1142 546 1210 572 erat

247 588 371 620 viribus
394 587 441 617 illi
464 597 536 617 cum
561 597 623 626 quo
647 586 929 627 congrediebatur:
953 586 1007 616 sed
1027 590 1133 616 tamen
1147 584 1210 615 Dei

247 631 360 662 robore
383 630 494 665 fretus,
524 635 555 659 et
585 629 623 660 ab
648 630 714 669 ipso
738 629 865 669 speciali
891 629 1014 660 ratione
1037 628 1209 659 confirma-

247 678 309 704 tus.
342 672 451 711 Quare
472 682 510 702 ne
530 672 708 712 cogitemus
728 676 846 702 temere
860 671 1017 702 Davidem
1039 671 1209 710 loquutum

247 716 355 753 fuisse,
387 720 423 746 ut
448 714 541 745 multi
565 714 669 744 solent
692 715 724 744 in
751 725 869 745 vanum
895 715 954 745 Dei
978 724 1093 744 nomen
1118 723 1208 743 assu-

247 769 344 795 mere,
369 758 460 797 quasi
485 758 517 787 in
542 761 698 797 potestate
722 767 779 787 sua
798 758 903 788 Deum
928 756 1091 791 haberent,
1116 760 1146 786 et
1169 755 1208 785 ab

248 801 316 841 ipso
348 806 549 841 regerentur,
580 810 598 830 a
629 810 691 838 qua
719 801 899 831 temeritate
922 810 998 831 sane
1023 798 1127 829 David
1149 798 1209 828 fuit

248 843 482 879 alienissemus,
517 842 570 873 sed
607 848 642 872 ut
673 848 747 873 ante
776 843 914 874 vidimus
943 841 1075 882 spiritus
1105 840 1209 872 saneti

247 886 401 926 peculiari
415 892 502 916 motu
522 889 553 915 et
572 884 710 924 impulsu
726 885 885 916 Davidem
905 887 1078 916 excitatum
1097 884 1207 920 fuisse,

247 930 292 960 sic
315 929 425 959 eodem
449 928 550 958 fretus
574 928 740 958 victoriam
773 928 810 958 de
834 928 924 959 hoste
947 928 1007 959 sibi
1030 927 1207 967 pollicetur,

246 972 338 1003 cuius
369 981 478 1002 casum
509 970 624 1009 reliqui
650 970 817 1001 Philistaei
840 976 1033 1010 sequantur:
1060 968 1209 1010 quemad-

246 1013 378 1045 modum
410 1018 441 1044 et
471 1013 644 1052 contigisse
674 1012 822 1053 deinceps
849 1013 1038 1044 videbimus.
1084 1012 1208 1042 Idcirco

247 1057 439 1087 nominatim
459 1055 567 1086 obiicit
592 1055 643 1085 isti
668 1055 791 1095 giganti
815 1056 1026 1087 contumelias
1048 1055 1081 1085 in
1101 1055 1208 1085 Deum

245 1100 362 1139 ipsum,
396 1097 478 1138 quod
501 1097 677 1133 Israelitas,
713 1099 828 1137 quibus
862 1100 927 1139 ipse
952 1098 1039 1129 Deus
1073 1102 1208 1138 praeest,

246 1142 445 1182 despexisset
469 1145 501 1170 et
528 1141 700 1180 opprobrio
735 1140 916 1172 habuisset:
956 1142 1070 1181 quibus
1103 1140 1208 1171 verbis

244 1184 368 1216 indicat
398 1183 514 1223 impios
545 1194 643 1222 quum
668 1183 822 1215 adversus
847 1185 950 1215 Deum
973 1184 1208 1224 blasphemant,

245 1227 306 1258 sibi
339 1226 417 1266 ipsis
449 1225 568 1256 malum
600 1236 771 1256 accersere.
817 1227 882 1258 Nos
912 1228 1019 1266 itaque
1049 1226 1208 1257 discamus

245 1275 323 1301 tuuc
346 1268 488 1299 maxime
512 1268 720 1299 assumendos
744 1269 868 1301 animos
892 1270 925 1300 in
949 1269 1062 1300 mediis
1085 1268 1208 1300 afflicti-

244 1312 368 1352 onibus,
394 1321 493 1351 quum
520 1311 626 1341 hostes
650 1322 686 1341 eo
710 1311 885 1343 deveniunt
913 1312 1140 1352 impudentiae,
1172 1315 1207 1342 ut

244 1365 303 1386 nos
336 1354 489 1386 conviciis
523 1360 554 1384 et
588 1354 793 1385 contumeliis
827 1355 1004 1386 afficientes
1034 1355 1068 1386 in
1098 1355 1205 1394 ipsum

243 1398 350 1429 Deum
384 1402 415 1427 et
449 1396 582 1427 verbum
619 1397 719 1436 ipsius
753 1397 817 1428 sint
852 1397 1087 1429 contumeliosi:
1122 1396 1205 1436 quod

243 1451 308 1471 non
333 1440 465 1479 impune
483 1439 606 1470 laturos
625 1440 710 1479 ipsos
730 1446 779 1470 est
797 1441 1020 1472 certissimum.
1046 1439 1205 1479 Exemplo

243 1482 330 1514 istud
353 1483 563 1513 confirmatur
587 1482 807 1522 Assyriorum,
838 1493 916 1522 quos
941 1484 1027 1514 Deus
1054 1493 1111 1523 per
1134 1493 1204 1522 pro-

242 1525 374 1566 phetam
417 1525 568 1564 quoniam
612 1525 730 1565 populo
764 1526 943 1557 Israelitieo
984 1527 1204 1562 insultassent,

243 1567 399 1607 praedicit
431 1578 489 1599 sua
518 1578 617 1598 manu
650 1568 819 1599 feriendos,
865 1569 948 1600 Nam
977 1569 1122 1609 impurus
1150 1567 1205 1599 ille

242 1610 463 1643 Sancheribus
483 1610 640 1641 Ezechiae
668 1611 736 1650 regi
768 1617 800 1642 et
824 1612 939 1651 populo
962 1612 1006 1643 sic
1028 1611 1204 1642 insultave-

241 1659 302 1690 rat,
326 1659 363 1683 ut
386 1654 418 1683 in
441 1653 546 1693 ipsum
561 1653 667 1683 Deum
689 1653 892 1693 blasphemas
913 1665 1004 1686 voces
1027 1658 1203 1685 evomeret:

242 1696 449 1736 quamobrem
480 1695 571 1727 Deus
596 1695 768 1727 Ezechiam
792 1707 850 1737 per
873 1697 1063 1737 prophetam
1090 1706 1204 1728 conso·

241 1739 343 1776 latus,
375 1739 437 1776 ait,
468 1749 501 1769 se
529 1739 703 1769 vindictam
734 1738 771 1770 de
802 1740 945 1779 profanis
974 1740 1036 1771 illis
1059 1745 1205 1780 sumptu-

242 1792 325 1820 rum,
348 1781 397 1812 his
419 1781 542 1813 verbis:
576 1781 697 1820 Sprevil
724 1784 750 1812 te
782 1784 810 1812 et
836 1783 1037 1814 subsannavit
1065 1785 1091 1815 te
1121 1784 1206 1825 viryo

243 1824 312 1864 filia
338 1823 431 1855 Sion:
448 1827 519 1864 post
539 1834 668 1864 requam
690 1827 775 1854 tuum
797 1828 888 1864 eaput
909 1826 1002 1856 movit
1021 1826 1089 1865 filia
1113 1827 1206 1858 Ieru—

244 1867 349 1899 salem.
387 1866 445 1898 Cui
464 1867 668 1906 exprobrasti,
689 1870 715 1898 el
735 1878 825 1906 quem
843 1868 1083 1908 blasphemasti?
1103 1872 1207 1901 contra

244 1920 333 1950 quem
362 1909 505 1941 exaltasti
533 1920 631 1940 vocem
659 1913 753 1946 taam,
787 1913 813 1940 et
839 1911 962 1942 elevasti
991 1912 1024 1942 in
1058 1913 1207 1944 excelsum

245 1953 346 1984 oculos
368 1952 459 1984 taos?
491 1952 601 1984 Contra
625 1955 762 1983 sanctum
786 1952 896 1984 Israel.
922 1954 1009 1985 Deus
1032 1965 1108 1996 ergo
1132 1956 1207 1995 quia.

244 1994 421 2027 Ierusalem
446 2001 513 2026 erat
537 1995 569 2025 in
590 1995 692 2035 ipsius
711 1996 877 2035 praesidio,
900 2000 931 2027 et
948 1997 1064 2028 ibidem
1086 1999 1206 2039 regiam

245 2038 353 2069 sedem
377 2045 533 2075 erexerat,
564 2039 706 2068 minatur
735 2049 768 2069 se
798 2039 881 2078 quod
906 2040 1032 2080 Assyrii
1055 2041 1206 2073 fiduciam

245 2081 279 2111 in
304 2080 410 2111 Deum
434 2080 565 2111 Israelis
589 2080 747 2111 Ezechiae
777 2087 810 2112 et
839 2082 956 2121 populo
987 2084 1122 2123 superbe
1153 2096 1206 2115 ex-

244 2123 462 2163 probrassent,
483 2123 656 2154 vindictam
672 2123 710 2154 de
729 2123 807 2163 ipsis
825 2129 1040 2164 sumpturum,
1061 2137 1206 2158 eausam-

245 2176 306 2205 que
337 2177 427 2197 suam
457 2166 672 2203 defensurum,
709 2171 740 2196 et
769 2167 800 2197 in
832 2166 916 2206 ipsos
940 2167 1046 2200 hostes
1070 2170 1206 2201 dedecus

247 2208 477 2239 derivaturum.
531 2208 641 2247 Quare
676 2208 702 2240 si
730 2208 791 2240 Dei
822 2209 960 2250 insignia
990 2211 1140 2249 feramus,
1174 2218 1208 2244 et

246 2261 311 2281 non
343 2252 415 2281 ficte
446 2262 548 2290 neque
574 2251 723 2282 simulato
747 2262 863 2283 nomen
887 2253 987 2292 ipsius
1009 2254 1206 2292 invocemus,

247 2298 279 2324 et
301 2293 426 2324 alarum
450 2294 549 2333 ipsius
574 2294 687 2325 umbra
711 2299 868 2335 tegamur,
893 2295 1038 2328 hostibus
1060 2298 1206 2339 linguam

247 2335 420 2367 adversum
434 2347 490 2367 nos
505 2337 689 2376 petulanter
702 2338 936 2375 exserentibus,
960 2344 992 2370 et
1005 2341 1094 2372 virus
1111 2352 1207 2372 suum

246 2378 443 2414 efflantibus,
476 2384 507 2409 et
539 2379 719 2419 triumphos
754 2381 1003 2420 instituentibus,
1037 2383 1207 2415 imminere

245 2421 397 2452 ultimum
422 2422 554 2452 exitium
579 2433 597 2452 a
623 2423 761 2453 Domino
785 2424 932 2463 sciamus,
960 2425 1011 2456 cui
1034 2432 1110 2457 sunt
1132 2437 1207 2467 pro-

246 2464 433 2504 pinquiores
458 2474 520 2503 quo
539 2465 772 2496 insolentiores.
808 2466 872 2497 Nos
892 2467 1000 2507 itaque
1022 2473 1097 2500 tunc
1117 2473 1208 2501 tanto

246 2507 350 2546 magis
373 2508 534 2547 praesenti
559 2508 666 2538 animo
691 2509 799 2546 simus,
824 2514 855 2540 et
868 2509 1003 2542 Davidis
1022 2513 1207 2552 exemplum

245 2549 421 2588 imitemur,
444 2555 531 2581 certo
555 2550 699 2590 persuasi
723 2561 785 2590 quo
809 2552 912 2592 magis
935 2553 1042 2585 hostes
1062 2556 1207 2587 veritatis

246 2597 279 2623 et
311 2603 412 2633 purae
446 2592 613 2633 religionis
644 2593 841 2626 insolescunt
876 2601 908 2626 et
944 2596 1140 2636 efferuntur,
1175 2603 1207 2630 et

246 2633 443 2676 blasphemis
468 2636 599 2667 vocibus
623 2635 683 2667 Dei
708 2637 908 2669 maiestatem
932 2638 1072 2679 laedunt,
1096 2652 1206 2673 suum-

888 193 935 223 IN
959 193 985 224 I.
1011 193 1097 224 Llss.
1123 192 1321 224 SAMUEL.
1346 192 1442 224 OAP.
1471 195 1578 225 XVII.

2169 196 2230 227 2:34

1264 297 1325 326 que
1349 287 1381 317 in
1406 297 1463 317 nos
1488 289 1574 319 virus
1598 288 1718 327 estlaut,
1748 299 1784 319 eo
1815 289 2060 329 propinquiores
2080 300 2150 321 esse
2169 301 2227 321 suo

1263 330 1378 360 exitio:
1403 337 1435 360 ct
1457 342 1517 370 quo
1541 332 1641 371 inagis
1665 333 1766 362 securi
1791 332 1849 363 sibi
1872 332 2031 370 videntur,
2054 339 2085 363 ct
2104 332 2142 364 dc
2165 334 2227 365 vic-

1264 372 1344 402 toria
1368 373 1444 403 certi
1470 375 1559 412 quasi
1584 375 1724 405 consiliis
1748 375 1815 405 suis
1839 375 1877 404 ad
1902 375 2025 405 exitum
2050 376 2225 414 perductis,

1263 425 1299 445 eo
1323 415 1416 446 eitius
1439 422 1469 446 et
1493 424 1654 447 mouit-uto
1678 417 1807 456 quidem
1829 418 1929 448 aDeo
1954 418 1986 448 in
2011 418 2146 448 exitium
2172 418 2223 449 de-

1263 457 1448 488 turbandos.

1349 500 1527 536 l'ergamus
1557 501 1594 531 ad
1625 502 1782 541 insignem
1815 502 1902 533 illam
1929 502 2064 534 Davidis
2093 508 2223 535 senten-

1263 543 1356 573 tiam:
1393 543 1435 573 Et
1458 545 1534 574 scial
1555 544 1655 573 omnis
1677 547 1757 575 terra
1781 546 1855 583 quia
1878 547 1921 575 ‹as-t
1943 545 2031 576 Deus
2053 546 2086 576 in
2112 546 2223 584 Israfil,

1263 588 1289 615 el
1311 586 1431 616 noverit
1453 587 1597 617 universa
1616 587 1738 617 molesia
1761 587 1841 624 hacc,
1872 588 1947 627 qaia
1970 598 2029 618 non
2053 589 2084 618 'in
2107 589 2224 628 ylaclio,

1262 638 1314 658 nec
1336 629 1368 658 ‘in
1390 628 1480 659 hasla
1502 629 1601 659 salvat
1624 629 1787 660 Dominus.
1834 630 1956 661 Eadem
1986 631 2083 661 verba
2115 632 2223 662 David

1263 681 1343 709 quae
1367 681 1466 711 supra
1490 672 1604 711 repetit
1628 671 1682 701 sed
1704 672 1780 702 illud
1800 673 2036 704 observandum
2056 674 2140 713 quod
2161 675 2222 704 ait:

1262 713 1304 744 Et
1326 713 1404 744 sciat
1426 715 1525 745 omnis
1546 716 1627 744 terra
1650 715 1723 753 qaia
1746 717 1789 745 est
1811 715 1899 746 Dens
1922 716 1955 746 rin
1978 716 2088 747 Israel.
2136 716 2220 747 Nam

1262 756 1332 787 istis
1363 756 1470 787 verbis
1501 756 1648 793 declarat,
1681 757 1795 796 quibus
1825 758 1957 794 viribus,
1992 770 2054 798 qua
2089 760 2224 790 audacia

1263 799 1362 829 frctus
1387 803 1451 829 tam
1475 799 1633 838 intrepide
1653 799 1842 830 Goliathum
1868 801 2083 841 aggrediatur,
2108 812 2223 842 nempe

1262 841 1324 872 Dei
1350 842 1476 878 virtute,
1496 842 1549 881 qui
1574 842 1705 872 verbum
1725 853 1817 872 suum
1838 844 1878 873 sit
1898 844 2097 883 impleturus,
2122 850 2153 875 ct
2172 856 2222 876 cc-

1261 884 1390 914 clesiam
1405 894 1494 915 suam
1509 890 1680 915 tutaturus.
1710 885 1798 915 Nihil
1823 886 1920 924 igitur
1945 887 1995 917 hic
2018 887 2077 917 sibi
2101 894 2222 918 temere

1263 927 1370 957 David
1401 928 1504 965 finxit,
1536 933 1570 957 ut
1599 927 1736 958 solemus
1770 928 1960 968 plerumque
1994 930 2096 959 multa
2130 930 2221 961 nobis

1262 974 1382 1000 temere
1413 969 1622 1010 persuadere:
1650 976 1681 1000 et
1710 970 1796 1000 inani
1830 971 1966 1010 quadam
1993 972 2126 1003 audacia
2150 973 2222 1003 freti

1260 1017 1387 1043 montes
1410 1023 1522 1043 aureos
1546 1013 1634 1043 nobis
1658 1013 1807 1051 polliceri,
1832 1014 1921 1053 quasi
1947 1015 2048 1045 nubes
2073 1015 2159 1054 ipsas
2184 1016 2224 1046 si-

1260 1065 1334 1085 mus
1367 1056 1603 1086 transeeusuri:
1642 1055 1697 1085 sed
1731 1056 1836 1086 David
1870 1056 1932 1087 Dei
1972 1058 2219 1096 promissionem

1262 1097 1434 1137 specialem
1467 1098 1505 1129 de
1534 1097 1669 1128 tutando
1699 1104 1730 1128 et
1753 1098 1952 1129 defendendo
1976 1100 2096 1131 Israele
2118 1101 2220 1140 respi-

1261 1141 1375 1171 ciebat.
1421 1141 1503 1172 Nam
1539 1146 1624 1171 terra
1654 1140 1779 1180 quidem
1811 1142 1961 1172 universa
1991 1149 2040 1173 cst
2064 1143 2218 1174 lehovae:

1262 1183 1317 1214 sed
1341 1188 1448 1214 tamen
1472 1183 1626 1214 Israelem
1650 1184 1767 1214 scimus
1791 1184 1894 1214 Deum
1919 1185 1979 1215 sibi
2004 1186 2035 1215 in
2060 1186 2219 1225 peculium

1262 1226 1427 1266 delegisse.
1463 1226 1572 1265 Quare
1595 1237 1692 1265 quum
1717 1227 1792 1257 dicit
1814 1226 1921 1257 Deum
1945 1238 2014 1258 esse
2037 1230 2069 1258 in
2090 1228 2219 1266 Israffle,

1262 1280 1324 1299 non
1349 1269 1545 1309 imaginatur
1569 1268 1729 1308 quandam
1753 1269 1930 1306 ecclesiam,
1960 1271 2014 1301 sed
2038 1271 2099 1301 Dei
2119 1272 2220 1310 ipsius

1262 1311 1370 1349 verbo,
1404 1312 1487 1352 quod
1523 1311 1632 1343 tallere
1666 1322 1729 1342 non
1764 1317 1877 1351 potest,
1912 1314 2035 1344 nititur.
2082 1313 2219 1352 Quando

1259 1355 1360 1395 igitur
1375 1355 1435 1386 Dei
1450 1365 1567 1385 nomen
1587 1360 1621 1385 ut
1641 1361 1766 1385 scutum
1782 1355 1926 1386 hostibus
1949 1356 2095 1393 obiicere,
2120 1366 2220 1396 eoque

1261 1399 1326 1439 tegi
1350 1398 1557 1435 voluerimus,
1589 1396 1694 1428 danda
1723 1408 1819 1438 opera
1849 1404 1907 1436 est,
1941 1403 1977 1429 ut
2000 1399 2099 1438 ipsius
2123 1399 2220 1430 verbo

1259 1441 1334 1472 freti
1357 1441 1468 1478 simus,
1500 1451 1539 1470 ne
1571 1444 1689 1470 temere
1712 1440 1790 1471 illud
1818 1451 2028 1478 assumamus,
2060 1447 2095 1472 ut
2125 1441 2221 1472 multi

1258 1484 1363 1515 solent
1399 1484 1458 1514 Dei
1491 1483 1620 1514 nomine
1650 1483 1789 1523 gloriari,
1826 1484 1879 1523 qui
1914 1489 2019 1514 tamen
2054 1484 2123 1515 eius
2153 1484 2221 1514 vir·

1258 1532 1360 1558 tutem
1377 1527 1536 1566 ignorant,
1557 1536 1658 1565 neque
1678 1536 1817 1566 unquam
1839 1527 1906 1558 eius
1926 1527 2055 1557 fuerunt
2074 1526 2219 1558 studiosi.

1257 1569 1476 1608 Quamobrem
1510 1569 1537 1600 si
1571 1574 1689 1600 rectam
1720 1580 1788 1600 esse
1819 1574 1850 1599 et
1884 1569 2091 1609 approbatam
2124 1569 2220 1600 fidem

1258 1617 1403 1644 nostram
1437 1613 1593 1652 cupimus,
1626 1616 1658 1642 et
1691 1621 1763 1642 cum
1797 1622 1834 1642 ea
1867 1612 1984 1643 fiducia
2015 1612 2221 1644 coniunctam

1257 1666 1320 1696 qua
1351 1655 1493 1686 hostium
1516 1658 1649 1686 conatus
1680 1654 1783 1685 ridere
1813 1656 1979 1694 possimus,
2014 1660 2140 1694 oportet
2162 1666 2221 1686 nos

1257 1704 1345 1731 certo
1380 1708 1550 1738 persuasos
1581 1708 1649 1728 esse
1673 1697 1733 1728 Dei
1770 1698 1898 1728 infinita
1931 1703 1962 1728 et
1991 1697 2220 1728 inaestimabili

1257 1742 1399 1773 bonitate
1415 1746 1447 1772 ct
1469 1740 1638 1772 clementia
1661 1751 1718 1771 nos
1741 1750 1809 1771 esse
1832 1741 1864 1770 in
1888 1740 1969 1772 filios
1993 1740 2169 1780 adoptatos,
2189 1744 2221 1770 et

1258 1789 1294 1816 ut
1324 1794 1467 1816 essemus
1497 1784 1600 1823 ipsius
1630 1783 1762 1814 ecclesia
1792 1788 1934 1814 vocatos:
1970 1783 2103 1823 ideoque
2136 1783 2220 1814 velle

1258 1829 1364 1868 ipsum
1396 1838 1414 1858 a
1445 1827 1537 1858 nobis
1571 1830 1608 1857 ut
1641 1832 1766 1866 patrem
1798 1827 1951 1863 invocari,
1985 1831 2018 1856 et
2051 1836 2222 1865 persuasos

1259 1881 1328 1902 esse
1351 1881 1409 1902 nos
1434 1870 1533 1909 ipsius
1562 1879 1631 1899 esse
1658 1869 1747 1907 filios,
1778 1874 1808 1899 et
1838 1869 2009 1900 utilitatem
2042 1878 2123 1908 quae
2147 1867 2222 1899 inde

1259 1914 1297 1945 ad
1334 1924 1392 1944 nos
1426 1913 1508 1943 redit
1542 1922 1730 1952 agnoscere:
1773 1912 1854 1951 quod
1890 1922 1930 1942 ex
1965 1911 2129 1950 singulare
2163 1921 2222 1942 sua.

1259 1955 1481 1988 misericordia.
1505 1955 1642 1987 voluerit
1664 1955 1696 1985 in
1720 1954 1801 1985 filios
1826 1954 1989 1994 z.¹..›ptare.
2020 1953 2088 1985 Nos
2111 1954 2221 1993 itaque

1260 2000 1320 2031 Dei
1346 1999 1475 2029 nomine
1499 1998 1611 2029 laetari
1631 2008 1693 2028 nou
1715 2007 1894 2038 possumus,
1918 1997 1979 2027 nisi
1998 2001 2119 2028 certam
2140 1997 2222 2027 fidu-

1260 2043 1297 2073 ci.
1322 2042 1387 2072 „in
1402 2042 1472 2082 ipso
1491 2041 1675 2077 habeamus,
1698 2042 1810 2071 fretam
1831 2040 1892 2070 fide
1915 2050 1980 2070 non
2005 2039 2102 2070 dubia
2125 2049 2221 2079 quam

1259 2096 1299 2117 ex
1322 2085 1425 2125 ipsius
1449 2084 1615 2124 promissis
1639 2083 1820 2114 hausimus:
1842 2082 1893 2114 hic
1912 2083 1997 2113 enim
2018 2083 2132 2113 unicus
2151 2083 2221 2113 fons

1260 2134 1307 2160 est
1337 2132 1466 2158 nostrae
1498 2127 1641 2158 fiduciae.
1687 2126 1809 2157 Idcirco
1833 2125 1939 2165 itaque
1963 2125 2071 2156 David
2096 2125 2222 2155 dicebat

1259 2172 1366 2202 Deum
1390 2181 1458 2201 esse
1482 2170 1513 2200 in
1538 2170 1672 2200 lsraelc:
1704 2179 1766 2199 non
1791 2167 1876 2207 quod
1900 2178 1974 2199 eum
1998 2168 2057 2199 sibi
2081 2167 2220 2208 populus

1260 2218 1367 2254 posset
1390 2212 1560 2244 devincire.
1596 2212 1651 2242 sed
1682 2211 1763 2251 quod
1788 2222 1827 2241 ex
1851 2221 1939 2242 mera
1961 2211 2105 2242 bonitate
2128 2220 2221 2250 prae-

1260 2257 1397 2289 sentiam
1432 2266 1521 2286 suam
1556 2254 1598 2285 ibi
1627 2255 1788 2294 pollicitus
1818 2259 1911 2290 esset,
1945 2258 1977 2284 et
2006 2254 2039 2284 in
2070 2252 2220 2284 omnibus

1260 2299 1418 2340 angustiis
1443 2298 1608 2330 auxilium.
1650 2297 1716 2328 Nos
1739 2307 1814 2328 vero
1837 2296 1931 2327 hodie
1954 2296 2029 2328 licet
2050 2296 2091 2327 ab
2115 2296 2221 2327 Abra-

1259 2343 1354 2373 hamo
1384 2352 1447 2372 non
1479 2341 1631 2371 ducamus
1659 2340 1822 2378 originem,
1854 2345 1961 2370 tamen
1984 2340 2019 2370 in
2042 2339 2148 2370 locum
2171 2338 2220 2369 Is-

1260 2385 1446 2416 raelitarum
1467 2384 1686 2420 successimus,
1706 2381 1976 2421 quemadmodum
1996 2382 2086 2413 docet
2099 2381 2221 2412 Paulus

1261 2427 1431 2468 apostolus,
1467 2426 1616 2465 quoniam
1651 2426 1684 2455 in
1709 2425 1877 2456 Christum
1912 2425 2003 2455 insiti
2032 2435 2143 2456 sumus
2167 2424 2222 2464 qui

1261 2474 1356 2501 antea
1378 2480 1505 2500 eramus
1529 2469 1674 2505 oleaster,
1698 2469 1731 2498 in
1756 2467 1894 2498 radicem
1913 2467 2012 2507 illam,
2038 2468 2179 2507 inquam.
2204 2477 2222 2497 a

1261 2514 1329 2544 Deo
1352 2513 1420 2552 ipso
1443 2516 1672 2545 consecratam,
1696 2521 1796 2550 quum
1820 2520 1878 2550 per
1898 2510 1994 2541 fidem
2014 2510 2093 2541 facti
2112 2520 2222 2541 samus

1260 2555 1393 2586 Domini
1425 2554 1526 2585 nostri
1556 2553 1631 2583 Iesu
1662 2553 1784 2584 Christi
1816 2554 1970 2584 membra.
2016 2553 2088 2584 Hoc
2112 2553 2221 2592 itaque

1259 2598 1399 2629 sufficiat
1429 2607 1486 2627 nos
1515 2607 1532 2627 a
1556 2596 1625 2626 Deo
1651 2607 1708 2636 per
1731 2596 1934 2635 evangelium
1959 2596 2058 2627 fuisse
2083 2601 2220 2633 vocatos,

1260 2646 1291 2672 et
1314 2640 1543 2681 promissiones
1567 2638 1658 2670 nobis
1681 2639 1780 2670 factas
1802 2649 1861 2669 nos
1880 2639 1918 2670 ab
1938 2639 2008 2679 ipso
2028 2638 2061 2669 in
2082 2638 2221 2679 gratiam
