2551 3044
158 181 216 212 501

157 275 299 307 officium
328 285 398 307 esse
428 275 520 306 docet
550 273 590 304 de
618 273 739 305 iniuste
770 273 862 304 factis
892 273 1064 313 inquirere,
1094 278 1126 305 et

157 327 216 357 pro
239 317 364 349 meritis
387 317 500 357 cuique
524 315 712 352 retribuere,
736 315 827 355 quasi
860 315 961 347 dicat:
985 315 1124 347 Domine

158 359 249 392 Deus
272 370 381 392 coram
412 363 444 390 te
476 363 574 390 testor
597 368 648 388 me
679 357 768 388 nullo
792 357 873 394 odio,
905 363 960 388 aut
982 358 1123 391 malevo-

157 402 258 434 lentia
282 402 413 433 Saulem
437 401 593 441 persequi,
624 400 725 440 gratis
754 399 834 430 mihi
865 400 985 431 factum
1016 401 1123 432 inimi-

157 455 230 477 cum
253 449 285 476 et
307 454 358 475 me
382 446 464 474 testa
486 443 619 482 lutoque
643 442 682 473 ad
706 448 843 472 mortem
864 449 1122 481 persequentem.

157 488 202 518 'Pe
225 487 332 526 itaque
358 486 446 516 Deus
469 495 524 515 oro
549 495 590 515 nc
614 485 763 524 permitte
792 484 891 515 istum
915 485 998 524 quod
1023 485 1124 517 dictat
1148 495 1149 502 ¹

156 529 216 570 ipsi
239 528 361 559 malitia
380 527 521 566 exsequi,
546 527 601 557 sed
615 532 646 557 te
665 527 727 567 ipsi
746 536 879 566 oppone,
904 527 1122 567 virtutemque

156 578 244 603 tuam
275 570 313 601 ad
344 580 395 600 me
425 579 554 600 servum
587 575 680 599 tuum
710 569 832 600 auxilio
865 574 920 600 tuo
942 570 1121 602 iuvandum

154 613 286 653 explica.
318 611 424 643 David
448 611 549 651 igitur
571 611 786 643 conscientiae
810 612 995 642 testimonio
1019 613 1121 644 fretus

153 665 291 695 suaeque
309 664 425 685 causae
445 653 570 684 iustitia
594 658 626 684 et
649 654 810 694 acquitate
833 653 941 685 Deum
961 660 1061 694 rogat,
1086 661 1121 687 ut

152 708 217 729 non
247 696 378 737 quidem
402 696 534 727 Saulem
559 695 713 734 destruat,
745 696 800 727 sed
832 702 940 728 tamen
965 703 1000 728 ut
1023 708 1056 728 se
1080 708 1119 729 ex

798 181 845 211 IN
870 181 895 225 1ἴ
921 180 1008 211 LIB.
1033 182 1231 213 SAMUEL.
1256 184 1351 215 CAP.
1376 186 1504 217 XXIV.

150 740 252 780 ipsius
276 739 425 770 manibus
447 739 572 778 eripiat.
597 739 668 770 Hoc
691 739 874 778 exemplum
900 739 1065 770 imitemur
1088 746 1120 771 et
1144 776 1145 781 ¹

150 793 183 813 in
203 782 264 812 Dei
289 791 404 812 manus
427 781 562 812 iniurias
586 781 677 812 nobis
700 781 801 812 factas
824 781 1017 812 reiiciamus.
1041 783 1115 813 Non

149 823 279 865 quidem
309 828 496 863 expetentes
530 829 566 854 ut
594 823 722 864 fulgure
753 834 810 854 suo
842 823 933 855 Deus
969 825 1116 856 inimicos
1143 862 1144 866 Ἰ

148 871 274 898 nostros
298 865 337 896 ad
361 866 479 897 inferos
503 865 619 904 adigat,
656 866 740 905 quod
763 866 907 906 plerique
938 871 1046 897 tamen
1070 868 1116 898 fa-

147 909 248 947 ciunt,
271 908 406 948 pulchre
426 919 459 939 se
473 908 576 939 officio
589 907 758 939 defunctos
778 909 1002 940 existimantes
1016 920 1114 949 quum

148 951 289 982 dixerint
308 961 341 981 se
365 950 451 981 nolle
474 950 596 981 malum
620 951 705 981 malo
728 951 905 990 rependere
929 962 1033 991 neque
1058 963 1114 983 no·
1140 966 1142 983 ,ν

149 1004 220 1025 cere
237 993 390 1024 iniuriam
415 993 554 1030 facienti,
586 992 641 1024 sed
666 998 774 1024 tamen
800 994 877 1024 diris
900 993 991 1025 illum
1017 994 1114 1026 devo-

147 1040 235 1074 vent,
267 1035 438 1075 Deumque
460 1041 634 1075 precantur
656 1040 692 1066 ut
719 1036 907 1074 confundat,
935 1037 1113 1075 maledicat,

148 1083 181 1109 et
202 1079 236 1109 in
257 1082 381 1109 tartara
404 1077 543 1114 deiiciat,
575 1083 610 1108 ut
638 1077 775 1109 fulmine
798 1089 855 1109 suo
878 1080 1047 1118 percutiat,
1079 1086 1115 1111 ut

148 1120 286 1160 denique
316 1125 382 1150 tam
412 1130 523 1151 severe
554 1120 729 1151 ulciscatur
758 1127 793 1151 ut
826 1131 868 1151 ex
901 1121 956 1152 illa
989 1122 1114 1154 ultione

147 1173 300 1203 magnum
320 1162 473 1200 gaudium
490 1163 677 1202 percipiant,
701 1173 780 1202 quas
797 1173 891 1194 voces
909 1164 1113 1204 blasphemas

147 1216 246 1245 quum
269 1205 483 1242 evomuerint,
508 1204 719 1236 nihilominus
743 1210 849 1236 tamen
870 1217 903 1237 se
920 1206 1027 1237 Deum
1048 1218 1111 1238 non
1137 1237 1138 1243 ,

147 1247 320 1279 offendisse
342 1247 402 1278 sibi
426 1247 632 1287 persuadent.
667 1246 733 1279 Sed
756 1249 887 1279 obsecro
911 1255 1019 1280 utrum
1045 1260 1110 1280 me-

145 1290 209 1321 lius
232 1293 290 1330 est,
315 1294 373 1320 aut
396 1290 549 1320 ultionem
579 1300 635 1321 nos
659 1290 746 1330 ipsos
776 1291 889 1328 facere,
921 1297 975 1321 aut
1004 1292 1110 1323 Deum

146 1332 246 1364 animi
287 1333 388 1363 nostri
424 1332 585 1363 vindictae
620 1332 726 1371 cupidi
769 1333 955 1364 ministrum
997 1336 1110 1372 facere,

145 1374 314 1414 eidemque
343 1374 537 1414 praecipere,
571 1376 663 1414 quasi
702 1385 820 1414 pravae
850 1384 978 1406 nostrae
1000 1378 1110 1408 volun-

145 1417 222 1448 tatis
235 1422 432 1457 exsequutor
444 1420 582 1455 essetJet
594 1418 686 1456 quasi
701 1419 777 1448 sein
796 1424 938 1449 nostram
953 1419 1109 1450 malitiam

145 1460 379 1491 transformare
401 1459 541 1490 deberet.
565 1459 668 1499 Atqui
680 1459 769 1491 Deus
794 1460 853 1491 hoc
877 1461 936 1492 sibi
957 1468 1109 1501 tanquam

144 1502 311 1542 proprium
336 1502 455 1540 tribuit,
480 1512 532 1533 eos
555 1503 610 1542 qui
633 1502 887 1534 inemendabiles
909 1504 1110 1543 videbantur,

1136 1461 1137 1464 ’
1163 1464 1288 1502 (alliquo
1318 1464 1431 1494 dicitur
1461 1464 1499 1494 ab
1528 1464 1635 1503 impiis
1661 1466 1829 1504 eyreclz'etecr
1858 1467 2010 1505 inzpietas.

2084 193 2147 223 502

1179 276 1217 306 de
1241 277 1318 316 ipsis
1350 279 1625 319 triumphantibus
1654 286 1686 312 et
1716 292 1805 321 spem
1837 283 1981 322 ipsorum
2013 294 2077 324 qua
2107 286 2141 316 in

1178 317 1282 349 Deum
1308 320 1500 352 incumbunt
1522 323 1740 362 irridentibus,
1764 330 1975 365 contemptos,
2000 332 2032 357 et
2055 327 2142 367 pedi-

1178 360 1235 391 bus
1266 362 1331 393 suis
1364 364 1567 396 conculcatos
1601 365 1682 396 solet
1715 367 1884 406 consolari,
1918 374 1949 398 ct
1983 369 2142 402 adversus

1150 402 1151 411 ¹
1177 402 1318 434 hostium
1349 405 1504 445 impetum
1531 412 1639 447 tegere
1668 418 1864 449 manumque
1893 410 1925 440 in
1956 411 2140 443 afflictioni-

1176 443 1234 475 bus
1264 447 1441 487 porrigerc,
1477 455 1509 479 et
1541 455 1690 489 tanquam
1724 462 1763 481 ex
1794 452 1934 483 tenebris
1973 453 2004 483 iu
2034 454 2138 485 lucem

1175 487 1346 526 productos
1368 490 1484 521 fovere.
1532 491 1747 530 Quamobrem
1774 494 1874 534 ipsius
1897 494 2014 526 iudicio
2039 497 2135 528 relin-

1175 540 1311 568 quamus
1331 537 1449 572 sontes,
1471 540 1502 563 ct
1515 534 1553 564 ab
1567 536 1651 565 omni
1667 535 1826 567 vindictae
1848 537 1963 577 spiritu
1978 538 2138 570 abstinea-

1175 582 1261 609 mus,
1294 580 1324 604 et
1356 575 1516 613 patienter
1541 584 1666 616 tempus
1690 585 1913 618 exspectemus
1936 580 2019 619 quod
2046 581 2138 612 Deus

1174 624 1251 645 suae
1276 616 1452 648 voluntatis
1475 619 1661 650 revelationi
1688 621 1903 660 praescripsit,
1928 622 2136 663 hostiumque

1174 664 1355 688 nostrorum
1398 665 1503 698 potius
1545 663 1789 694 conversionem
1831 669 1863 694 et
1902 665 2135 704 poenitentiam

1173 706 1370 739 expetamus.
1429 704 1473 732 At
1507 703 1532 733 si
1569 705 1738 744 contigerit
1774 706 1881 737 hostes
1916 714 2044 738 nostros
2079 709 2135 739 ad-

1172 743 1402 774 monitionibus
1434 744 1537 775 locum
1569 756 1633 776 non
1658 747 1850 787 relinquere,
1880 755 1913 779 et
1941 759 2000 780 nos
2029 750 2134 781 oleum

1171 789 1201 814 et
1226 795 1356 824 operam
1382 786 1518 825 perdere
1537 788 1620 827 quod
1644 789 1675 819 in
1697 790 1821 821 malitia
1840 801 1897 821 sua
1916 797 1948 822 et
1967 798 2134 824 contuma-

1168 827 1215 857 cia
1229 828 1438 866 pervicaciter
1452 838 1666 868 perseverent,
1682 842 1720 862 nc
1734 832 1921 864 dubitemus
1945 835 2023 873 quin
2039 834 2131 866 Deus

1169 879 1239 900 sese
1263 870 1392 900 tandem
1424 871 1542 902 iustum
1574 873 1711 904 iudicem
1744 880 1775 904 et
1804 875 1939 906 ultorem
1971 876 2132 908 exhibeat.

1169 911 1258 942 Haec
1282 912 1382 952 igitur
1405 914 1496 944 nobis
1521 914 1688 946 invocandi
1704 916 1808 947 Deum
1830 918 1911 948 ratio
1930 920 2128 959 praefigitur,

1168 959 1203 984 ut
1222 965 1347 985 summo
1366 955 1471 986 studio
1485 957 1702 995 proximorum
1717 959 1850 989 salutem
1869 970 2127 999 promoveamus,

1168 996 1292 1027 etiamsi
1326 997 1358 1027 in
1398 1004 1541 1028 nostram
1583 1000 1755 1038 perniciem
1791 1002 2001 1033 eoniurarint.
2058 1004 2128 1035 Deo

1166 1039 1383 1078 relinquentes
1418 1040 1589 1077 iudicium,
1631 1047 1661 1072 et
1702 1043 1880 1075 vindictam
1922 1055 2033 1076 eorum
2074 1047 2128 1086 qui

1166 1091 1280 1112 canum
1307 1082 1409 1112 instar
1433 1093 1489 1114 uos
1513 1083 1634 1115 laniare
1657 1090 1689 1115 et
1713 1085 1892 1125 discerpere
1923 1088 2065 1126 cupiunt,
2097 1095 2128 1120 et

1165 1123 1254 1154 velut
1277 1124 1338 1163 ipsi
1363 1124 1432 1155 Deo
1463 1126 1623 1162 resistere,
1654 1137 1789 1165 quorum
1821 1139 1956 1167 poenam
1987 1131 2127 1162 sciamus

1166 1172 1230 1196 tam
1255 1166 1447 1197 horrendam
1473 1168 1548 1205 fore,
1581 1176 1615 1199 ut
1645 1169 1733 1199 illam
1758 1181 1843 1202 nunc
1866 1178 1975 1202 mente
1999 1174 2126 1213 assequi

1165 1209 1242 1240 satis
1266 1219 1330 1239 non
1364 1211 1531 1248 possimus.
1579 1211 1619 1241 Et
1650 1211 1688 1241 de
1718 1212 1788 1242 istis
1820 1213 1975 1244 hactenus
2003 1214 2126 1247 dictum

1164 1255 1242 1283 este.

1250 1294 1429 1334 Pergamus
1456 1295 1494 1325 ad
1526 1296 1692 1334 sequentia
1718 1296 1851 1327 Davidis
1883 1299 1979 1329 verba
2010 1299 2126 1339 quibus

1164 1347 1233 1367 sese
1268 1347 1423 1375 suamque
1464 1337 1684 1377 integritatem
1727 1344 1848 1374 tuetur,
1891 1348 1921 1370 et
1963 1343 2124 1373 communi

1164 1378 1334 1418 proverbio
1360 1389 1421 1409 non
1448 1380 1573 1410 venisse
1597 1380 1655 1410 sibi
1680 1381 1712 1410 in
1737 1387 1874 1412 mentem
1897 1382 1988 1413 Sauli
2014 1394 2124 1415 necem

1163 1421 1283 1451 inferre
1307 1421 1515 1452 demonstrat.
1562 1422 1643 1452 Nam
1670 1423 1729 1452 ait:
1755 1422 1840 1454 Sicut
1858 1427 1885 1454 et
1906 1425 1940 1455 in
1956 1426 2124 1463 proverbio

2052 1469 2123 1499 Etsi

1135 1505 1136 1509 ’
1163 1507 1262 1545 igitur
1284 1505 1362 1536 Saul
1387 1507 1464 1536 satis
1488 1506 1546 1536 sibi
1577 1513 1645 1536 erat
1669 1509 1814 1538 conscius
1844 1510 1966 1540 nullam
1997 1520 2066 1541 esse
2089 1512 2121 1542 in

145 1550 342 1580 convertere,
364 1548 401 1574 et
418 1554 459 1575 ex
483 1544 594 1576 inferis
618 1555 751 1576 evocare
774 1546 829 1585 qui
848 1546 881 1576 in
906 1545 977 1577 illos
997 1557 1031 1577 se
1050 1548 1108 1577 im·
1134 1548 1136 1573 ἐ

1134 1594 1136 1624 ,1
1162 1591 1324 1621 hostiliter
1346 1591 1451 1629 ipsum
1476 1591 1674 1630 insequendi,
1706 1598 1736 1621 et
1759 1592 1885 1623 fidelem
1909 1604 2039 1632 operam
2062 1597 2121 1634 ipsi

1134 1629 1136 1642 ⁴
1162 1644 1288 1672 semper
1312 1632 1418 1663 David
1449 1640 1609 1672 navasset,
1640 1640 1672 1663 et
1701 1634 1808 1665 debita
1838 1637 2021 1667 reverentia
2050 1642 2122 1668 tan-

145 1592 335 1618 merserant.
376 1586 444 1617 Nos
472 1587 572 1626 igitur
595 1597 692 1626 quum
718 1587 894 1618 vindictam
918 1590 1108 1628 expetimus,

145 1639 284 1668 eumque
307 1639 405 1668 penes
417 1639 511 1668 quem
525 1629 605 1660 coeli
624 1639 660 1660 ac
679 1634 783 1660 terrae
803 1636 943 1669 potestas
957 1639 1003 1662 est
1023 1639 1109 1671 opta-

144 1682 217 1702 mus
247 1682 281 1702 se
312 1671 351 1701 ad
386 1672 548 1711 appetitus
580 1678 704 1702 nostros
734 1674 950 1709 conformare,
986 1685 1108 1714 suoque

144 1713 273 1754 fulgure
297 1714 393 1744 ferire
413 1724 467 1744 eos
480 1714 627 1753 aquibus
647 1714 724 1744 laesi
743 1725 865 1751 sumus,
895 1716 959 1747 imo
978 1718 1108 1756 penitus

143 1756 216 1787 illos
239 1757 429 1796 exstirpare,
460 1767 568 1787 nonne
591 1757 668 1787 satis
691 1765 825 1797 apparet
856 1758 1014 1798 imperare
1038 1759 1108 1789 Deo

143 1799 236 1836 velle,
268 1803 300 1830 et
329 1798 415 1838 quod
447 1798 543 1839 longe
574 1799 679 1830 maius
709 1804 759 1830 est
785 1800 866 1831 velle
898 1807 933 1831 ut
961 1801 1023 1832 sibi
1046 1802 1107 1841 ipsi

142 1841 328 1877 renunciet,
358 1846 390 1871 et
420 1851 499 1880 quas
528 1841 636 1872 animo
667 1843 871 1881 concepimus
901 1854 940 1873 ex
972 1850 1107 1875 naturae

143 1883 331 1915 maledictae
354 1888 386 1914 et
409 1894 530 1923 pravae
551 1884 693 1923 impulsu
718 1884 805 1915 dicas
828 1886 970 1925 implere,
999 1896 1106 1917 nonne

143 1925 340 1957 horrendum
364 1926 569 1966 sacrilegium
590 1932 646 1963 est,
670 1937 732 1965 quo
756 1926 899 1958 debitum
924 1929 983 1968 ipsi
1007 1929 1104 1959 hono-

142 1978 211 1999 rem
233 1978 389 2008 usurpare
413 1973 445 1999 et
468 1969 574 2007 ipsum
599 1968 637 1999 de
660 1969 738 1999 solio
763 1969 932 2001 detrahere
952 1971 1035 2001 velle
1060 1973 1105 2002 vi-

140 2009 263 2046 demur,
305 2021 442 2050 eumque
474 2010 566 2041 nobis
596 2011 768 2048 subiicere,
801 2023 900 2052 quum
931 2024 967 2044 eo
1004 2024 1105 2053 usque

139 2053 273 2084 audacia
296 2058 409 2084 nostra
431 2052 639 2093 progreditur
662 2059 698 2084 ut
721 2054 830 2085 hostes
850 2061 977 2087 nostros
1000 2057 1106 2095 perire

138 2099 170 2125 et
191 2095 393 2136 pessumdari
416 2096 588 2135 petamus?
619 2095 811 2127 Cavendum
842 2097 943 2138 igitur
966 2109 1107 2129 summo-

138 2148 214 2177 pere
237 2148 276 2168 ne
301 2137 372 2168 Deo
396 2137 499 2178 legem
520 2138 734 2177 imponamus,
757 2144 790 2169 et
805 2139 1001 2180 importunis
1025 2142 1106 2172 votis

139 2180 282 2210 malitiae
302 2185 433 2211 nostrae
446 2180 630 2211 ministrum
651 2190 721 2212 esse
735 2181 882 2214 velimus.
908 2182 972 2214 Sed
992 2188 1106 2215 contra

138 2222 246 2261 potius
268 2233 365 2254 causa
397 2228 508 2253 nostra
537 2223 599 2263 ipsi
628 2224 860 2255 committenda
896 2231 953 2263 est,
995 2226 1041 2256 sic
1071 2232 1106 2256 ut

139 2273 203 2295 non
227 2264 363 2295 exitium
387 2275 498 2296 eorum
523 2275 541 2296 a
565 2265 682 2304 quibus
705 2266 783 2297 laesi
807 2277 919 2298 sumus
940 2274 1106 2308 exspecta-

138 2315 218 2344 mus,
243 2306 298 2338 sed
316 2306 409 2338 nobis
427 2308 567 2339 sufficiat
586 2308 707 2338 iustum
721 2319 789 2340 esse
809 2309 947 2341 iudicem
962 2316 993 2341 et
1005 2311 1104 2341 omni-

137 2354 310 2388 potentem.
353 2349 482 2380 Iustum
513 2351 644 2389 inquam
676 2350 814 2382 iudicem
846 2351 886 2382 ad
916 2353 1104 2392 iniquitates

137 2391 326 2430 puniendas,
349 2392 604 2431 omnipotentem
623 2403 699 2423 vero
712 2393 751 2424 ad
771 2394 908 2426 miseros
921 2401 1104 2435 peccatores
1128 2412 1129 2415 =

137 2437 169 2463 et
191 2432 301 2464 devios
324 2433 363 2464 ad
387 2444 420 2465 se
444 2434 689 2472 convertendos,
725 2441 757 2466 et
787 2436 928 2468 fructum
951 2448 1027 2469 suae
1045 2439 1103 2468 mi·
1128 2439 1129 2458 ³
1155 2437 1209 2467 sed
1233 2438 1266 2467 in
1290 2436 1498 2475 simplicitate
1520 2435 1559 2465 ad
1574 2436 1678 2466 Deum
1699 2436 1897 2473 accedamus,
1922 2447 2116 2479 causamque

139 2475 331 2506 sericordiae
364 2476 428 2507 illis
462 2477 786 2517 communicandum,
820 2484 856 2510 ut
887 2479 992 2511 luceat
1023 2480 1102 2520 ipsis
1127 2488 1129 2506 ἐ

138 2520 290 2556 tanquam
313 2528 430 2550 aurora
451 2519 593 2551 disiectis
615 2520 767 2552 tenebris.
792 2521 835 2552 Et
856 2522 901 2553 ita
918 2523 1006 2553 Deus
1025 2532 1102 2553 suos

137 2558 248 2590 fideles
281 2560 380 2591 variis
413 2561 648 2593 calamitatibus
686 2567 718 2593 et
751 2564 912 2604 angustiis
945 2569 1100 2604 tanquam

137 2599 246 2633 densis
268 2602 409 2635 tenebris
433 2604 600 2641 exercitos,
625 2609 657 2635 et
675 2605 715 2636 ad
735 2609 864 2646 tempus
883 2606 922 2637 ab
944 2607 1100 2647 improbis
1125 2620 1127 2627 ⁴

1163 1548 1289 1579 Davide
1312 1548 1466 1579 malitiam
1492 1548 1573 1587 qnod
1598 1549 1718 1579 nullam
1740 1550 1902 1581 habuisset
1925 1553 2123 1584 occasionem

1162 1686 1257 1715 quam
1282 1685 1391 1714 regem
1415 1675 1579 1706 coluisset:
1604 1676 1680 1715 quin
1710 1676 1805 1706 etiam
1836 1677 1895 1716 ipsi
1927 1680 2121 1718 pepercisset

1161 1728 1255 1757 quem
1279 1723 1403 1757 poterat
1417 1718 1447 1747 in
1469 1728 1583 1748 manus
1603 1728 1677 1748 suas
1690 1718 1816 1757 lapsum
1830 1729 1846 1749 e
1867 1720 1971 1750 medio
1990 1721 2120 1753 tollere:

1161 1766 1269 1790 tamen
1293 1760 1510 1790 innocentiam
1535 1770 1625 1790 suam
1648 1761 1753 1790 David
1778 1762 1874 1792 etiam
1900 1768 2008 1793 tuetur
2028 1774 2122 1804 argu-

1159 1808 1269 1832 mento
1293 1813 1310 1832 a
1341 1802 1596 1842 repugnantibus
1626 1802 1729 1837 ducto,
1761 1803 1843 1842 quod
1873 1814 2023 1844 magnam
2055 1807 2122 1837 vim

1159 1845 1265 1875 habet.
1312 1844 1394 1874 Nam
1418 1845 1554 1874 alterum
1585 1844 1676 1875 alteri
1700 1846 1879 1884 oppositum
1911 1847 2031 1878 clarius
2054 1849 2122 1879 elu-

1159 1888 1265 1926 cescit,
1289 1886 1557 1925 quemadmodum
1583 1887 1690 1917 album
1716 1887 1807 1922 nigro
1831 1890 2022 1927 oppositum.
2067 1890 2122 1922 Sic

1159 1930 1259 1969 igitur
1289 1928 1397 1959 David
1427 1929 1581 1959 adversus
1614 1928 1744 1960 Saulem
1777 1938 2031 1969 argumentatur.
2086 1933 2120 1965 Si

1158 1972 1290 2003 fuissem
1315 1971 1488 2011 improbus,
1520 1977 1557 2001 ut
1584 1981 1634 2001 me
1663 1972 1758 2002 aulici
1790 1973 1836 2002 tui
1868 1973 2120 2015 calumniantur,

1158 2014 1253 2044 hodie
1277 2013 1492 2053 improbitatis
1516 2024 1604 2043 meae
1624 2014 1778 2044 sensisses
1791 2015 1950 2052 effectum,
1975 2018 2120 2056 quando-

1131 2052 1132 2059 ¹
1158 2057 1285 2097 quidem
1310 2056 1532 2095 opportunitas
1555 2056 1659 2086 oblata
1682 2056 1861 2096 videbatur,
1885 2067 1983 2096 quum
2008 2059 2119 2092 incau—

1158 2106 1209 2130 tus
1234 2099 1265 2128 in
1291 2109 1404 2129 manus
1427 2108 1515 2128 meas
1534 2097 1681 2128 incidisti.
1721 2099 1821 2137 Atqui
1841 2098 1982 2130 abstinui
2002 2112 2119 2134 manus

1158 2151 1175 2171 a
1205 2147 1244 2177 te,
1276 2147 1307 2171 et
1338 2140 1427 2171 nulla
1450 2140 1567 2170 iniuria
1598 2150 1698 2179 neque
1728 2141 1924 2172 contumelia
1954 2148 1986 2173 te
2016 2144 2117 2176 affeci.

1158 2184 1241 2215 Nam
1266 2183 1305 2213 ad
1327 2183 1433 2213 Deum
1460 2183 1596 2221 respexi,
1618 2182 1706 2213 cuius
1730 2188 1778 2212 est
1801 2182 1956 2214 scelerum
1978 2185 2118 2218 ultorem

1158 2236 1236 2256 esse.
1272 2225 1337 2256 Sed
1361 2225 1512 2264 quoniam
1537 2225 1597 2254 ista
1622 2224 1766 2263 pluribus
1790 2226 1940 2265 persequi
1963 2231 2118 2267 temperis

1156 2268 1308 2308 angustia
1332 2267 1488 2307 prohibet,
1534 2267 1692 2297 discamus
1727 2267 1948 2298 innocentiam
1973 2276 2117 2302 nostram

1158 2311 1262 2341 verbis
1286 2311 1330 2340 ita
1350 2309 1530 2346 defendere,
1554 2314 1588 2339 ut
1607 2308 1688 2339 facta
1714 2309 1937 2348 respondeant,
1963 2322 2003 2342 ne
2025 2312 2119 2344 rabu-

1156 2353 1202 2383 las
1225 2352 1369 2383 forenses
1391 2352 1554 2382 imitemur
1584 2351 1638 2390 qui
1667 2351 1776 2382 multis
1802 2352 1907 2383 verbis
1942 2358 1973 2383 et
2002 2355 2118 2388 fucatis

1155 2395 1273 2425 malam
1304 2404 1433 2425 causam
1463 2393 1605 2433 palliant,
1637 2399 1668 2423 et
1699 2393 1814 2424 bonam
1844 2394 1956 2425 haberi
1986 2397 2117 2437 volunt3

1155 2484 1299 2510 nostram
1323 2478 1458 2509 iudicari
1482 2488 1545 2508 non
1569 2488 1607 2508 ex
1633 2477 1739 2508 verbis
1764 2483 1901 2516 tantum,
1932 2480 1987 2510 sed
2017 2483 2113 2513 etiam

1154 2532 1193 2552 ex
1218 2521 1307 2552 factis
1331 2527 1530 2560 exoptemus,
1556 2525 1589 2549 ut
1613 2530 1630 2550 a
1654 2520 2022 2560 falsisaccusationibus‚
2048 2532 2114 2555 tam

1126 2562 1127 2584 ἶ
1154 2563 1238 2603 apud
1263 2564 1370 2594 Deum
1393 2573 1490 2602 quam
1514 2561 1599 2602 apud
1624 2562 1770 2592 homines
1793 2563 2010 2596 absolvamur.

1239 2605 1309 2636 Iam
1337 2616 1409 2636 vero
1432 2605 1526 2645 agite,
1550 2607 1601 2635 etc.
1878 2649 1892 2665 ἦ

1859 2653 1907 2677 32*
