2551 3044
235 171 275 203 29
889 168 937 200 IN
962 169 985 200 1.
1010 168 1098 199 LIB.
1122 166 1321 198 SAMUEL.
1345 166 1441 198 (JAP.
1467 167 1558 199 XIV.
2161 168 2203 199 30

232 266 313 307 elegi
347 271 379 297 et
401 265 568 296 destinavi.
612 264 656 295 Et
678 264 723 294 ita
745 262 783 293 de
807 273 840 294 se
863 262 985 294 Paulus
1006 262 1039 292 111
1062 260 1195 301 epistola

233 309 273 340 ad
311 308 445 340 Galatas
485 307 635 346 loquitur.
680 304 897 344 Quamobrem
932 306 976 336 ita
1010 305 1114 335 iussus
1148 307 1197 334 est

235 351 366 383 Samuel
398 349 529 381 Saulem
560 348 688 388 alloqui,
718 347 802 387 quod
833 347 915 387 apud
940 347 1001 378 Dei
1032 347 1194 378 decretum

234 399 402 425 aeternum
431 392 476 423 ita
505 397 590 422 esset,
618 391 844 422 constitutum:
883 397 914 420 et
943 390 1092 429 deinceps
1126 389 1195 428 ipso

235 447 293 468 usn
317 442 423 466 ratum
447 435 566 465 factum
590 438 649 464 est.

319 478 387 509 Iam
413 487 487 508 vero
511 476 712 516 procidamus
732 477 781 506 etc.

492 646 737 686 HOMILIA
769 646 939 685 XLVII.

322 731 370 763 15.
396 730 542 762 Surreoeit
564 733 666 762 autem
686 729 819 768 Samuel,
843 732 869 761 et
887 730 1045 761 adscendit
1062 729 1098 760 de
1118 729 1193 761 Gal-

233 775 315 815 qalis
344 775 378 805 in
411 773 523 805 Gabaa
554 773 731 804 Beniamin.
784 772 827 802 Et
862 772 975 812 reliqui
999 773 1111 811 populi
1141 772 1194 803 ad-

234 818 416 849 scenderunt
432 819 503 856 post
517 815 595 847 Saul
617 816 735 846 obviam
752 815 880 854 populo,
904 815 957 854 qui
979 814 1194 855 expugnabant

235 871 285 892 eos
315 860 466 891 venientes
492 859 529 890 de
562 858 697 898 Galyala
720 859 753 888 in
779 858 899 895 Gabaa,
927 858 961 888 in
984 857 1054 888 colle
1076 856 1194 888 Benia—

235 904 310 934 min.
355 902 398 933 Et
417 901 568 932 recensuit
590 901 670 932 Saul
683 900 843 940 populum,
866 901 921 940 qui
939 900 1050 930 inventi
1067 900 1195 939 fuerant

236 956 304 977 cum
326 956 368 982 eo,
391 944 481 984 quasi
504 946 657 983 sexcentos
680 944 771 974 viros.
819 943 867 974 16.
891 942 933 973 Et
956 942 1034 973 Saul
1051 945 1078 973 et
1098 942 1193 974 Iona-

234 988 302 1019 thas
328 987 416 1026 filius
445 987 520 1024 eius,
547 986 741 1026 populusque
763 986 818 1024 qui
842 986 983 1016 inventus
1003 984 1105 1024 fuerat
1126 995 1193 1016 cum

233 1032 287 1067 eis,
309 1033 375 1061 erat
397 1030 430 1060 in
456 1029 567 1060 Gabaa
590 1028 771 1065 Beniamin,
790 1038 884 1067 porro
911 1027 1102 1058 Pln'li'sthitm
1123 1037 1192 1059 eon-

232 1074 372 1105 sederant
394 1073 428 1103 in
452 1071 623 1102 Machmas.
670 1071 719 1101 17.
743 1070 786 1100 Et
808 1071 921 1110 eqressi
943 1072 1016 1101 sunt
1038 1070 1080 1101 ad
1098 1080 1193 1109 prae-

232 1116 370 1147 dandum
398 1115 435 1145 de
466 1114 579 1145 castris
608 1113 871 1144 Pliilistliinorum
901 1115 960 1144 tres
982 1113 1083 1143 cunei.-
1112 1123 1194 1144 unus

233 1168 347 1189 cuneus
372 1156 518 1196 perqebat
539 1159 643 1188 contra
665 1156 748 1186 viam
770 1155 881 1194 Ephra
904 1155 945 1186 ad
967 1157 1080 1186 terram
1103 1155 1192 1187 Sual.

236 1201 284 1232 18.
322 1200 420 1231 Porro
448 1199 532 1230 alius
560 1198 786 1238 inyrediebatur
808 1208 867 1237 per
895 1198 979 1229 viam
1009 1196 1192 1234 Bethboron,

235 1244 342 1275 tertius
367 1245 468 1273 autem
502 1244 632 1273 verterat
660 1251 691 1271 se
713 1242 754 1272 ad
778 1241 834 1271 iter
857 1241 981 1271 termini
1003 1240 1193 1272 imminentis

234 1286 309 1317 valli
333 1284 451 1316 Siboim
473 1287 575 1315 contra
594 1284 756 1315 desertum.
803 1284 851 1314 19.
872 1283 971 1314 Porro
987 1282 1075 1321 faber
1092 1284 1193 1322 ferra-

233 1329 303 1359 rius
324 1338 383 1359 non
405 1326 614 1358 inveniebatur
634 1327 669 1357 in
691 1327 774 1357 omni
796 1328 878 1356 terra
901 1325 1003 1356 Israel
1010 1337 1018 1356 .-
1050 1329 1191 1357 caverant

234 1371 314 1402 enim
345 1370 538 1401 Philistliiim
565 1380 602 1400 ne
628 1370 705 1408 forte
730 1369 862 1407 facerent
892 1367 1026 1399 Hebraei
1053 1368 1194 1409 qladium

234 1416 288 1445 aut
317 1413 463 1444 lanceam.
509 1412 559 1443 20.
590 1411 795 1442 Descendebat
817 1421 885 1451 erqo
907 1410 1006 1442 omnis
1029 1410 1130 1442 Israel
1152 1412 1193 1443 ad

234 1455 440 1493 Philisthiim,
462 1457 496 1486 ut
518 1457 674 1486 exacueret
692 1454 903 1493 unusquisque
925 1463 1069 1484 vomerem
1091 1464 1191 1495 suum,

234 1501 261 1530 et
294 1499 437 1538 liqonem,
470 1500 496 1528 et
528 1498 668 1537 securim,
703 1499 729 1527 et
761 1496 928 1527 sarculum.
973 1495 1024 1528 21.
1060 1496 1193 1528 Retusae

234 1542 337 1581 itaque
355 1543 441 1572 erant
460 1540 541 1571 acies
558 1550 725 1577 vomerum,
747 1541 773 1570 el
791 1539 939 1579 liyonum,
962 1540 987 1568 et
1004 1539 1191 1577 tridentium,

235 1587 261 1615 et
297 1584 460 1623 securium,
493 1593 587 1622 usque
616 1582 657 1612 ad
685 1581 845 1612 stimulum
874 1581 1096 1620 corriqendum.
1141 1583 1191 1613 22.

239 1627 397 1666 Quumque
418 1626 546 1657 venisset
567 1625 634 1656 dies
651 1624 778 1664 praelii,
807 1634 866 1655 non
888 1626 930 1655 est
952 1624 1089 1656 inventus
1109 1626 1192 1656 ensis

235 1672 261 1700 et
291 1670 397 1700 lancea
427 1669 460 1699 in
482 1678 578 1699 manu
601 1669 691 1699 totius
708 1666 821 1706 populi
843 1667 897 1706 qui
921 1668 988 1697 erat
1009 1677 1076 1698 cum
1100 1667 1194 1699 Saule

235 1715 263 1743 et
294 1711 438 1749 Ionatlia,
467 1713 585 1750 excepto
615 1710 694 1741 Saul
724 1712 751 1740 et
783 1709 914 1740 Ionatlia
935 1708 1001 1748 filio
1022 1710 1097 1741 eius.
1142 1711 1193 1742 23.

234 1755 370 1795 Eyressa
397 1756 440 1785 est
461 1757 561 1785 autem
583 1753 675 1784 statio
701 1751 897 1783 Pliilistltiim
919 1754 952 1783 ut
973 1753 1195 1785 transcenderet

235 1798 270 1828 in
293 1796 466 1828 Machmas.

610 1897 707 1928 OAP.
733 1896 827 1928 XIV.

322 1967 349 1998 1.
374 1966 417 1998 Et
439 1966 550 1998 accidit
571 1966 604 1997 in
627 1966 761 2005 quadam
783 1965 833 1996 die
855 1967 888 1995 ut
910 1965 1020 1996 diceret
1042 1965 1195 1998 Ionatlias

234 2010 323 2049 filius
347 2009 425 2040 Saul
448 2009 489 2040 ad
512 2008 724 2040 adolescentem
747 2008 935 2047 armiqerum
955 2018 1066 2040 suum.-
1108 2009 1194 2048 Veni,

235 2055 262 2084 et
289 2055 484 2084 transeamus
513 2052 554 2082 ad
573 2051 734 2082 stationem
757 2049 1024 2088 Pliilistliinorum,
1053 2062 1130 2091 quae
1153 2055 1196 2083 est

235 2098 325 2126 trans
352 2094 449 2126 locum
472 2094 571 2125 illum.
616 2093 709 2124 Patri
732 2095 831 2123 autem
854 2103 909 2124 suo
931 2093 986 2125 hoc
1008 2095 1110 2133 ipsum
1132 2104 1195 2126 non

235 2138 396 2169 indicavit.
437 2137 466 2168 2.
494 2136 590 2167 Porro
614 2136 692 2166 Saul
709 2135 887 2166 morabatur
905 2137 937 2166 in
955 2139 1090 2168 extrema
1103 2140 1195 2176 parte

239 2180 351 2211 Gabaa
373 2179 429 2211 sub
451 2179 662 2219 maloqranato
685 2188 761 2217 quae
784 2180 848 2208 erat
866 2178 900 2208 in
920 2178 1068 2219 Maqron:
1091 2182 1118 2210 et
1129 2183 1196 2211 erat

230 2222 367 2262 populus
395 2233 464 2254 oum
492 2232 524 2253 eo
552 2221 643 2260 quasi
671 2223 874 2251 seceontorum
902 2222 1047 2253 virorum.
1091 2222 1120 2254 3.
1152 2223 1195 2253 Et

237 2265 356 2295 Acbias
383 2265 471 2303 filius
503 2264 630 2295 Aeliitob
658 2264 772 2302 fratris
800 2262 932 2294 [chabod
963 2264 1024 2302 filii
1049 2264 1193 2305 Phinees,

236 2308 290 2347 qui
321 2309 406 2338 ortus
437 2308 539 2344 fuerat
568 2317 604 2337 ea·
634 2306 706 2337 Heli
728 2306 881 2337 sacerdote
908 2306 1037 2338 Domini
1059 2308 1091 2338 in
1116 2308 1192 2345 Silo,

231 2350 380 2388 portabat
415 2349 520 2388 ephod,
553 2349 606 2380 sed
639 2352 665 2379 et
691 2348 829 2388 populus
858 2349 1018 2389 iqnorabat
1039 2361 1097 2390 quo
1120 2352 1193 2382 isset

238 2392 399 2423 Ionatlias.
444 2392 472 2423 4.
504 2391 604 2422 Erant
633 2394 734 2422 autem
756 2391 835 2422 inter
857 2392 1021 2424 adscensus
1038 2403 1097 2432 per
1119 2404 1194 2433 quos

236 2434 387 2465 nitebatur
421 2434 569 2465 Ionatlias
602 2434 735 2465 transire
768 2433 808 2463 acl
840 2435 997 2466 stationem
1029 2435 1192 2467 Pliilistlzi-

237 2487 358 2515 norum,
393 2478 554 2508 eminentes
582 2479 689 2516 petrae
719 2486 755 2506 esc
777 2478 904 2516 utraque
921 2480 1020 2516 parte,
1053 2481 1079 2509 et
1102 2480 1194 2518 quasi

236 2520 272 2551 in
293 2520 416 2551 modum
438 2520 573 2550 dentium
589 2519 705 2558 scopuli
723 2518 793 2550 liinc
811 2519 881 2550 inde
895 2521 1064 2561 praerupti,
1086 2532 1193 2552 nomen

237 2563 294 2594 uni
326 2562 435 2600 Boses,
466 2565 492 2593 et
514 2572 620 2592 nomen
642 2562 730 2592 alteri
755 2562 839 2592 Sene.

232 2606 414 2645 prominens
435 2606 476 2636 ad
499 2604 671 2644 aquilonem
693 2615 729 2634 ec
751 2605 878 2636 adverso
899 2605 1070 2643 Machmas,
1101 2610 1126 2637 et
1148 2608 1192 2638 al-

883 2563 903 2594 5
943 2562 973 2594 U
1218 2546 1220 2567 t
1244 2521 1382 2552 futurus.

906 2587 912 2593 .
970 2573 1030 2595 nus
1051 2574 1099 2595 sco
1124 2565 1193 2595 ulus

1096 2574 1120 2603 Ρ
1219 2622 1220 2628 1
1247 2607 1348 2638 facere
1374 2605 1482 2640 voluit,
1507 2610 1541 2635 ut
1562 2605 1697 2644 populus
1716 2604 1748 2634 11]
1769 2604 1838 2635 istis
1858 2604 2014 2643 angustiis
2034 2602 2071 2632 ad
2093 2601 2200 2633 Deum

1247 263 1292 290 ter
1320 261 1360 291 ad
1382 261 1540 291 meridiem
1562 264 1665 292 contra
1691 261 1810 293 Gabaa.
1856 262 1885 292 6.
1908 260 2002 292 Dixit
2023 263 2124 292 autem
2146 261 2199 292 Io—

1246 303 1357 334 natlias
1376 303 1417 334 ad
1434 303 1646 335 adolescentem
1663 305 1852 344 armiyerum
1869 314 1977 335 suum:
2006 303 2081 335 Veni
2098 307 2198 335 trans-

1246 355 1359 382 eamus,
1383 346 1425 376 ad
1448 346 1606 377 stationem
1629 347 1910 378 incircumcisorum
1931 347 2047 386 borum,
2081 347 2110 378 si
2126 347 2204 386 forte

1245 388 1342 426 faciat
1359 387 1515 420 Dominus
1531 398 1592 426 pro
1614 389 1716 419 nobis:
1739 390 1813 429 quia
1835 400 1893 420 non
1916 392 1959 420 est
1981 389 2115 420 Domino
2137 389 2197 428 dif-

1244 430 1322 469 ficile
1343 430 1476 471 salvare,
1499 431 1543 461 vel
1567 431 1598 461 in
1620 432 1735 469 multis,
1758 432 1803 463 vel
1823 433 1857 463 in
1871 432 1992 470 paucis.
2037 431 2064 462 7.
2090 432 2199 463 Diza-

1245 483 1302 512 que
1324 473 1351 504 ei
1373 473 1509 513 armiyer
1530 483 1620 504 suus.-
1646 473 1710 505 Fac
1730 476 1833 505 omnia
1855 485 1932 514 quae
1949 474 2072 513 placent
2095 475 2200 505 animo

1246 518 1314 546 tuo:
1342 525 1434 556 perye
1466 525 1524 554 quo
1551 517 1648 556 cupis,
1681 527 1730 548 ero
1753 520 1845 548 tecum
1868 516 2036 555 ubicunque
2057 517 2199 548 volucris.

1246 557 1274 589 8.
1309 557 1351 589 Et
1383 559 1427 588 ait
1462 558 1624 589 Ionathas:
1656 558 1734 590 Ecce
1768 570 1821 590 nos
1854 560 2024 590 transimus
2054 560 2095 590 ad
2117 560 2202 590 viros

1244 601 1337 631 istos:
1367 611 1519 640 quumque
1547 602 1784 639 apparuerimus
1813 603 1866 638 eis,
1911 602 1939 632 9.
1971 601 2005 632 Si
2033 602 2135 633 taliter
2157 602 2200 633 lo-

1245 644 1333 682 quuti
1353 643 1471 682 fuerint
1493 643 1534 673 ad
1556 654 1619 681 nos,
1643 648 1766 682 manete,
1790 645 1880 675 donec
1901 645 2053 675 veniemus
2076 644 2117 675 ad
2139 654 2201 682 vos,

1244 688 1358 717 stemus
1386 686 1417 716 in
1442 686 1502 716 loco
1524 688 1635 723 nostro,
1668 697 1719 717 nee
1742 687 1962 718 adscendamus
1983 687 2025 717 acl
2046 697 2102 717 eos.
2151 686 2199 717 10.

1246 727 1283 758 St
1305 731 1405 759 autem
1427 729 1578 759 dicerint:
1610 729 1789 760 Adscendite
1810 731 1851 761 ad
1874 740 1937 769 nos,
1965 729 2200 767 adscendamus,

1244 771 1319 809 quia
1353 771 1485 802 tradidit
1516 781 1566 801 eos
1600 771 1753 802 Dominus
1788 773 1817 802 in
1850 772 1995 803 manibus
2012 772 2141 803 nostris:
2174 774 2201 802 et

1245 813 1297 844 hoc
1329 814 1387 844 erit
1418 813 1503 844 nobis
1531 814 1663 853 siquam.
1709 815 1755 845 11.
1781 815 1938 854 Apparuit
1962 815 2058 853 iqitur
2077 816 2201 853 uterque

1245 857 1372 887 stationi
1397 855 1666 894 Pltilistliinorum,
1690 857 1890 896 dixeruntque
1913 857 2122 888 Plzilistliiim:
2145 856 2197 887 En

1246 898 1382 929 Hebraei
1403 899 1604 938 eyrediuntur
1626 900 1661 930 de
1683 900 1820 931 cavernis
1842 901 1872 930 in
1896 899 2006 938 quibus
2028 899 2200 930 absconditi

1243 941 1375 980 fuerant.
1419 942 1466 971 12.
1498 941 1541 971 Et
1563 942 1680 980 loquuti
1702 945 1773 972 sunt
1795 943 1857 973 viri
1878 942 1914 972 de
1936 942 2063 973 statione
2084 942 2126 973 ad
2149 942 2198 973 Io-

1245 983 1361 1015 nathan
1389 987 1416 1014 et
1439 984 1480 1015 ad
1502 985 1689 1024 armiqerum
1711 985 1786 1024 eius,
1814 985 2031 1023 dixeruntque:
2066 985 2201 1016 Adscen-

1245 1026 1306 1057 dite
1328 1027 1370 1057 ad
1387 1037 1449 1063 nos,
1473 1029 1500 1057 et
1522 1027 1709 1057 ostendemus
1731 1027 1812 1057 vobis
1829 1037 1901 1058 rem.
1926 1026 1967 1057 Et
1985 1027 2028 1058 ait
2048 1026 2202 1058 Ionatlias

1245 1069 1286 1100 ad
1307 1069 1496 1108 armiyerum
1517 1079 1624 1100 suum:
1657 1070 1897 1106 Adscendamus,
1922 1080 2042 1108 sequere
2059 1080 2114 1108 me,
2138 1072 2199 1100 tra-

1244 1112 1324 1142 didit
1345 1113 1427 1143 enim
1449 1111 1608 1143 Dominus
1629 1122 1679 1143 eos
1707 1113 1740 1143 in
1770 1122 1881 1143 manus
1904 1112 2013 1143 Israel.
2060 1112 2108 1143 13.
2132 1112 2198 1144 Ad-

1244 1154 1358 1186 scendit
1381 1157 1481 1185 autem
1489 1154 1638 1186 Ionatlias
1660 1155 1800 1186 manibus
1822 1158 1847 1185 et
1864 1155 1993 1194 pedibus
2015 1158 2148 1194 reptans,
2172 1156 2199 1185 et

1245 1197 1382 1237 armiqer
1400 1198 1467 1228 eius
1484 1200 1553 1237 post
1574 1208 1652 1238 eum,
1689 1198 1787 1236 itaque
1808 1198 1867 1228 alii
1888 1196 2033 1228 cadebant
2053 1200 2122 1228 ante
2145 1197 2197 1228 Io-

1245 1240 1372 1278 nathan,
1396 1240 1474 1271 alios
1497 1240 1634 1280 armiqer
1656 1241 1722 1271 eius
1747 1239 1939 1279 interficiebat
1968 1249 2094 1278 sequens
2118 1250 2195 1270 eum.

1247 1282 1295 1313 14.
1318 1282 1359 1313 Et
1375 1283 1460 1322 facta
1478 1285 1522 1313 est
1533 1283 1632 1323 playa
1646 1283 1762 1321 prima,
1782 1293 1872 1322 quam
1878 1283 2032 1321 percussit
2046 1282 2200 1314 Ionatlian

1246 1328 1272 1356 et
1304 1325 1442 1365 armiqer
1473 1325 1548 1361 eius,
1582 1326 1674 1364 quasi
1705 1326 1814 1365 viqinti
1846 1327 1989 1361 virorum,
2036 1326 2067 1355 in
2099 1325 2200 1356 media

1240 1370 1330 1408 parte
1352 1368 1478 1408 iuyeris,
1508 1368 1588 1407 quod
1606 1378 1670 1406 par
1692 1367 1778 1399 boum
1801 1369 1834 1398 in
1856 1368 1904 1398 die
1926 1378 2018 1398 arare
2038 1368 2197 1399 consuevit.

1247 1411 1295 1441 15.
1331 1410 1373 1441 Et
1403 1410 1520 1450 factum
1553 1413 1596 1441 est
1622 1411 1807 1441 miraculum
1839 1411 1873 1441 in
1894 1410 2003 1441 castris
2020 1420 2078 1449 per
2100 1420 2200 1450 ayros,

1245 1454 1298 1485 sed
1330 1453 1427 1484 omnis
1455 1453 1591 1493 populus
1623 1454 1763 1484 stationis
1797 1463 1908 1488 eorum.
1941 1453 1995 1492 qui
2027 1453 2128 1484 ierant
2160 1452 2201 1483 ad

1242 1496 1469 1535 praedandum,
1504 1495 1668 1535 obstupuit,
1700 1499 1726 1527 et
1757 1495 1932 1527 conturbata
1965 1497 2007 1526 est
2039 1497 2130 1534 terra,
2171 1497 2198 1525 et

1245 1539 1356 1570 accidit
1388 1539 1478 1578 quasi
1500 1538 1683 1570 miraculum
1705 1550 1725 1569 a
1747 1539 1821 1570 Deo.
1868 1539 1915 1569 16.
1939 1537 1982 1568 Et
2003 1539 2199 1577 respexerunt

1245 1581 1449 1621 speculatores
1473 1580 1558 1619 Saul,
1591 1582 1644 1620 qui
1666 1583 1751 1612 erant
1774 1582 1806 1612 in
1832 1581 1941 1612 Gabaa
1962 1580 2141 1620 Beniamin,
2175 1582 2201 1612 et

1245 1634 1306 1656 ecce
1334 1624 1497 1656 multitudo
1521 1626 1689 1663 prostrata,
1727 1626 1753 1654 et
1782 1624 1839 1654 nuc
1868 1623 1995 1662 illucque
2023 1623 2198 1663 diffuqiens.

1247 1668 1295 1698 17.
1320 1666 1362 1698 Et
1394 1667 1439 1698 ait
1463 1666 1542 1697 Saul
1559 1667 1674 1706 populo
1696 1667 1750 1706 qui
1772 1669 1837 1697 erat
1858 1676 1925 1697 cum
1948 1676 1995 1697 eo:
2027 1665 2200 1705 Requirite,

1245 1713 1271 1741 ct
1293 1710 1388 1741 videte
1409 1710 1480 1749 quis
1499 1709 1608 1741 abierit
1625 1719 1662 1740 ei*
1679 1709 1773 1740 nobis.
1816 1709 1972 1748 Quumque
1989 1708 2198 1748 requisissent,

1245 1755 1398 1792 repertum
1420 1755 1462 1784 est
1483 1763 1543 1783 non
1565 1752 1669 1783 adesse
1688 1751 1842 1783 Ionatlzan
1865 1754 1892 1782 et
1913 1751 2101 1791 armiqerum
2123 1751 2202 1782 eius.

1332 1838 1383 1868 Ex
1407 1837 1623 1877 superioribus
1648 1837 1815 1868 didicimus
1839 1846 1932 1876 quam
1951 1835 2148 1866 admirandis
2166 1840 2200 1867 et

1247 1880 1419 1920 inopinatis
1450 1880 1624 1911 rationibus
1651 1880 1739 1910 Deus
1770 1879 1922 1920 populum
1952 1889 2045 1910 suum
2076 1879 2199 1909 israeli-

1247 1925 1345 1955 ticum
1371 1923 1553 1961 liberasset,
1582 1929 1612 1953 et
1636 1922 1765 1954 Saulem
1789 1924 1911 1952 interea
1933 1921 2126 1952 ostendisset
2148 1922 2198 1952 111-

1248 1966 1381 2007 dignum
1405 1966 1459 2005 qui
1482 1966 1515 1995 in
1540 1965 1638 1996 ullam
1662 1965 1752 1996 istius
1777 1965 1926 1996 victoriae
1949 1963 2050 1994 laudis
2073 1970 2198 2004 partem

1247 2009 1383 2040 veniret.
1429 2008 1511 2039 Nam
1555 2008 1694 2048 oportuit
1723 2008 1828 2048 ipsum
1868 2006 2060 2047 ignominiae
2098 2010 2202 2046 parte,

1247 2062 1341 2092 quam
1376 2051 1563 2082 inurendam
1600 2051 1644 2081 illi
1681 2060 1777 2090 supra
1811 2050 1984 2085 docuimus,
2019 2050 2082 2079 iam
2106 2049 2198 2080 affici.

1247 2094 1360 2134 Itaque
1384 2094 1434 2125 hic
1458 2094 1490 2124 in
1515 2093 1628 2132 primis
1647 2093 1763 2124 dicitur
1782 2092 1869 2129 Saul,
1894 2092 2027 2123 lustrato
2047 2092 2199 2128 exercitu,

1247 2142 1372 2168 tantum
1402 2137 1560 2168 sexcentis
1591 2135 1772 2167 hominibus
1797 2135 1893 2166 fuisse
1916 2135 2067 2174 stipatus:
2099 2144 2198 2173 quum

1246 2184 1339 2211 antea
1375 2179 1547 2210 viderimus
1581 2179 1672 2209 illum
1703 2178 1826 2219 ingenti
1860 2176 2065 2208 multitudine
2093 2176 2200 2216 populi

1245 2223 1394 2260 cinctum,
1419 2226 1453 2253 ut
1475 2222 1616 2261 potuerit
1640 2222 1814 2252 exercitum
1835 2222 1867 2251 in
1887 2220 2044 2259 praelium
2064 2219 2201 2250 educere

1245 2269 1425 2297 tercentum
1455 2269 1486 2295 ct
1510 2264 1641 2304 triginta
1665 2264 1752 2294 mille
1776 2263 1952 2293 hominum.
1997 2262 2096 2292 Porro
2120 2262 2198 2292 Phi-

1245 2308 1428 2339 listaeorum
1452 2307 1611 2338 exercitus
1635 2306 1791 2337 efficiebat
1813 2306 1942 2346 triginta
1963 2304 2051 2334 mille
2069 2314 2200 2335 currus:

1245 2356 1275 2381 et
1305 2362 1363 2382 sex
1391 2350 1479 2380 mille
1508 2350 1644 2389 equites:
1680 2348 1821 2388 peditum
1846 2358 1919 2378 vero
1940 2354 2062 2378 tantam
2087 2347 2199 2377 multi-

1244 2393 1397 2429 tudinem,
1433 2398 1468 2423 ut
1501 2396 1583 2423 esset
1618 2392 1700 2423 sieut
1730 2401 1827 2421 arena
1858 2400 1939 2430 quae
1963 2395 2010 2420 est
2033 2389 2067 2419 in
2091 2389 2201 2420 littore

1244 2436 1352 2467 maris.
1398 2434 1612 2474 Quamobrem
1644 2434 1681 2465 de
1705 2433 1809 2473 populi
1832 2433 1997 2464 israelitici
2020 2431 2124 2462 salute
2147 2442 2199 2463 ac-

1245 2486 1313 2509 tum
1345 2477 1482 2516 videtur,
1512 2481 1543 2507 ct
1573 2477 1636 2507 iam
1666 2476 1783 2516 praeda
1813 2475 1990 2506 certissima
2013 2474 2200 2505 Philistaeis

1428 2519 1548 2550 Verum
1584 2519 1671 2550 Deus
1707 2519 1835 2549 virtutis
1869 2524 1898 2549 et
1933 2517 2092 2558 potentiae
2123 2528 2199 2548 suae

1246 2575 1281 2595 ac
1311 2563 1428 2593 favoris
1459 2573 1536 2602 erga
1566 2562 1716 2601 populum
1742 2560 1902 2601 splendori
1928 2561 2012 2591 viam
2037 2559 2088 2590 hic
2112 2566 2199 2599 pate-
