2551 3044
179 200 240 232 597

179 299 304 326 certum
329 300 378 327 est
400 295 472 326 istis
502 295 579 335 ipsis
610 294 719 325 verbis
750 304 812 324 non
843 293 889 324 uti
923 293 1051 330 solitos,
1089 292 1143 324 sed

180 337 288 370 David
312 338 431 369 factum
459 338 566 377 potius
589 346 685 376 quam
709 336 807 367 verba
831 336 979 366 attendit.
1025 335 1146 374 Quam-

180 381 289 412 obrem
314 380 439 420 quoties
462 379 501 410 ad
526 379 630 410 Deum
655 377 847 416 accedimus,
871 388 933 408 non
960 388 996 408 ea
1021 383 1146 408 tantum

179 423 355 464 spectanda
377 432 456 462 quae
479 421 557 452 foris
571 425 738 460 apparent,
762 420 816 451 sed
831 430 912 460 quae
936 420 1025 451 intus
1046 420 1149 451 latent

181 464 392 506 exquirenda.
438 463 528 494 Deus
551 464 637 494 enim
661 462 782 494 iudicat
806 473 869 494 non
895 473 935 494 ex
959 473 1067 493 rerum
1093 474 1148 493 ex—

179 514 346 540 ternarum
377 507 473 537 facie:
505 505 560 537 scd
591 516 631 536 ex
662 506 709 536 rei
738 505 837 546 ipsius
870 506 1017 536 veritate.
1063 505 1147 536 Nam

181 550 325 590 alioquin
368 549 556 590 hypocritae
593 552 625 579 et
664 548 807 579 simulati
835 547 983 579 homines
1019 558 1148 579 causam

179 593 263 633 apud
287 592 392 623 Deum
423 591 617 627 obtinerent,
648 591 674 622 si
705 602 746 622 ex
769 601 877 622 rerum
901 597 1035 622 externa
1070 590 1149 621 facie

177 635 331 667 iudicium
356 633 393 665 de
417 634 495 674 ipsis
518 634 667 669 ferretur,
699 633 961 673 quandoquidem
993 633 1148 673 speciosis

178 688 305 717 semper
335 677 512 708 rationibus
542 687 599 707 0113
629 676 713 707 facta
745 681 887 715 tuentur,
918 682 950 707 et
980 686 1147 715 nunquam

177 730 247 752 sese
270 720 338 760 ipso
361 730 415 750 ore
438 719 568 759 proprio
592 718 820 757 condemnant,
845 719 923 759 quin
948 719 1056 759 potius
1079 728 1149 758 per-

177 768 276 804 petuo
304 763 578 802 tergiversantur,
617 766 648 792 et
678 762 770 792 varia
803 762 919 802 quibus
958 761 1147 792 hominibus

177 806 288 837 fucum
313 805 434 836 faciunt
464 810 625 844 quaerunt
654 804 789 844 effugia:
824 805 914 835 Deus
945 810 1053 835 autem
1084 814 1149 834 non

178 849 356 888 speciosam
381 848 525 887 ipsorum
551 847 740 884 orationem,
765 847 818 877 scd
843 847 970 886 culpam
994 846 1150 877 intuetur.

178 892 231 922 Ita
254 890 361 922 David
384 890 444 921 hoc
468 890 537 920 loco
561 889 712 920 hostibus
735 890 853 926 tribuit,
888 900 951 920 non
983 889 1065 929 quod
1097 899 1151 919 ore

178 932 450 974 pronunciabant,
475 933 528 964 sed
554 932 638 972 quod
662 931 820 963 adversus
843 933 949 972 ipsum
973 931 1150 963 molieban-

179 983 234 1007 tur
257 981 289 1007 et
312 976 465 1016 perficere
484 975 691 1006 conabantur.
736 975 819 1005 Nam
844 975 926 1014 quod
957 975 1001 1005 ait
1032 984 1145 1005 verum

180 1029 250 1051 esse
274 1022 419 1059 apparet,
449 1028 489 1048 ex
520 1028 556 1049 eo
587 1017 669 1057 quod
701 1017 768 1048 sola
795 1018 914 1048 Iudaea
945 1028 1062 1057 purum
1088 1017 1151 1047 Dei

181 1061 304 1094 cultum
329 1060 498 1101 retinebat,
522 1060 647 1100 reliqua
671 1064 761 1099 parte
780 1060 894 1091 mundi
914 1060 1150 1099 superstitioni-

180 1105 240 1136 bus
273 1109 306 1135 et
340 1103 521 1135 idololatria
555 1103 616 1133 Dei
660 1113 775 1134 nomen
817 1103 990 1143 polluente.
1042 1102 1151 1141 Quare

182 1158 281 1188 quum
311 1146 432 1177 Davidi
461 1146 571 1177 nullus
602 1145 735 1176 daretur
763 1146 796 1176 in
830 1145 951 1177 Iudaea
981 1145 1086 1185 locus,
1117 1145 1150 1175 in

182 1201 245 1230 quo
267 1194 378 1230 posset
400 1193 471 1220 tuto
491 1188 649 1226 habitare,
672 1193 703 1219 et
726 1198 798 1219 011111
819 1188 995 1219 idololatris
1014 1199 1150 1220 conver—

181 1233 245 1264 sari
278 1236 447 1272 cogeretur
476 1237 610 1271 propter
633 1230 743 1262 Saulis
775 1237 806 1261 et
841 1231 1018 1262 aulicorum
1049 1231 1150 1271 ipsius

181 1275 392 1310 violentiam,
433 1284 542 1305 nonne
585 1273 759 1314 cogebatur
801 1280 954 1314 tanquam
997 1273 1150 1304 ridiculus

182 1317 357 1349 homuncio
386 1317 419 1347 in
450 1317 593 1347 omnium
627 1317 835 1356 opprobrium
859 1317 986 1354 venire,
1017 1322 1049 1347 et
1079 1322 1150 1346 tan-

183 1371 279 1400 quam
311 1360 482 1400 profanus,
518 1364 549 1390 et
578 1359 618 1390 ab
647 1359 779 1390 ecclesia
809 1359 870 1390 Dei
905 1359 1081 1390 reiectitius
1111 1358 1151 1389 ad

183 1402 259 1434 deos
279 1402 401 1434 alienos
420 1402 604 1443 confugere,
629 1408 660 1432 et
678 1401 921 1433 idololatrarum
935 1412 1150 1442 paganorum-

183 1456 246 1486 que
269 1445 438 1476 hominum
471 1446 540 1476 fieri
571 1445 697 1475 socius?
730 1445 781 1475 En
813 1455 869 1475 cur
898 1445 1005 1476 David
1037 1445 1151 1475 merito

183 1488 392 1528 conqueritur
423 1487 461 1518 de
490 1488 648 1525 inimicis,
679 1487 760 1527 quod
792 1487 832 1518 ab
861 1488 940 1528 ipsis
969 1487 1152 1527 expellatur

182 1531 222 1563 ab
246 1530 446 1562 haereditate
466 1531 608 1562 Domini.
642 1530 705 1561 Ubi
729 1530 969 1561 observandum
990 1530 1151 1561 Davidem

182 1585 246 1606 non
282 1573 366 1604 tanti
399 1573 512 1604 fecisse
549 1572 709 1610 domum,
736 1584 891 1610 uxorem,
931 1573 1152 1613 reliquamque

181 1617 347 1655 familiam,
377 1621 410 1647 et
432 1615 588 1656 quidquid
616 1615 650 1646 in
672 1615 794 1646 mundo
825 1616 1000 1656 pretiosum
1033 1616 1152 1647 11311010

182 1660 297 1700 potuit,
321 1669 419 1699 quam
440 1659 502 1690 Dei
525 1658 701 1697 ecclesiam,
724 1659 756 1689 in
781 1669 843 1698 qua
864 1659 970 1689 Deum
994 1659 1025 1689 iu
1050 1659 1151 1698 ipsius

182 1702 364 1734 sanctuario
377 1706 579 1738 venerarent,
600 1706 631 1732 et
650 1701 799 1732 omnium
825 1701 981 1732 donorum
1002 1711 1038 1732 ac
1057 1701 1151 1732 bene-

182 1745 346 1782 ficiorum,
378 1755 459 1784 quae
483 1745 572 1775 Deus
601 1744 775 1775 israelitico
806 1744 924 1784 populo
954 1743 1153 1784 largiebatur

182 1788 345 1828 particeps
376 1788 469 1818 fieret
496 1793 526 1817 et
555 1787 727 1818 frueretur.
773 1786 1033 1818 'sabernaculum
1065 1787 1151 1817 0111111

183 1835 328 1862 0100111111
361 1837 449 1870 erat,
490 1835 525 1860 ut
560 1829 650 1861 Deus
690 1829 874 1860 ostenderet
907 1840 941 1860 se
975 1830 1009 1860 in
1044 1829 1151 1860 medio

180 1872 313 1904 Israelis
337 1872 496 1909 habitare,
521 1878 551 1903 et
565 1873 607 1903 ibi
621 1873 843 1904 sacrificantes
857 1873 964 1903 Deum
977 1882 1152 1913 agnoscere

181 1920 399 1953 servatorem,
449 1915 720 1954 quemadmodum
769 1915 864 1946 hodie
912 1915 1092 1955 baptismus
1134 1925 1151 1945 a

181 1957 315 1990 Christo
338 1958 510 1988 institutus
534 1957 663 1997 signum
688 1963 746 1994 est,
779 1968 842 1997 quo
866 1958 1020 1989 certiores
1051 1958 1150 1989 simus

179 2000 288 2032 Deum
311 2012 369 2031 nos
388 2011 527 2041 purgare
547 2001 586 2031 ab
606 2001 694 2031 omni
713 2001 837 2040 peccati
861 2000 940 2038 labe,
966 2007 997 2031 et
1020 2001 1052 2031 in
1078 2012 1149 2040 gra-

181 2044 261 2074 tiam
293 2054 386 2074 suam
420 2043 575 2083 recipere,
609 2049 640 2074 et
675 2053 772 2074 coena
810 2053 873 2082 qua
907 2043 1059 2074 docemur
1093 2053 1150 2074 nos

180 2086 392 2126 spiritualiter
416 2096 549 2126 corpore
573 2091 603 2116 et
623 2086 780 2125 sanguine
800 2085 933 2116 Domini
954 2087 1055 2117 nostri
1075 2086 1149 2117 Iesu

181 2129 306 2161 Christi
337 2129 434 2169 pasci.
481 2128 535 2160 Sic
567 2128 681 2168 priscis
709 2129 773 2159 illis
803 2128 1000 2168 temporibus
1030 2130 1149 2161 sacrifi-

181 2171 239 2203 ciis
261 2171 294 2202 in
318 2171 501 2203 sanctuario
525 2170 642 2202 oblatis
665 2171 785 2202 fiebant
804 2172 960 2202 certiores
984 2183 1017 2202 se
1041 2182 1058 2202 a
1078 2172 1148 2203 Deo

180 2214 215 2245 111
239 2214 376 2254 gratiam
401 2214 509 2254 recipi,
533 2218 565 2245 et
587 2220 718 2254 peccata
740 2215 845 2245 omnia
870 2214 928 2245 sibi
953 2214 1149 2245 condonari:

181 2256 221 2288 ad
244 2256 302 2288 illa
325 2267 420 2297 porro
444 2257 608 2294 sacrificia,
633 2256 790 2297 quaedam
815 2256 996 2288 ablutiones
1020 2257 1147 2288 accede-

180 2299 267 2336 bant,
301 2310 438 2339 quarum
462 2298 546 2330 idem
571 2310 647 2331 usus
678 2305 747 2331 erat
778 2301 832 2340 qui
862 2299 957 2330 hodie
986 2300 1148 2339 baptismi.

180 2341 307 2381 Quibus
337 2342 434 2374 etiam
465 2342 546 2373 adde
568 2342 649 2383 legis
679 2342 958 2382 praedicationem,
989 2343 1057 2374 sine
1087 2353 1149 2383 qua

182 2389 268 2416 totus
290 2385 344 2416 1110
368 2385 474 2417 01111110
498 2385 620 2426 legalis,
645 2390 675 2416 et
699 2386 927 2417 sacrificiorum
953 2396 988 2416 ac
1011 2385 1146 2416 lavatio-

182 2437 261 2458 num
290 2428 371 2459 ritus
400 2427 515 2459 fuisset
549 2439 682 2468 prorsus
712 2428 845 2459 inutilis.

183 2470 290 2501 David
315 2470 457 2502 dolorem
481 2481 576 2502 suum
602 2477 747 2508 testatur,
772 2471 854 2511 quod
878 2471 937 2502 hoc
961 2471 1022 2502 Dei
1053 2470 1147 2502 bene-

182 2512 254 2543 ficio
277 2524 408 2544 suorum
433 2513 573 2544 hostium
598 2514 708 2553 iniqua
727 2514 977 2554 persequutione
996 2514 1058 2545 frui
1084 2524 1147 2544 non
1172 2531 1174 2557 ,3

182 2555 293 2595 possit,
316 2555 486 2596 Deumque
505 2559 539 2587 in
564 2556 772 2588 tabernuculo
795 2567 852 2588 suo
872 2557 1031 2595 venerari,
1055 2563 1085 2587 et
1109 2557 1148 2588 iis

185 2607 268 2637 quae
289 2597 378 2630 Deus
401 2599 518 2639 populo
541 2598 672 2630 dederat
701 2598 741 2630 ad
772 2599 909 2631 salutem
940 2599 1054 2630 mediis
1084 2599 1147 2630 frui
1172 2603 1173 2607 ’

449 2641 731 2681 Quemadmodum
769 2647 800 2674 et
841 2643 970 2674 crebras
1000 2643 1173 2673 videmus

182 2650 249 2671 11011
278 2646 395 2680 posset.

814 200 860 231 IN
886 200 911 231 1.
935 200 1023 231 LIB.
1048 199 1246 231 SAMUEL.
1271 202 1367 234 CAP.
1392 202 1516 234 XXVI.

2096 203 2158 235 598

1202 296 1234 326 in
1258 296 1397 328 Psalmis
1421 298 1520 337 ipsius
1543 298 1698 338 querelas,
1730 299 1830 330 veluti
1855 309 1954 339 quum
1983 298 2160 330 exclamat:

1206 338 1305 377 Quam
1327 340 1475 370 amabilia
1497 343 1567 372 suut
1589 341 1787 373 tabernacula
1811 344 1874 380 tua,
1904 352 1920 372 o
1945 341 2058 373 Iehova
2076 351 2160 373 exer-

1200 382 1322 412 cituum.
1368 382 1530 413 Desiderio
1561 383 1715 422 afficitur,
1746 384 1896 423 etiamque
1925 384 2023 423 deficit
2053 385 2159 416 anima

1201 433 1267 454 mea
1291 425 1428 455 veniendi
1454 426 1495 455 ad
1522 427 1605 457 atria
1637 426 1786 458 10110000».-
1815 437 1866 458 cor
1900 436 2002 458 meum
2037 430 2063 458 et
2089 437 2160 459 caro

1201 476 1268 496 mea
1290 467 1460 497 exclamant
1489 468 1530 499 ac]
1553 468 1655 499 Deum
1681 470 1790 508 fortem
1818 470 1973 501 viventem.
2025 469 2068 500 Et
2099 470 2160 501 alio

1201 508 1340 544 Psalmo,
1364 510 1508 548 querelas
1533 511 1734 549 ingeminans
1757 512 1816 543 ait:
1851 511 1966 543 sitiens
1989 514 2033 543 est
2054 513 2162 544 anima

1200 561 1267 582 mea
1291 551 1362 588 Dei,
1387 551 1449 582 Dei
1469 553 1560 591 fortis
1582 554 1710 585 viventis
1731 555 1847 586 dicens:
1873 555 2003 594 Quando
2021 555 2161 587 accedam

1200 595 1233 623 ut
1261 603 1430 632 appaream
1459 596 1491 625 in
1521 599 1674 635 conspectu
1702 597 1773 631 Dei,
1801 600 1873 628 sunt
1899 597 1978 628 mihi
2009 598 2162 637 lacrymae

1202 646 1285 666 meae
1307 636 1370 667 cibo
1391 637 1534 675 interdiu,
1558 641 1582 667 el
1605 642 1706 676 noctu,
1738 639 1811 670 (lum
1840 640 1955 671 dicitur
1984 640 2061 670 miln'
2091 651 2162 680 quo-

1202 678 1284 715 tidie,
1308 678 1361 726 abi
1390 682 1431 710 est
1459 680 1547 711 Deus
1577 683 1655 718 tuus,
1686 682 1757 712 haee
1785 682 1951 713 recordans
1979 683 2100 721 effundo
2127 684 2161 714 in

1201 731 1247 751 me
1271 731 1410 752 ammam
1432 732 1540 760 meam,
1562 734 1609 753 me
1636 725 1733 763 fuisse
1761 726 1970 755 transiturum
2000 726 2034 756 in
2062 726 2163 764 turba,

1201 773 1383 803 yresszcrmn
1406 774 1472 795 eum
1498 765 1560 795 illis
1582 767 1623 797 acl
1645 767 1770 797 domum
1793 778 1889 806 usque
1911 767 1974 799 Dei
1997 778 2066 799 cum
2083 779 2162 807 voce,

1203 808 1291 837 cantu
1334 809 1359 837 et
1392 807 1585 838 laudationis
1624 809 1822 840 multitudine
1866 810 2010 848 feriante.
2080 811 2162 850 Quid

1202 849 1310 880 deiicis
1332 851 1357 879 le
1380 850 1487 880 anima
1509 859 1575 881 mea
1604 854 1629 881 et
1647 853 1818 891 perstrepis
1840 853 1873 882 in
1896 852 1968 883 me?
2015 852 2162 894 Denique

1203 890 1361 922 Davidem
1388 891 1532 923 videmus
1556 893 1627 925 licet
1658 894 1889 925 excellentibus
1913 895 2088 927 virtutibus
2111 907 2162 927 or-

1203 938 1325 970 natum,
1350 940 1381 964 et
1403 935 1472 974 ipso
1504 936 1688 975 prophetiae
1719 936 1800 967 dono
1824 937 1996 977 insignem,
2017 943 2053 969 ut
2084 939 2163 970 alios

1204 976 1333 1007 erudire
1356 984 1472 1017 posset,
1496 983 1604 1017 optare
1630 984 1734 1010 tamen
1759 980 1911 1011 eeclesiae
1935 980 2100 1021 coniungi,
2132 986 2164 1013 et

1203 1019 1306 1050 ordini
1337 1019 1437 1059 ipsius
1458 1021 1580 1059 subiici,
1603 1020 1760 1061 fidemque
1784 1033 1874 1053 suam
1899 1027 1963 1053 tam
1988 1025 2162 1063 sacrificiis,

1204 1072 1298 1101 quam
1324 1062 1394 1093 aliis
1418 1073 1434 1093 a
1457 1063 1526 1093 Deo
1539 1064 1654 1103 populo
1677 1075 1733 1095 suo
1752 1066 1956 1104 praescriptis
1980 1067 2162 1098 excercitiis

1204 1106 1403 1136 confirmare.
1436 1105 1651 1144 Quamobrem
1678 1107 1836 1138 discamus
1852 1107 1920 1138 Deo
1944 1108 2070 1139 volente
2091 1119 2162 1140 ver-

1203 1147 1278 1178 bum
1309 1158 1399 1178 suum
1432 1148 1522 1179 nobis
1553 1149 1745 1188 praedicari,
1782 1155 1813 1180 et
1843 1150 1983 1189 quotidie
2014 1151 2052 1181 ad
2082 1151 2162 1182 illud

1204 1190 1397 1221 audiendum
1422 1192 1563 1229 invitari,
1595 1191 1653 1222 hoc
1684 1192 1871 1223 beneficium
1904 1193 1995 1224 nobis
2026 1203 2065 1224 ex
2095 1195 2163 1234 ipso

1204 1233 1368 1270 exhiberi,
1398 1239 1434 1264 ut
1465 1241 1703 1265 sacrosanctum
1734 1235 1834 1275 ipsius
1867 1246 1983 1265 nomen
2014 1236 2163 1268 invocare

1204 1275 1371 1315 possimus,
1396 1280 1427 1306 et
1450 1276 1571 1307 sincere
1595 1277 1737 1316 profiteri
1762 1288 1817 1308 nos
1844 1278 1944 1317 ipsius
1968 1288 2036 1309 esse
2060 1289 2162 1319 popu-

1204 1318 1282 1355 lum,
1306 1326 1335 1348 et
1355 1324 1519 1358 praeterea
1532 1321 1741 1351 sacrosanctis
1761 1320 1823 1350 illis
1836 1322 2042 1352 sacramentis
2058 1322 2163 1353 Deum

1205 1371 1280 1392 suae
1308 1361 1458 1392 bonitatis
1495 1362 1714 1393 testimonium
1748 1362 1838 1393 nobis
1868 1362 1992 1401 offerre,
2030 1363 2162 1404 ideoque

1204 1406 1359 1434 maiorem
1383 1404 1580 1444 diligentiam
1605 1415 1623 1435 a
1646 1404 1735 1436 nobis
1755 1405 1898 1435 exhiberi
1918 1411 2075 1445 oportere,
2099 1417 2164 1438 non

1205 1452 1333 1477 tantum
1357 1448 1390 1477 in
1414 1447 1555 1478 coetibus
1578 1447 1641 1478 illis
1670 1447 1703 1477 in
1735 1448 1849 1487 quibus
1875 1448 1963 1478 Deus
1993 1448 2162 1481 invocatur

1205 1489 1458 1529 frequentandis,
1489 1489 1542 1520 sed
1572 1490 1605 1520 in
1636 1490 1706 1520 Deo
1736 1491 1806 1521 sine
1833 1490 2038 1522 simulatione
2065 1502 2162 1523 vene-

1205 1532 1316 1571 rando,
1339 1537 1371 1563 et
1394 1533 1426 1562 in
1450 1533 1550 1572 ipsius
1574 1532 1662 1563 verbi
1686 1532 1798 1563 auditu
1826 1533 1928 1564 indies
1958 1534 2162 1573 proficiendo,

1207 1575 1283 1614 quin
1320 1575 1414 1605 etiam
1451 1580 1723 1606 sacramentorum
1754 1576 1956 1615 perceptione
1990 1577 2093 1617 magis
2127 1587 2163 1609 ac

1205 1618 1308 1658 magis
1332 1618 1466 1649 excitari
1490 1617 1604 1648 debere
1627 1617 1666 1649 ad
1687 1628 1797 1648 verum
1830 1624 1858 1648 et
1879 1618 2037 1649 sincerum
2062 1620 2163 1659 ipsius

1205 1660 1328 1692 cultum
1360 1665 1391 1691 et
1420 1671 1579 1700 amorem,
1610 1666 1641 1691 et
1664 1671 1781 1700 cupere
1811 1660 1948 1691 Davidis
1976 1662 2162 1701 exemplum

1203 1708 1356 1743 sequutos
1382 1713 1398 1734 a
1423 1703 1491 1734 Deo
1515 1704 1656 1743 recipiet
1680 1703 1803 1734 admitti
1828 1704 1859 1734 in
1885 1703 2024 1734 filiorum
2049 1715 2162 1735 nume-

1204 1757 1293 1784 rum,
1333 1756 1369 1776 eo
1402 1747 1505 1786 magis
1540 1756 1600 1785 quo
1634 1745 1738 1776 Deum
1775 1745 1920 1776 videmus
1955 1745 2027 1777 boni
2061 1748 2163 1787 patris

1203 1789 1343 1820 officium
1380 1798 1454 1829 erga
1484 1799 1542 1819 nos
1575 1788 1689 1819 facere.
1742 1788 1975 1827 Quamobrem,
2010 1799 2109 1829 quum
2144 1800 2163 1822 a

1203 1831 1274 1862 Deo
1300 1831 1384 1862 hunc
1409 1831 1554 1861 ordinem
1577 1831 1609 1861 in
1634 1831 1734 1871 ipsius
1757 1831 1889 1862 ecclesia
1910 1831 2047 1862 sciamus
2070 1832 2162 1864 insti·

1202 1880 1320 1909 tutum,
1347 1880 1436 1904 tanto
1460 1874 1562 1914 magis
1595 1885 1652 1904 nos
1676 1879 1799 1913 oportet
1823 1874 1862 1904 ad
1888 1874 2022 1905 Davidis
2053 1885 2162 1906 exem-

1203 1917 1291 1956 plum
1316 1917 1510 1955 confirmari,
1539 1916 1616 1947 adeo
1641 1917 1778 1955 quidem,
1810 1922 1844 1946 ut
1875 1916 1900 1947 si
1932 1926 1988 1948 nos
2018 1922 2164 1949 extorres

1203 1970 1271 1990 esse
1302 1959 1487 1999 contigerit,
1527 1966 1555 1989 et
1587 1959 1618 1989 in
1652 1959 1728 1989 locis
1763 1959 1943 1999 peregrinis
1977 1961 2101 1990 versari
2129 1961 2163 1991 in

1203 2002 1318 2042 quibus
1348 2002 1436 2033 Deus
1467 2012 1531 2032 non
1567 2002 1688 2033 sincere
1721 2002 1862 2038 colatur,
1897 2002 2030 2042 gravius
2063 2002 2093 2033 id
2131 2007 2165 2034 et

1203 2045 1347 2075 acerbius
1370 2055 1464 2084 quam
1489 2045 1632 2075 omnium
1652 2043 1818 2081 bonorum,
1842 2044 2042 2084 facultatum,
2067 2045 2165 2077 hono-

1203 2098 1283 2121 rum,
1308 2097 1414 2118 rerum
1439 2087 1576 2126 denique
1599 2087 1632 2117 in
1652 2086 1771 2117 mundo
1785 2086 1982 2126 optabilium,
2005 2087 2162 2120 iacturam

1202 2130 1350 2161 feramus.
1407 2129 1476 2160 Nae
1510 2129 1616 2160 David
1657 2139 1786 2159 uxorem
1823 2129 1992 2167 amiserat,
2022 2130 2162 2163 fortunis

1202 2172 1349 2203 omnibus
1372 2172 1528 2212 spoliatus
1552 2178 1628 2209 erat,
1653 2172 1744 2202 domo
1763 2172 1926 2212 profugus,
1950 2173 2037 2202 omni
2057 2173 2161 2213 digni-

1202 2220 1266 2246 tate
1290 2220 1320 2245 et
1343 2215 1465 2246 honore
1488 2215 1649 2254 spoliatus,
1681 2214 1734 2245 sed
1759 2223 1866 2244 tamen
1890 2224 1954 2244 non
1979 2216 2061 2246 tanti
2085 2216 2159 2248 fecit

1200 2258 1326 2296 uxoris,
1360 2257 1516 2297 familiae,
1551 2257 1736 2297 dignitatis,
1766 2263 1795 2286 et
1827 2256 1985 2287 honorum
2015 2259 2158 2290 omnium

1200 2302 1365 2337 iacturam,
1391 2301 1500 2339 quanti
1525 2300 1704 2331 absentiam
1728 2309 1745 2329 a
1769 2299 1861 2330 domo
1887 2298 1958 2335 Dei,
1989 2305 2019 2330 et
2050 2301 2158 2340 priva-

1201 2344 1319 2374 tionem
1344 2348 1408 2373 tam
1432 2343 1617 2373 excellentis
1640 2342 1724 2373 illius
1737 2342 1896 2381 privilegii
1920 2342 1953 2372 in
1967 2346 2056 2373 coetu
2081 2345 2158 2375 fide-

1174 2420 1175 2424 ,
1200 2387 1279 2417 lium
1303 2385 1523 2422 conveniendi,
1554 2385 1724 2424 Deumque
1754 2385 1784 2414 in
1816 2384 1939 2424 reliqua
1971 2385 2064 2416 turba
2093 2386 2159 2417 lau-

891 2428 1009 2459 Merito
1040 2429 1148 2468 itaque
1173 2457 1175 2460 ,

1200 2428 1306 2459 dandi.
1361 2428 1469 2467 Atque
1503 2428 1553 2458 hic
1587 2432 1634 2458 est
1668 2437 1780 2458 sensus
1814 2426 1981 2457 verborum
2023 2428 2158 2460 istorum

1199 2470 1334 2502 Davidis
1358 2481 1392 2501 se
1415 2482 1432 2500 a
1452 2471 1649 2510 possessione
1668 2470 1806 2500 Iehovae
1831 2470 1956 2509 expelli,
1980 2480 2095 2511 nempe
2110 2468 2157 2503 ‘ab

1199 2514 1327 2544 illorum
1352 2519 1440 2544 coetu
1465 2523 1544 2552 quos
1569 2513 1655 2543 Deus
1685 2512 1717 2542 in
1742 2512 1896 2552 populum
1921 2523 2013 2543 suum
2039 2514 2157 2546 admis-

1199 2557 1272 2594 cuit,
1295 2562 1325 2587 et
1349 2555 1509 2596 peculium
1533 2565 1624 2585 suum
1645 2554 1943 2594 haereditatemque
1966 2565 2036 2586 esse
2058 2567 2157 2588 vove—

1199 2605 1257 2637 rat,
1282 2608 1375 2638 quam
1401 2598 1562 2634 retineret,
1593 2597 1768 2637 eademque
1792 2598 1961 2635 frueretur,
1995 2606 2030 2628 ut
2054 2599 2158 2631 solent

1199 2641 1344 2673 homines
1375 2641 1575 2681 possessione
1605 2651 1662 2671 sua
1694 2651 1759 2671 non
1793 2640 1861 2670 solo
1897 2639 2051 2680 adspectu
2085 2642 2157 2682 frui,

1903 2691 1953 2716 38*
