2551 3044
352 215 414 246 215

1172 211 1375 244 HOMILIA
1406 210 1517 242 LXII.

2276 213 2338 244 216

356 318 512 352 tanquam
543 308 666 349 praelio
697 308 800 339 victos
823 307 993 343 fateantur,
1025 318 1060 339 ac
1085 306 1217 347 proinde
1241 305 1319 337 Phi·
1344 315 1347 349 1
1373 311 1498 341 osseum
1530 315 1634 345 neque
1664 304 1809 338 diabolus
1832 315 1964 346 segnem
1989 316 2118 346 operam
2137 307 2337 340 contulisset.

357 355 478 386 lis—tacis
504 352 718 383 subiiciautur
741 356 773 381 et
797 351 957 382 tributarii
984 352 1070 381 fiant.
1116 350 1229 390 Itaque
1253 359 1318 380 non

357 398 412 429 abs
444 407 478 427 re
503 395 582 425 Saul
613 404 721 424 moras
749 394 859 432 nectit,
889 393 1114 433 Davidemque
1138 392 1256 423 retinet
1279 402 1319 423 ne

357 440 511 471 adversus
525 437 740 469 Philistaeum
761 437 1001 477 progrediatur:
1025 437 1150 467 etiamsi
1170 435 1319 475 deinceps

356 483 525 518 consentit,
550 489 585 511 ut
609 479 800 510 videbimus.
835 478 1003 518 Quaenam
1029 489 1103 509 vero
1127 478 1220 509 istius
1244 488 1318 509 con-

358 569 412 609 qui
437 567 568 599 Saulem
594 565 823 605 incogitantem
848 564 956 596 rexit?
1003 564 1084 595 Nam
1109 563 1225 603 alioqui
1249 563 1320 594 mil-

357 611 416 643 lies
439 611 545 651 potius
570 618 705 647 regnum
731 607 899 646 amisisset,
923 618 1017 648 quam
1038 606 1156 638 Davidi
1181 613 1246 637 tam
1270 606 1319 636 in-

356 655 482 694 signem
507 652 674 683 victoriam
699 651 945 690 procuravisset.
983 651 1079 681 Illum
1102 650 1210 689 itaque
1229 648 1320 679 Deus
1346 658 1347 667 ¹

357 696 560 729 excaecavit,
590 700 625 725 ut
656 692 814 724 Davidem
845 699 1011 733 pateretur
1040 692 1126 723 istud
1156 698 1319 723 certamen

358 741 476 771 subire.
530 737 612 768 Nam
643 742 673 766 et
702 735 834 767 idoneas
863 736 1031 767 hominum
1059 735 1176 766 iudicio
1207 744 1320 766 causas

357 782 497 813 habebat
516 778 710 819 impediendi
731 779 816 810 hunc
835 789 1043 819 congressum
1063 785 1129 809 tam
1152 778 1319 818 imparem.

357 825 477 865 Ecquis
500 824 586 854 enim
610 821 855 858 adolescentem,
892 829 923 853 et
952 822 1208 859 inexercitatum,
1240 820 1322 851 serat

359 878 432 899 cum
468 868 599 907 gigante
633 865 807 896 exercitato
841 865 873 896 in
908 865 1006 895 armis
1039 863 1214 904 congredi?
1250 863 1321 903 quis

358 911 515 942 inermem
540 919 613 940 cum
647 907 853 946 cataphracto
887 908 996 942 milite,
1031 913 1063 938 et
1096 906 1224 946 quidem
1256 903 1347 936 non*

358 954 427 995 pari
447 963 520 984 cum
535 952 606 982 aliis
619 956 753 987 statura,
777 950 831 981 sed
856 951 910 990 qui
935 957 1004 981 erat
1027 951 1124 980 turris
1148 951 1259 984 instar,
1284 954 1320 979 ut

359 996 513 1028 vidimus:
537 994 627 1025 cuius
651 993 763 1024 lancea
785 999 867 1024 tanti
893 993 1042 1033 ponderis
1065 999 1097 1023 et
1121 998 1228 1023 tantae
1251 991 1321 1022 lon-

358 1038 515 1080 gitudinis
535 1044 601 1068 erat
622 1043 658 1067 ut
677 1046 695 1066 a
717 1035 807 1067 nullo
830 1035 892 1067 alio
915 1036 1035 1076 portari
1059 1034 1186 1076 posset?
1219 1034 1320 1065 Deni-

358 1092 422 1122 que
441 1082 496 1121 qui
515 1080 676 1121 clypeum,
695 1078 830 1119 galeam,
851 1079 1022 1115 thoracem,
1043 1089 1151 1110 ocreas
1170 1077 1320 1108 immensi

357 1124 511 1165 ponderis
535 1120 695 1154 habebat?
725 1128 756 1152 et
779 1122 833 1162 qui
857 1132 940 1153 unus
964 1128 1033 1152 erat
1056 1122 1160 1151 instar
1182 1130 1321 1160 propug-

359 1166 489 1199 naculi?
546 1165 655 1204 Quare
689 1165 793 1195 videri
827 1170 951 1204 poterat
986 1164 1124 1195 alienum
1160 1163 1198 1194 ab
1232 1163 1321 1194 omni

359 1211 484 1241 ratione
498 1208 657 1240 Davidem
681 1208 714 1238 in
740 1212 865 1238 tantum
891 1207 1069 1247 periculum
1093 1217 1110 1237 a
1125 1206 1223 1237 Saule
1246 1215 1321 1237 con-

358 1253 421 1284 iici.
468 1252 512 1284 Et
542 1257 707 1291 praetcrea
738 1261 800 1280 non
825 1249 957 1281 dubium
986 1257 1033 1280 est
1062 1249 1138 1289 quin
1162 1249 1240 1281 Saul
1272 1249 1320 1280 vel

358 1295 491 1331 malitia,
517 1294 566 1325 vel
591 1299 678 1324 metu
703 1293 833 1333 periculi
858 1293 940 1332 quod
964 1293 1137 1323 universus
1160 1292 1322 1323 exercitus

359 1337 553 1374 incurrebat,
585 1342 748 1368 certamen
778 1335 863 1367 istud
893 1336 991 1366 fuerit
1014 1335 1236 1375 impediturus,
1261 1334 1322 1365 nisi

360 1391 380 1412 a
402 1380 472 1412 Deo
502 1380 615 1411 fuisset
645 1386 844 1410 excaecatus.
889 1379 933 1409 Et
965 1378 1024 1409 hoc
1047 1388 1141 1418 saepe
1164 1388 1224 1409 usu
1248 1388 1322 1409 con-

360 1425 487 1465 tingere
517 1422 673 1459 videmus,
703 1427 739 1452 ut
762 1421 789 1452 si
812 1431 892 1461 quos
916 1421 1006 1452 Deus
1030 1421 1108 1452 velit
1130 1431 1323 1461 promovere

363 1466 404 1498 ad
428 1476 572 1498 summos
593 1465 716 1504 aliquos
740 1463 887 1501 honores,
916 1464 976 1495 etsi
998 1464 1090 1495 multi
1113 1464 1249 1504 improbi
1273 1474 1323 1494 rc·

359 1509 515 1541 luctaturi
537 1507 710 1539 videantur
727 1506 841 1538 cedere
864 1512 973 1537 tamen
995 1512 1162 1547 cogantur,
1185 1512 1216 1538 et
1239 1506 1322 1546 quod

359 1552 480 1592 alioqui
504 1551 637 1587 nollent,
661 1560 719 1581 sua
742 1549 903 1580 sententia
926 1549 1149 1590 comprobare:
1173 1554 1205 1580 et
1227 1559 1322 1590 quem

359 1595 452 1627 Deus
484 1594 634 1625 honorari
666 1593 735 1623 vult
765 1593 834 1623 sine
864 1592 1114 1624 contradictione
1143 1592 1322 1623 admittere.

363 1637 418 1670 Sio
442 1636 537 1668 hodie
561 1635 654 1667 multi
668 1635 846 1667 Christiani
870 1635 1006 1676 singulis
1030 1646 1130 1675 paene
1152 1635 1323 1666 momentis

360 1681 395 1712 111
415 1679 593 1721 periculum
614 1679 760 1715 veniunt,
784 1682 816 1708 et
839 1677 878 1710 ab
901 1677 1047 1709 hostibus
1069 1678 1133 1709 iam
1154 1679 1216 1709 iam
1241 1678 1322 1709 lace·

359 1723 454 1755 randi
483 1728 515 1753 et
538 1720 680 1752 laniandi
703 1720 865 1758 videntur,
889 1721 1146 1760 conspirantibus
1168 1720 1322 1752 adversus

361 1767 449 1807 ipsos
479 1770 512 1796 et
544 1764 614 1795 dira
644 1774 791 1804 quaeque
821 1763 1040 1795 molientibus:
1073 1769 1106 1794 et
1129 1774 1192 1794 non
1214 1769 1322 1795 tamen

359 1814 533 1850 propterea
564 1807 673 1838 minus
700 1806 810 1838 fideles
833 1805 904 1838 Deo
931 1806 1088 1844 serviunt,
1117 1806 1172 1837 sed
1203 1807 1236 1837 in
1262 1807 1322 1838 Dei

361 1851 451 1884 cultu
481 1851 603 1882 alacres
631 1855 780 1890 pergunt,
810 1854 842 1880 et
873 1849 922 1880 vel
946 1849 1057 1880 invitis
1080 1849 1226 1880 hostibus
1247 1860 1322 1881 con-

361 1895 435 1927 silia
464 1898 496 1925 et
524 1893 706 1924 molitiones
735 1892 809 1923 illae
831 1892 865 1923 in
888 1892 1007 1924 bonum
1031 1893 1174 1933 ipsorum
1197 1892 1324 1924 cedunt.

363 1937 457 1977 Quae
490 1946 587 1967 causa
620 1942 669 1966 est
699 1935 844 1972 istorum,
878 1934 1030 1966 obsecro?
1084 1935 1208 1975 Nempe
1237 1935 1326 1967 Deus

364 1981 433 2012 suis
463 1979 565 2010 servis
589 1979 674 2009 viam
699 1977 811 2018 aperit,
841 1982 874 2009 et
896 1977 997 2009 veluti
1021 1977 1215 2018 quibusdam
1238 1988 1327 2018 repa-

365 2024 452 2064 gulis
463 2020 627 2062 improbos
639 2026 772 2059 coercet,
800 2031 840 2052 ne
863 2031 956 2052 suum
979 2031 1061 2061 opus
1083 2020 1272 2061 impediant,
1295 2025 1328 2052 et

365 2077 408 2097 ne
437 2075 538 2106 prava
568 2075 628 2096 sua
658 2064 791 2095 consilia
820 2068 851 2095 et
882 2068 1016 2095 conatus
1046 2063 1085 2094 ad
1109 2064 1232 2094 exitum
1256 2074 1327 2104 per-

364 2108 497 2145 ducant,
520 2107 683 2139 oculorum
709 2107 808 2138 aciem
832 2106 1003 2138 hebescere
1025 2106 1110 2143 facit,
1133 2111 1165 2137 et
1187 2106 1328 2146 pruden-

365 2152 412 2183 tia
440 2156 474 2181 et
500 2149 718 2190 intelligentia
746 2150 868 2190 privat,
900 2160 941 2180 ne
969 2148 1044 2189 quid
1075 2154 1173 2190 agant
1201 2149 1329 2189 ipsimet

364 2194 567 2234 intelligant:
591 2203 672 2233 quos
691 2199 817 2223 certum
841 2197 889 2224 est
912 2193 939 2223 si
963 2202 1021 2223 sua
1044 2191 1176 2224 consilia
1199 2197 1330 2232 possent

366 2237 408 2269 ad
442 2237 565 2268 exitum
599 2235 783 2276 perducere,
815 2240 848 2266 et
877 2245 1011 2275 pravam
1041 2234 1239 2266 voluntatem
1271 2235 1330 2265 im-

367 2280 467 2321 plere,
498 2279 644 2309 divinum
672 2288 754 2318 opus
785 2278 1008 2318 impedituros.
1053 2277 1097 2308 Et
1120 2277 1237 2308 horum
1262 2287 1329 2308 om-

367 2323 458 2354 nium
489 2322 637 2361 exempla
667 2327 815 2352 nostrum
848 2321 1014 2352 saeculum
1044 2319 1140 2351 habet
1167 2320 1246 2352 satis
1270 2320 1331 2350 sre-

367 2364 509 2406 quentia.
556 2364 638 2403 Quis
669 2364 755 2395 enim
786 2363 836 2395 vel
866 2363 933 2395 sola
960 2363 1152 2404 cogitatione
1175 2363 1331 2403 potuisset

368 2407 552 2449 imaginari,
587 2406 672 2447 quod
701 2416 782 2446 opus
811 2406 901 2438 Deus
932 2406 1124 2438 moliebatur
1154 2416 1248 2446 posse
1275 2416 1331 2436 1111-

369 2461 467 2492 quam
495 2460 569 2481 eum
600 2450 724 2480 exitum
755 2459 849 2489 quem
882 2448 977 2480 hodie
1006 2449 1155 2480 videmus
1184 2448 1330 2488 assequi?

370 2493 458 2533 Quid
490 2492 638 2533 impediit
666 2493 838 2532 quominus
865 2492 974 2524 callidi
1005 2492 1052 2523 illi
1076 2495 1107 2522 et
1130 2491 1252 2523 vorsuti
1274 2491 1331 2522 ho-

369 2538 483 2576 mines,
506 2541 538 2566 et
561 2535 615 2575 qui
639 2536 747 2575 pravis
768 2546 896 2575 semper
918 2533 1041 2567 artibus
1063 2544 1116 2566 res
1138 2545 1213 2566 suas
1236 2534 1332 2565 tutati

371 2584 457 2617 sunt,
489 2588 553 2609 11011
584 2578 792 2618 providerent
821 2584 946 2609 mature
978 2588 1019 2609 ne
1049 2582 1140 2608 tanto
1170 2587 1242 2609 eum
1266 2586 1334 2608 suc—

372 2631 462 2653 cessu
481 2620 643 2661 evangelii
663 2620 809 2652 doctrina
828 2619 1084 2661 propagaretur?
1115 2619 1184 2651 Nae
1202 2620 1229 2651 si
1248 2619 1333 2660 cogi-

374 2668 513 2701 tassent,
554 2674 612 2704 pro
654 2663 776 2695 viribus
816 2663 973 2704 impedire
1002 2662 1087 2695 istud
1118 2673 1199 2704 opus
1228 2663 1334 2694 eonati

1344 384 1347 400 l

1373 347 1592 379 Nihilominus
1622 354 1729 379 tamen
1759 349 1832 380 illos
1855 349 2058 389 obstupuisse
2081 349 2236 387 videmus,
2266 356 2298 382 et
2318 361 2338 382 a

1373 390 1442 422 Deo
1473 391 1574 422 factos
1602 390 1735 422 ebriosis
1765 391 1896 429 similes,
1924 398 1959 422 ut
1990 391 2129 423 videndo
2160 402 2225 423 non
2249 393 2337 425 vide-

1372 435 1455 464 rint:
1485 439 1517 464 et
1548 434 1593 464 ita
1624 433 1758 474 fregisse
1787 434 1917 465 illorum
1941 435 2066 466 animos
2089 434 2278 473 Dominum,
2302 440 2339 467 ut

1346 495 1347 502 1
1372 476 1505 507 hebetes
1528 476 1665 507 fuerint:
1689 482 1719 508 et
1743 477 1925 518 superbiam
1949 478 1994 508 ita
2017 483 2142 509 mentes
2166 488 2339 518 occupasse

357 536 471 557 sensus
495 534 590 556 causa
615 522 683 557 fuit,
707 521 847 559 obsecro,
871 523 933 553 nisi
958 523 1103 559 internus
1127 521 1187 551 Dei
1212 526 1320 551 motus
1345 528 1347 530 ·

1373 524 1409 549 ut
1434 519 1495 550 Dei
1524 519 1663 559 gratiam
1695 530 1776 560 quae
1805 521 1838 551 in
1870 520 1972 560 ipsius
1998 520 2131 552 ccclesia
2155 520 2240 553 lucet
2263 531 2338 552 con-

1373 561 1574 601 tempserint,
1598 567 1631 593 et
1653 568 1805 602 tanquam
1829 563 1955 603 paleam
1975 568 2061 594 terra
2084 563 2259 595 obruerint.
2293 564 2338 595 Et

1373 604 1503 644 quidem
1543 604 1591 635 illi
1631 605 1691 636 sibi
1724 605 1946 645 gratulantes,
1981 612 2013 636 et
2047 606 2228 646 triumphos
2263 617 2338 638 suos

1373 647 1596 687 praedicantes
1630 648 1758 679 miseris
1793 648 2005 680 insultabant:
2041 649 2165 689 ecquid,
2199 649 2338 688 aiebant,

1373 690 1427 721 isti
1457 689 1689 722 homunciones
1711 691 1883 729 efficerent,
1912 691 1988 731 quid
2011 691 2064 723 isti
2087 692 2195 723 stolidi
2217 697 2251 723 et
2272 697 2339 724 stn-

1374 732 1440 773 pidi
1464 732 1612 765 homines
1635 734 1844 774 susciperent,
1867 734 1943 774 quid
1968 745 2121 774 magnum
2145 735 2262 766 abiecti
2283 735 2337 767 isti

1374 781 1406 806 et
1437 776 1518 807 viles
1550 777 1697 808 homines
1720 782 1937 817 praestarent,
1967 777 2102 808 nobisne
2130 777 2182 808 vel
2205 778 2246 808 ad
2269 788 2338 809 mo-

1373 824 1520 850 mentum
1543 820 1661 860 exigua
1684 819 1851 850 hominum
1875 830 1992 851 manus
2016 819 2202 851 resisteret?
2249 819 2338 853 Sane

1374 861 1568 893 videbantur
1585 872 1644 894 suo
1663 862 1737 893 freti
1755 861 1924 902 splendore
1944 867 1975 893 et
1995 863 2214 894 munificentia
2233 863 2338 895 tribus

1373 903 1455 935 bolis
1485 906 1629 936 voraturi
1654 909 1812 945 quotquot
1834 905 1976 936 mundus
1998 905 2110 936 fideles
2134 906 2241 937 habet.
2280 907 2338 937 At-

1373 957 1436 987 que
1455 947 1540 978 istud
1561 948 1636 979 dum
1657 953 1788 987 sperant
1809 953 1841 979 et
1863 953 2017 988 tanquam
2042 949 2159 980 factum
2183 948 2337 989 pollicen-

1373 995 1428 1020 tur
1451 990 1703 1032 negligentiores
1726 990 1802 1022 facti
1825 996 1912 1029 sunt,
1935 997 1967 1022 et
1991 991 2079 1022 Deus
2102 991 2233 1022 interim
2255 1001 2338 1032 opus

1373 1042 1467 1064 suum
1491 1034 1637 1074 perfecit,
1661 1039 1692 1064 et
1713 1033 1758 1064 sic
1781 1033 1923 1074 ipsorum
1946 1034 2053 1065 oculos
2076 1034 2278 1074 perstrinxit,
2301 1039 2339 1066 ut

1374 1076 1601 1108 imminentem
1620 1075 1680 1108 sibi
1698 1076 1825 1107 ruinam
1849 1087 1911 1108 non
1937 1076 2236 1108 animadverterint.
2266 1077 2338 1109 Iam

1375 1129 1452 1150 vero
1477 1119 1538 1150 Dei
1568 1130 1668 1150 manu
1699 1118 1827 1157 deiecti,
1855 1125 1887 1150 et
1908 1120 2056 1159 opinione
2080 1120 2163 1160 falsi,
2187 1119 2338 1152 dentibus

1375 1160 1526 1193 frendent
1548 1169 1581 1194 et
1603 1162 1796 1202 ringuntur:
1820 1162 1943 1202 Deique
1967 1162 2122 1194 virtutem
2146 1173 2210 1194 non
2233 1163 2337 1194 anim-

1375 1204 1560 1244 advertunt,
1589 1210 1622 1236 et
1644 1205 1800 1236 adversus
1822 1205 1929 1245 ipsum
1952 1205 2136 1246 insurgunt,
2159 1211 2191 1237 et
2214 1205 2337 1237 bellum

1375 1247 1527 1279 inferunt.
1570 1248 1618 1280 Ac
1640 1247 1716 1280 licet
1738 1247 1909 1279 videantur
1930 1248 2007 1279 facti
2030 1249 2228 1288 poenitentia
2252 1249 2337 1286 duci,

1375 1295 1408 1321 et
1429 1291 1574 1322 animum
1598 1292 1778 1329 immutare,
1801 1296 1909 1322 tamen
1931 1290 2003 1322 illos
2026 1292 2113 1322 intus
2136 1293 2185 1322 uri
2209 1297 2337 1323 certum

1375 1339 1432 1371 est,
1463 1339 1495 1364 et
1523 1338 1678 1374 perpetuo
1705 1333 1843 1365 cruciari
1872 1343 1891 1364 a
1919 1344 1977 1365 suo
1999 1335 2159 1371 carnifice,
2190 1334 2275 1374 quod
2297 1335 2339 1366 iis

1376 1376 1553 1408 honoribus
1582 1376 1765 1408 exciderint
1793 1375 1910 1416 quibus
1931 1377 2072 1407 maxime
2095 1376 2339 1409 delectabantur

1376 1423 1408 1450 et
1435 1419 1688 1451 inebriabantur.
1733 1419 1881 1459 Denique
1904 1418 2039 1450 Davidis
2062 1419 2211 1460 exemplo
2234 1419 2338 1452 disca-

1375 1472 1457 1500 mus,
1488 1462 1559 1494 Deo
1593 1472 1653 1493 nos
1687 1466 1875 1502 protegente
1907 1470 1940 1494 et
1969 1462 2003 1492 in
2033 1461 2216 1494 clientelam
2245 1473 2337 1495 suam

1376 1505 1560 1545 recipiente,
1591 1516 1632 1536 ne
1654 1504 1873 1536 rabidissimas
1895 1504 2024 1546 quidem
2048 1505 2131 1536 feras
2154 1505 2246 1537 nobis
2268 1515 2339 1537 esse

1377 1549 1558 1579 nocituras:
1581 1552 1613 1579 et
1632 1548 1707 1579 licet
1725 1547 1893 1579 immensis
1911 1547 2091 1588 gurgitibus
2113 1547 2338 1587 circumdatos,

1376 1601 1416 1622 ex
1447 1590 1562 1631 quibus
1585 1591 1694 1622 nullus
1717 1590 1813 1622 detur
1835 1591 1950 1629 exitus,
1979 1595 2010 1621 et
2033 1591 2198 1623 altissimis
2221 1591 2339 1622 monti-

1375 1633 1445 1671 bus,
1469 1638 1525 1665 aut
1543 1634 1670 1675 magnis
1688 1633 1876 1665 fluminibus
1898 1633 2076 1674 impeditos,
2102 1639 2137 1664 ut
2159 1645 2201 1665 ne
2224 1633 2339 1674 pedem

1376 1676 1506 1717 quidem
1536 1676 1576 1707 ad
1603 1676 1737 1717 periculi
1760 1676 1869 1717 fugam
1891 1686 2020 1708 movere
2043 1686 2136 1716 posse
2159 1676 2338 1715 videamur,

1376 1719 1484 1751 Deum
1502 1725 1611 1751 tamen
1630 1720 1676 1751 ita
1695 1719 1861 1751 brachium
1874 1729 1967 1750 suum
1980 1725 2184 1750 exserturum
2197 1725 2234 1751 ut
2251 1720 2339 1751 viam

1375 1763 1508 1803 aperiat,
1531 1762 1719 1803 facilemque
1741 1766 1774 1794 et
1796 1762 1939 1802 perviam
1962 1761 2088 1793 efficiat.
2132 1762 2182 1794 Ac
2204 1762 2339 1803 proinde

1375 1805 1450 1838 licet
1480 1804 1652 1837 adversum
1683 1815 1742 1837 nos
1769 1804 1910 1836 mundus
1937 1804 2099 1843 coniuret,
2130 1812 2240 1836 tamen
2269 1805 2339 1837 eius

1377 1849 1596 1888 arrogantiam
1616 1848 1826 1886 deiecturum,
1845 1852 1902 1879 aut
1920 1852 2087 1888 stuporem
2104 1847 2338 1886 immissurum,

1377 1892 1633 1932 quotiescunque
1656 1901 1732 1923 suos
1755 1891 1854 1922 tutari
1877 1894 1909 1921 et
1930 1900 2120 1931 promovere
2143 1890 2295 1922 voluerit.

1462 1934 1506 1965 Et
1523 1933 1562 1965 de
1580 1935 1649 1966 istis
1667 1934 1760 1966 satis:
1780 1934 1819 1965 ad
1833 1933 1968 1965 Davidis
1986 1943 2175 1973 responsum
2196 1938 2340 1965 transea-

1377 1987 1461 2017 mus,
1482 1981 1515 2008 et
1533 1987 1597 2017 qua
1614 1976 1732 2009 fiducia
1750 1977 1873 2008 nitatur
1890 1975 2119 2017 expendamus,
2140 1986 2255 2016 nempe
2274 1986 2340 2008 non

1378 2030 1437 2051 sua
1465 2019 1635 2058 industria,
1668 2030 1772 2060 neque
1805 2019 2000 2057 fortitudine,
2032 2018 2087 2050 sed
2118 2018 2340 2050 recordatione

1380 2063 1481 2094 divini
1507 2063 1629 2102 auxilii,
1661 2063 1745 2103 quod
1768 2063 1800 2093 in
1826 2072 1953 2094 summa
1975 2061 2163 2093 difficultate
2186 2066 2340 2102 expertus

1380 2106 1495 2137 fuerat.
1539 2106 1598 2137 Ait
1628 2106 1731 2137 enim:
1762 2104 1913 2137 Pascebat
1940 2114 2048 2137 servus
2069 2106 2143 2135 tuus
2159 2105 2267 2143 patris
2287 2105 2341 2135 sui

1378 2159 1508 2189 yreqem,
1537 2151 1565 2180 et
1592 2148 1730 2180 veniebat
1757 2148 1801 2179 leo
1823 2148 1871 2179 vel
1891 2157 1994 2187 ursas,
2024 2149 2051 2178 et
2071 2147 2192 2178 tollebat
2213 2148 2340 2178 arietem

1381 2192 1416 2223 de
1443 2192 1541 2223 medio
1566 2192 1687 2232 yreqis:
1716 2193 1743 2222 et
1759 2190 1967 2231 persequebar
1988 2199 2047 2230 eos,
2078 2193 2106 2220 et
2120 2190 2340 2230 percutiebam,

1354 2262 1357 2272 ,
1382 2234 1582 2274 eruebamque
1611 2235 1647 2266 de
1675 2244 1725 2266 ore
1754 2243 1872 2265 eoram:
1902 2232 1946 2264 Et
1974 2233 2023 2264 illi
2044 2232 2264 2273 consumebant
2284 2233 2343 2264 ad-

1382 2287 1504 2308 versum
1521 2288 1575 2316 me,
1598 2279 1624 2309 et
1642 2276 1905 2317 apprehendebam
1921 2278 2054 2307 mentum
2071 2285 2185 2313 eorum,
2204 2278 2231 2306 et
2248 2275 2344 2315 suffo-

1382 2321 1505 2361 cabam,
1537 2320 1814 2360 interficiebamque
1846 2329 1905 2351 eos.
1961 2318 2088 2358 Quibus
2122 2318 2231 2350 verbis
2265 2318 2345 2350 satis

1382 2363 1520 2394 ostendit
1542 2373 1576 2395 se
1595 2363 1662 2395 suis
1684 2363 1808 2395 viribus
1830 2373 1894 2394 non
1918 2360 2024 2399 fidere,
2049 2360 2194 2401 nihilque
2217 2361 2256 2392 de
2278 2360 2344 2393 illis

1383 2406 1443 2437 sibi
1472 2406 1624 2446 polliceri,
1652 2405 1707 2438 sed
1738 2416 1757 2437 a
1778 2405 1920 2436 Domino
1942 2403 2008 2436 solo
2031 2404 2189 2435 auxilium
2212 2414 2344 2444 exspec-

1385 2454 1461 2485 tare,
1491 2449 1576 2489 quod
1605 2459 1646 2480 ex
1676 2449 1776 2489 ipsius
1807 2447 2009 2480 conclusione
2038 2447 2074 2478 fit
2104 2446 2211 2478 adhuc
2239 2447 2345 2482 maris

1384 2492 1603 2531 conspicuum,
1632 2502 1731 2532 quum
1761 2491 1821 2522 ait:
1852 2490 2008 2523 Dominus
2029 2489 2083 2529 qui
2105 2490 2219 2529 eripuit
2241 2499 2288 2520 me
2312 2489 2347 2520 Ie

1384 2545 1479 2565 mann
1510 2535 1613 2573 leonis,
1643 2537 1669 2565 et
1698 2535 1735 2566 de
1764 2544 1860 2565 ‘manu
1887 2533 1966 2570 ursi,
1992 2533 2058 2572 ipse
2079 2542 2126 2563 me
2148 2531 2287 2564 liberabit
2310 2532 2346 2563 de

1385 2587 1481 2608 manu
1504 2577 1672 2609 Plzilistaei
1693 2577 1797 2608 leuius.
1833 2575 1898 2609 Ubi
1919 2575 2157 2607 observandum
2180 2574 2345 2606 Davidem

1386 2620 1461 2651 lieet
1491 2621 1661 2660 pecuarius
1691 2625 1786 2651 antea
1816 2619 1937 2656 fuisset,
1967 2622 2074 2649 tamen
2104 2618 2170 2649 iam
2193 2617 2232 2649 ab
2254 2617 2346 2648 initio

1387 2669 1614 2703 praeparatum
1630 2673 1649 2695 a
1662 2663 1804 2694 Domino
1823 2662 1863 2694 ad
1881 2660 2012 2698 maiora,
2032 2671 2112 2702 quae
2131 2660 2187 2693 vix
2206 2669 2347 2701 unquam
