2551 3044
129 204 191 235 449

766 201 811 231 IN
838 201 861 231 1.
891 201 973 231 hlB.
999 200 1196 235 SAMUEL.
1222 206 1319 236 CAP.
1346 207 1473 237 XXIII.

128 304 266 338 oportet:
290 298 346 328 sed
370 308 448 337 quae
473 304 577 327 tamen
603 295 670 326 sola
683 294 754 331 Dei,
778 301 810 325 et
834 306 896 324 non
922 294 1089 324 hominum
1115 314 1117 333 1,

1116 341 1218 379 =quin
1260 342 1363 372 coelos
1398 343 1471 373 licet
1505 351 1632 383 apertos
1665 344 1874 384 intueremur,
1907 350 1940 375 et
1974 345 2107 376 coelitus

130 342 248 371 virtuto
274 341 437 370 niteretur.
485 339 527 369 Et
553 348 585 368 re
613 338 683 376 ipsa.
715 342 867 367 testatum
891 336 967 367 fecit
991 335 1088 374 Deus,

129 395 162 414 se
188 382 344 414 Davidem
369 392 440 414 cum
466 381 573 420 paucis
593 379 655 410 illis
677 379 742 409 suis
765 378 921 409 militibus
935 378 1089 409 adversus
1115 401 1117 421 ἲ

131 427 238 457 hostes
262 425 429 459 animasse,
449 431 480 453 et
505 423 569 453 vim
594 432 630 452 ae
653 421 750 452 robur
769 421 905 451 dedisse.
944 421 1090 452 Profecto

129 553 276 591 tionibus,
300 551 497 581 defensorem
523 557 629 579 tamen
653 555 685 579 et
708 548 883 588 propitium
908 548 1090 595 experieba-
1116 559 1118 584 ᾗ

246 594 288 624 Et
323 592 477 623 militibus
511 591 612 631 ipsius
653 592 777 622 animos
816 591 914 621 etiam
948 596 1117 630 oportuit*

129 603 189 626 ΕΗΓ.

2047 210 2110 239 451)

1143 298 1302 330 discamus
1327 301 1482 331 adversus
1509 301 1609 331 Deum
1638 312 1699 331 non
1725 301 1878 332 indurari.
1925 301 2006 332 Nam
2032 303 2108 333 alio·

1145 383 1231 414 Deus
1261 384 1447 424 fulguraret,
1477 396 1632 425 suamque
1664 387 1837 426 potentiam
1863 387 1994 427 propius
2019 392 2107 428 pate-

1116 454 1117 457 ,
1142 426 1268 462 faceret,
1293 434 1323 456 et
1348 428 1433 457 inille
1458 428 1559 458 modis
1580 436 1723 465 terreret,
1749 430 1874 460 nullum
1896 435 2001 460 tamen
2023 430 2107 470 apud

129 476 196 499 tum
230 466 347 498 Davidi
383 475 498 505 magua
533 470 581 494 est
623 464 730 494 oblata
772 464 914 494 laetitiae
956 464 1117 503 occasio,=

129 521 226 551 quum
252 509 356 539 Deum
382 509 412 538 in
440 507 552 537 mediis
575 506 641 537 suis
665 506 903 537 calamitatibus
933 512 966 536 et
989 505 1089 537 afflic-
1116 506 1117 523 ³

127 637 211 675 addi,
235 647 332 675 quum
359 634 656 665 animadverterent
679 633 785 664 Deum
816 644 893 673 erga
924 633 1008 673 ipsos
1040 634 1090 664 sui
1116 640 1117 663 1

127 679 247 711 favoris
271 684 302 709 et
325 678 447 718 gratiae
471 677 563 718 signa
588 687 650 706 nou
676 676 774 707 dubia
798 675 932 706 dedisse.

210 722 331 753 Contra
362 731 438 751 vero
468 719 601 751 Saulem
632 718 722 749 obrui
754 719 942 749 confusione
964 729 1090 749 summa

127 775 254 796 necesse
274 763 348 794 fuit:
368 768 400 793 et
420 763 447 794 si
466 772 561 802 quam
582 772 695 792 sensus
715 761 894 792 communis
912 767 943 791 et
956 761 1090 792 rationis

126 812 249 847 guttam
281 805 454 843 habuisset,
492 805 531 835 ad
562 804 726 835 meliorem
760 812 900 834 mentem
934 805 1088 851 revocari.

126 850 239 890 Neque
268 849 354 880 enim
385 849 489 888 ipsum
514 847 613 878 latere
638 847 698 877 Dei
722 847 928 877 manifestum
953 857 1031 886 opus
1056 857 1088 876 in

126 893 186 924 hac
206 892 448 923 Philistinorum
469 897 576 930 strage
596 896 737 930 poterat:
762 896 793 919 et
809 889 967 919 Davidem
989 899 1006 918 a
1020 889 1089 920 Deo

126 946 191 966 non
214 934 319 965 dubiis
342 934 444 974 signis
467 933 570 964 iuvari
594 932 673 963 satis
697 931 985 967 animadvertebat,
1015 932 1088 962 licet

125 984 219 1008 antea
249 981 356 1008 mente
383 980 496 1016 captus
519 976 631 1006 fuisset
654 980 686 1005 et
709 975 850 1005 insanus.
898 974 1007 1013 Quare
1030 975 1089 1014 igi-

127 1027 179 1051 tur
209 1030 272 1050 non
303 1018 385 1050 redit
415 1018 454 1049 ad
485 1018 598 1048 bonam
631 1018 768 1057 frugem,
799 1022 830 1047 et
853 1016 924 1047 Deo
949 1027 1010 1047 non
1035 1019 1090 1048 dat

124 1061 281 1103 gloriam?
329 1060 391 1093 Sed
416 1061 459 1092 ita
482 1060 586 1091 solent
609 1060 756 1091 homines
779 1059 905 1099 reprobi
924 1070 1015 1090 suam
1036 1070 1088 1091 ne-

124 1105 258 1145 quitiam
281 1110 313 1135 et
334 1104 474 1134 furorem
500 1103 602 1134 alere:
633 1109 667 1133 ut
690 1103 716 1133 si
743 1102 830 1133 Deus
854 1102 921 1141 ipse
944 1113 977 1133 se
1002 1109 1088 1142 pate—

124 1147 230 1186 faciat,
255 1146 463 1178 nihilominus
486 1151 594 1176 tamen
619 1146 679 1185 ipsi
705 1155 832 1175 summa
856 1145 1036 1185 pervicacia
1057 1151 1089 1176 et

123 1190 337 1221 obstinatione
366 1189 466 1220 animi
492 1189 652 1220 resistant.
698 1187 858 1228 Equidem
882 1188 983 1218 fateor
1006 1188 1087 1227 illos,

123 1233 149 1264 si
179 1233 357 1271 interroges
386 1231 462 1271 quid
486 1231 642 1262 adversus
665 1230 771 1261 Deum
796 1230 970 1270 pugnando
994 1232 1088 1270 profi-

122 1275 216 1313 ciant,
247 1285 465 1314 responsuros,
495 1285 557 1305 non
582 1284 652 1304 eam
677 1284 745 1304 esse
769 1283 860 1304 suam
884 1281 1026 1304 mentem
1052 1279 1087 1304 ut

122 1318 193 1349 Deo
225 1319 384 1349 resistant.
431 1317 664 1347 Verumtamen
698 1318 723 1346 si
755 1316 816 1346 Dei
846 1315 1022 1346 bonitatem
1051 1316 1086 1346 in

123 1360 311 1401 quibusdam
336 1360 442 1391 lucere
468 1359 618 1397 viderint,
643 1370 738 1398 quam
763 1359 913 1389 ferociter
932 1358 1086 1390 adversus

121 1414 174 1434 eos
205 1403 381 1433 efferantur
405 1408 452 1433 est
475 1403 693 1442 conspicuum.
739 1401 848 1440 Quare
870 1401 946 1432 lieet
969 1402 1085 1433 millies
1111 1410 1114 1416 ¹

121 1446 228 1477 iurent
251 1456 284 1476 se
306 1446 391 1476 nolle
411 1445 495 1476 ultro
514 1446 547 1475 in
566 1446 670 1476 Deum
691 1444 808 1483 efferri,
833 1444 956 1487 malitia
976 1451 1083 1475 tamen

119 1489 262 1528 ipsorum
295 1488 442 1518 omnibus
474 1489 553 1519 satis
582 1493 628 1519 est
657 1487 835 1518 manifesta.
882 1487 959 1518 Saul
984 1487 1084 1527 igitur

121 1532 226 1562 Deum
258 1541 319 1561 non
352 1530 545 1571 glorificans,
576 1541 679 1570 neque
709 1530 829 1570 gratias
853 1530 899 1560 illi
923 1540 1022 1570 agens
1045 1530 1083 1560 de

120 1578 214 1614 parta
237 1573 339 1604 salute
362 1573 573 1611 Ceilensibus,
595 1574 648 1613 qui
672 1574 800 1604 fuerant
823 1571 987 1603 obsidione
1010 1572 1084 1603 libe-

119 1615 198 1653 rati,
228 1623 354 1656 semper
384 1616 417 1646 in
447 1617 539 1656 peius
563 1617 636 1647 ruit.
683 1616 765 1646 Nam
791 1625 908 1655 magna
931 1620 1000 1646 erat
1022 1616 1083 1655 ipsi

119 1658 255 1690 Davidis
288 1658 419 1690 amandi
453 1659 559 1690 oblata
593 1659 725 1696 occasio,
761 1658 787 1688 si
822 1659 901 1689 alias
931 1668 1083 1697 unquam,

120 1701 203 1741 quod
235 1711 402 1741 nunquam
426 1702 539 1733 fuisset
562 1701 600 1733 ab
624 1701 730 1733 officio
754 1706 785 1731 et
810 1700 890 1731 bona
914 1701 1083 1732 voluntate

119 1754 195 1784 erga
219 1743 350 1775 Saulem
374 1752 405 1775 et
429 1745 581 1785 populum
602 1754 742 1781 aversus,
768 1743 822 1774 sed
843 1754 970 1783 semper
990 1744 1082 1775 novis

122 1786 295 1818 benefactis
318 1798 351 1818 se
374 1794 405 1817 et
429 1787 580 1827 populum
600 1787 804 1818 cumulasset.
850 1786 919 1817 Nae
940 1786 1000 1817 nisi
1021 1787 1082 1817 fer-

118 1840 207 1860 reum
243 1840 278 1860 ac
311 1829 502 1871 chalybeum
539 1840 593 1860 cor
627 1829 801 1869 habuisset,
836 1829 921 1860 flecti
946 1830 1082 1860 Davidis

116 1872 187 1903 istis
211 1872 325 1903 officiis
348 1873 453 1912 ipsum
478 1874 662 1913 oportebat:
688 1872 742 1903 sed
766 1879 802 1902 ut
821 1877 894 1902 ante
915 1871 991 1909 dixi,
1017 1882 1081 1903 non

116 1919 243 1946 tantum
268 1926 286 1946 a
310 1916 378 1946 Deo
402 1915 576 1947 derelictus
599 1920 678 1954 erat,
709 1914 765 1945 sed
789 1924 806 1944 a
830 1914 955 1945 diabolo
978 1916 1080 1954 possi-

117 1957 260 1989 debatur.
306 1958 348 1988 Et
376 1969 457 1998 quae
487 1959 524 1989 ad
556 1958 715 1990 Davidem
747 1957 920 1988 amandum
951 1958 1080 1989 flectere

115 2000 220 2039 ipsum
245 1999 411 2039 debebant,
437 2002 541 2041 potius
565 2001 721 2032 adversus
744 2001 850 2040 ipsum
872 2000 1078 2032 exacuebant.

116 2042 224 2082 Quare
258 2043 452 2083 imaginatur
478 2043 636 2075 Davidem
662 2043 749 2074 illam
774 2043 885 2074 urbem
909 2053 1079 2083 occupasse

115 2093 151 2116 ut
179 2085 213 2116 in
234 2095 272 2117 ea
294 2097 327 2117 se
352 2087 503 2126 paulatim
529 2087 660 2124 reficiat,
692 2092 724 2117 et
748 2085 833 2117 vires
856 2086 994 2126 colligat,
1025 2085 1079 2117 do-

115 2137 174 2159 nec
191 2127 229 2159 ad
249 2139 385 2160 coronae
405 2129 637 2168 possessionem
659 2129 776 2160 veniat.
823 2129 929 2159 David
950 2129 1078 2168 quidem

115 2171 225 2210 procul
249 2171 344 2202 dubio
369 2172 448 2202 nihil
472 2173 534 2203 tale
559 2173 666 2203 animo
691 2171 848 2210 volvebat,
872 2172 927 2202 sed
952 2178 1078 2202 tantum

116 2213 148 2243 in
173 2212 281 2245 Saulis
305 2224 418 2245 manus
442 2215 556 2246 cadere
575 2214 745 2246 metuebat.
792 2214 873 2245 Saul
893 2215 992 2255 igitur
1010 2215 1077 2246 Da-

115 2255 222 2287 videm
242 2256 328 2286 intra
347 2256 456 2289 Ceilae
475 2268 583 2289 muros
598 2257 741 2289 clausum
755 2257 953 2295 existimans,
978 2268 1077 2297 quum

115 2298 199 2337 apud
229 2309 262 2329 se
289 2299 429 2339 cogitare
459 2299 597 2337 deberet,
632 2300 707 2340 quid
737 2301 887 2332 miseram
918 2301 1076 2331 oviculam

114 2340 311 2381 insequendo
335 2344 512 2382 proficeret,
537 2343 650 2375 statuit
669 2343 800 2374 omnino
819 2343 1076 2383 persequendum

114 2393 183 2414 esse
211 2383 379 2423 Davidem,
411 2390 442 2416 et
472 2385 732 2426 quandoquidem
761 2386 839 2417 urbe
862 2387 1075 2424 contineatur,

115 2435 180 2456 non
188 2435 280 2466 posse
289 2437 404 2458 manus
413 2439 486 2459 suas
495 2429 637 2469 effugere
646 2428 705 2460 sibi
714 2428 898 2468 persuadet:
909 2430 992 2468 quod
1001 2429 1076 2460 urbs

115 2469 214 2507 portis
237 2473 268 2499 et
288 2470 423 2509 pessulis
448 2481 484 2502 ac
506 2471 586 2502 seris
609 2471 787 2503 claudatur.
834 2471 920 2503 Istae
945 2473 1076 2503 fuerunt

115 2509 225 2541 Saulis
243 2512 460 2550 cogitationes,
479 2513 571 2545 cuius
592 2514 625 2544 in
644 2514 805 2546 Davidem
821 2514 929 2546 odium
941 2515 1075 2555 proinde

116 2561 223 2584 merus
253 2553 341 2585 furor
364 2555 423 2586 fuit
446 2561 512 2587 tam
535 2557 745 2593 inveteratus,
781 2562 816 2589 ut
840 2557 930 2588 nulla
953 2558 1075 2589 ratione

115 2594 233 2634 placari
264 2598 410 2636 potuerit,
440 2599 589 2638 quamvis
614 2600 703 2631 Deus
726 2600 772 2631 illi
796 2601 914 2632 multas
937 2602 1074 2633 occasio-

116 2647 172 2668 nes
202 2638 350 2669 flectendi
380 2640 522 2672 animum
554 2652 647 2673 suum
679 2644 857 2682 praeberet.
903 2643 970 2675 Nos
1000 2644 1075 2675 hino

186 2687 293 2714 Calvini
310 2695 400 2722 opera.
439 2691 496 2717 Vol.
514 2691 609 2718 XXX.

1144 478 1202 498 nos
1233 469 1294 499 ista
1326 469 1451 508 pondus
1484 471 1648 507 baberent,
1683 479 1714 501 et
1739 472 1835 503 nullis
1859 473 1957 512 ipsius
1981 473 2107 504 iudiciis

1144 518 1348 542 terreremur.
1394 512 1557 550 Quamdiu
1582 514 1679 553 igitur
1706 515 1792 546 Deus
1816 526 1873 546 nos
1897 515 2002 554 aliquo
2026 515 2107 547 lucis

1143 563 1219 582 suae
1243 554 1412 593 splendore
1437 555 1584 592 illustrat,
1612 557 1641 586 in
1665 557 1765 596 ipsius
1789 557 1968 588 obedientia
1993 558 2105 589 ambu-

1144 595 1254 632 lemus,
1279 603 1309 626 et
1333 596 1605 629 admonitionibus
1630 599 1731 630 locum
1758 600 1879 637 demus,
1904 606 1934 631 et
1958 601 2105 641 castigati

1143 637 1181 668 ab
1205 639 1273 677 ipso
1297 644 1392 678 eaput
1415 640 1630 679 subiiciauius,
1665 648 1694 672 ct
1720 643 1842 681 placide
1864 643 1946 674 colla
1970 643 2104 674 submit-

1145 686 1265 711 tamus:
1285 686 1317 712 et
1337 682 1586 723 quotiescunque
1604 695 1661 715 nos
1674 685 1902 716 afflictionibus
1914 686 2105 724 exercuerit,

1143 723 1306 762 patienter
1339 730 1369 753 et
1403 724 1523 764 placide
1557 727 1783 758 correctionem
1817 729 1972 759 feramus:
2009 734 2040 759 et
2063 729 2101 759 ad

1143 766 1248 804 ipsum
1280 768 1427 805 precibus
1451 768 1686 800 sollicitandum
1710 771 1812 810 mag-is
1836 782 1870 801 ac
1895 771 1996 811 magis
2020 772 2103 802 exci-

1145 814 1263 838 temur:
1298 816 1329 839 et
1358 810 1505 841 omnibus
1529 822 1607 849 quae
1633 813 1727 842 verbo
1751 824 1807 843 suo
1832 813 1921 844 docet
1953 819 1984 844 et
2014 823 2104 853 prae-

1143 851 1253 881 scribit
1294 852 1560 891 obtemperemus.
1607 854 1741 885 Interim
1784 857 1880 886 etiam
1911 856 1961 886 hic
1995 856 2103 887 obser-

1143 903 1256 924 vemus
1290 904 1383 933 quam
1413 896 1548 934 superbe
1578 896 1639 927 Dei
1674 897 1780 928 hostes
1811 897 1965 929 adversus
1996 898 2101 930 Deum

1142 947 1200 966 sua
1234 937 1417 976 arrogantia
1452 939 1599 968 fascinati
1635 940 1815 980 insurgant,
1850 948 1880 972 et
1914 941 1973 971 sibi
1998 941 2104 973 felicia

1142 989 1267 1018 semper
1298 980 1405 1010 omnia
1436 981 1634 1019 promittant,
1669 994 1706 1013 ex
1737 984 1834 1013 animi
1863 984 1912 1014 sui
1942 985 2104 1015 sententia

1142 1032 1337 1052 successura.
1385 1022 1438 1053 sic
1462 1023 1538 1053 saul
1564 1024 1624 1054 sibi
1647 1025 1816 1064 persuadet
1842 1026 1999 1057 Davidem
2026 1027 2104 1058 urbe

1115 1064 1116 1080 ³
1142 1064 1328 1094 conclusum
1353 1076 1519 1104 nunquam
1543 1077 1559 1096 e
1583 1068 1648 1097 suis
1669 1068 1815 1099 manibus
1834 1079 2023 1100 evasurum:
2047 1069 2103 1101 sed

1141 1116 1207 1145 cur,
1244 1107 1384 1144 obsecro,
1420 1119 1481 1138 non
1516 1109 1640 1140 reducit
1674 1111 1704 1140 in
1730 1112 1916 1142 memoriam
1941 1111 2103 1143 Davidem

1142 1160 1210 1180 esse
1238 1150 1271 1179 in
1296 1149 1358 1180 Dei
1385 1161 1479 1181 mauu
1504 1159 1534 1180 et
1559 1153 1778 1190 protectione?
1824 1155 1892 1185 Cur
1917 1165 1980 1184 non
2004 1155 2101 1186 etiam

1142 1192 1287 1222 meminit
1318 1204 1411 1232 saepe
1444 1193 1604 1224 Davidem
1630 1206 1646 1225 e
1670 1196 1736 1226 suis
1760 1196 1909 1228 manibus
1933 1197 2102 1237 elapsum?

1140 1235 1224 1265 Nam
1249 1236 1372 1274 quoties
1397 1236 1486 1265 illum
1511 1237 1691 1268 interficere
1714 1246 1848 1270 conatus
1867 1246 1924 1276 est,
1948 1247 1978 1270 et
2000 1242 2101 1271 factus

1140 1282 1189 1308 est
1207 1278 1289 1308 ictus
1308 1278 1441 1309 irritus?
1488 1279 1631 1310 Iaeulum
1652 1281 1683 1310 in
1705 1281 1810 1320 ipsum
1831 1283 1994 1320 contorsit,
2019 1284 2100 1322 quod

1140 1320 1307 1352 declinans
1343 1321 1447 1351 David
1483 1332 1585 1352 vanus
1620 1323 1681 1353 fuit
1714 1329 1854 1357 conatus,
1890 1326 1979 1364 quasi
2012 1325 2101 1356 Deus

1140 1363 1206 1402 ipse
1237 1363 1377 1394 medium
1405 1375 1437 1395 se
1467 1364 1641 1396 obiecisset.
1688 1366 1730 1396 Et
1754 1367 1878 1406 quoties
1902 1367 1992 1398 illum
2015 1368 2101 1399 inse-

1139 1412 1259 1445 quutus
1290 1407 1400 1442 fuerat,
1432 1412 1464 1436 et
1495 1407 1574 1438 dolis
1605 1419 1773 1448 aggressus
1803 1410 1872 1440 sine
1905 1410 1967 1440 ullo
1992 1416 2100 1442 tamen

1139 1448 1275 1479 effectu?
1322 1448 1489 1487 Quomodo
1512 1461 1587 1490 ergo
1612 1462 1673 1482 uon
1695 1452 1920 1483 animadvertit
1939 1453 2099 1484 Davidem

1140 1502 1202 1522 non
1232 1491 1399 1522 hominum
1432 1493 1553 1523 viribus
1584 1500 1615 1523 et
1645 1495 1762 1524 auxilio
1794 1495 1914 1532 iuvari,
1950 1496 2003 1526 sed
2033 1496 2100 1527 sola

1138 1533 1200 1564 Dei
1225 1534 1448 1565 benevolentia
1472 1540 1502 1565 et
1523 1537 1642 1566 virtute
1663 1537 1809 1577 protegi?
1856 1538 1930 1575 Cur,
1955 1538 2098 1578 inquam,

1139 1576 1217 1607 haec
1252 1579 1361 1608 omnia
1397 1578 1477 1608 Saul
1511 1589 1575 1608 non
1611 1586 1736 1610 revocat
1770 1581 1802 1610 in
1834 1581 2032 1619 memoriam,
2067 1589 2099 1612 et

1138 1619 1245 1659 sapit?
1292 1619 1357 1651 Sed
1381 1620 1425 1651 ita
1448 1621 1551 1652 solent
1575 1622 1708 1661 improbi
1729 1622 1872 1654 homines
1891 1631 1922 1654 et
1941 1624 2097 1655 increduli

1137 1663 1204 1693 suis
1235 1663 1456 1703 praeoccupati
1488 1664 1690 1704 passionibus
1724 1665 1826 1696 Deum
1853 1672 1883 1695 et
1907 1666 2007 1705 ipsius
2032 1667 2095 1697 vir—

1138 1710 1236 1736 tutem
1252 1711 1470 1737 contemnere:
1495 1707 1586 1737 euius
1610 1707 1715 1738 nullas
1733 1718 1800 1738 esse
1825 1715 1941 1748 partes,
1966 1710 2033 1740 sive
2056 1711 2096 1740 ad

1136 1747 1253 1778 bonum
1266 1749 1333 1779 sive
1346 1748 1385 1779 ad
1399 1749 1518 1780 malum
1531 1749 1591 1780 sibi
1604 1750 1806 1789 persuadent,
1820 1751 1838 1781 i.
1854 1761 1890 1787 e.,
1905 1756 1939 1782 ut
1953 1762 1991 1782 ex
2005 1758 2096 1791 parte

1136 1791 1241 1821 Deum
1266 1801 1328 1822 non
1353 1792 1476 1829 timent,
1500 1798 1530 1822 et
1550 1792 1623 1822 olim
1645 1793 1702 1832 ipsi
1723 1792 1917 1824 reddendam
1938 1794 2095 1826 factorum

1134 1833 1289 1864 rationem
1325 1844 1388 1865 non
1422 1834 1565 1871 credunt,
1609 1837 1768 1874 vitamque
1802 1846 1894 1866 suam
1928 1837 1960 1867 in
1995 1838 2095 1877 ipsius

1134 1887 1203 1907 esse
1234 1882 1405 1916 potestate,
1437 1877 1481 1907 sic
1508 1888 1549 1908 ex
1580 1884 1669 1917 parte
1699 1878 1758 1908 sibi
1783 1879 1976 1918 persuadent
2000 1880 2092 1912 illum

1107 1938 1109 1951 i
1134 1930 1196 1949 non
1222 1929 1314 1958 posse
1339 1920 1368 1949 in
1394 1920 1462 1959 ipso
1487 1920 1620 1951 fidentes
1645 1921 1722 1950 tueri
1749 1925 1779 1951 et
1804 1926 1979 1962 protegere.
2006 1923 2092 1955 Hinc

1133 1963 1258 1993 animos
1289 1962 1447 1993 increduli
1477 1969 1607 1993 sumunt
1639 1970 1702 1993 tam
1735 1963 1886 1994 audacter
1916 1964 1976 1995 Dei
2010 1966 2092 1998 filios

1133 2005 1355 2045 persequendi,
1393 2011 1423 2036 et
1457 2005 1558 2036 modis
1591 2005 1736 2036 omuibus
1767 2006 1950 2047 affligendi:
1987 2009 2091 2047 qualia

1133 2047 1225 2078 hodie
1250 2048 1397 2078 veritatis
1420 2048 1620 2079 inimieorum
1646 2048 1801 2080 adversus
1825 2049 1990 2081 ecclesiam
2016 2062 2090 2083 eon-

1131 2090 1202 2120 silia
1226 2097 1257 2121 et
1281 2090 1532 2122 machinationes
1556 2091 1710 2127 videmus,
1743 2091 1997 2131 quandoquidem
2023 2095 2092 2126 sine

1131 2143 1247 2173 magno
1271 2133 1378 2164 labore
1401 2144 1433 2164 se
1456 2134 1620 2165 ecelesiam
1646 2134 1906 2173 pessumdaturos
1930 2136 2091 2168 arbitran—

1131 2180 1192 2207 tur.
1238 2176 1337 2216 Atqui
1368 2176 1506 2207 rationes
1537 2187 1609 2207 suas
1641 2178 1749 2207 ineunt
1773 2176 1850 2207 soli:
1884 2188 1956 2208 nam
1982 2180 2006 2209 si
2033 2191 2090 2211 nos

1130 2229 1148 2250 a
1176 2219 1246 2249 Deo
1275 2218 1441 2250 derelictos
1470 2219 1678 2257 arbitrantur,
1711 2224 1741 2249 et
1765 2219 1823 2258 ipsi
1847 2219 1943 2251 etiam
1968 2232 2089 2260 exosos,

1130 2266 1196 2293 toto
1233 2262 1320 2292 eoelo
1349 2263 1508 2295 aberrant.
1547 2261 1800 2301 quandoquidem
1833 2262 1894 2292 Dei
1924 2273 2001 2303 erga
2032 2276 2090 2296 nos

1131 2304 1295 2335 benefacta
1327 2312 1391 2335 tam
1424 2305 1533 2335 multis
1565 2315 1625 2335 non
1660 2304 1763 2334 dubiis
1798 2304 1898 2344 signis
1922 2314 2088 2346 apparent.

1129 2346 1348 2386 Quamobrem
1381 2348 1630 2387 quotiescunque
1653 2347 1712 2377 Dei
1736 2347 1882 2378 inimicos
1906 2348 2089 2382 videbimus

1129 2394 1218 2420 tanto
1243 2390 1349 2421 furore
1373 2395 1404 2421 et
1428 2390 1513 2421 rabie
1537 2389 1690 2420 adversus
1715 2400 1771 2419 nos
1794 2390 1970 2430 insurgere,
1995 2398 2029 2422 ut
2049 2393 2088 2424 ab

1128 2433 1207 2472 ipsis
1244 2438 1407 2464 momento
1444 2432 1585 2463 laniandi
1623 2438 1654 2461 et
1685 2431 1878 2472 ‹leglubendi
1910 2433 2088 2473 videamur,

1127 2475 1288 2515 patienter
1311 2480 1532 2515 exspectemus
1556 2474 1630 2505 dum
1655 2474 1782 2505 illorum
1807 2474 1972 2506 audaciam
1999 2477 2088 2510 Deus

1127 2517 1313 2549 contundat.
1358 2519 1401 2549 Et
1431 2528 1493 2557 quo
1525 2517 1625 2556 magis
1656 2516 1827 2548 adversum
1860 2527 1918 2548 nos
1949 2519 2087 2552 fremue-

1127 2560 1202 2599 rint,
1225 2566 1255 2591 et
1278 2561 1309 2591 in
1335 2561 1463 2600 laqueos
1486 2571 1559 2590 suos
1582 2559 1725 2590 induisse
1746 2560 1805 2590 visi
1826 2560 1953 2596 fuerint,
1980 2562 2086 2595 Deum

1127 2604 1272 2643 persuasi
1303 2604 1402 2635 simus
1436 2603 1577 2642 ipsorum
1608 2602 1778 2633 stultitiam
1809 2609 1838 2633 et
1869 2605 2085 2638 temeritatem

1127 2646 1299 2677 irrisurum
1331 2653 1362 2677 et
1389 2644 1585 2677 admirandis
1609 2644 1712 2676 modis
1735 2655 1752 2675 e
1776 2645 1924 2677 manibus
1943 2647 2086 2687 ipsorum

1851 2696 1884 2722 -29
