2551 3044
346 219 405 251 119

347 320 392 344 est
418 313 470 352 qui
493 322 548 343 nos
568 311 678 343 doceat
698 311 756 343 sub
771 310 859 342 Dei
852 322 926 353 iugo
944 311 1111 346 contineri
1133 317 1162 341 et
1182 315 1305 351 quanta

348 354 420 386 iude
444 354 601 395 speranda
625 354 758 391 utilitas,
783 354 835 386 hie
857 354 998 386 maxime
1022 363 1067 385 cst
1093 354 1245 393 insignis:
1269 364 1304 385 ac

348 399 444 438 dign-i
469 398 640 435 sententia,
665 407 760 445 quam
784 402 893 428 noctes
924 397 1052 437 diesque
1078 406 1249 433 versemus
1273 402 1305 427 et
1329 419 1331 424 .

348 442 379 471 in
404 446 561 480 perpetua
584 440 737 471 memoria
762 439 947 471 habeamus.
994 443 1099 480 Atque
1130 439 1188 469 isto
1213 438 1304 470 unico

347 483 556 513 fundamento
590 483 650 513 niti
685 482 801 513 debent
835 483 1017 523 quicunque
1058 481 1232 513 vocationis
1274 488 1305 513 et

349 525 491 556 muneris
515 526 563 557 sui
588 531 695 565 partes
718 525 851 565 implere
876 525 998 557 volunt.

433 568 556 599 Contra
588 578 663 598 vero
695 568 847 608 quoniam
879 568 1001 599 leviora
1031 574 1103 598 sunt
1136 566 1303 597 hominum

348 611 478 651 ingenia
516 611 549 641 in
584 610 693 641 multis
733 610 1013 642 comminiscendis
1050 611 1116 641 Deo
1157 608 1304 648 cultibus,

347 653 487 684 sciamus
522 653 743 692 rebellionem,
778 653 1047 693 divinationisque
1080 653 1200 684 crimen
1235 662 1304 683 esse

348 702 378 727 et
410 695 609 726 idololatriae
633 707 651 727 a
674 696 834 736 scriptura
863 696 913 728 vel
944 695 1106 727 tantillum
1139 693 1302 725 recedere:

348 745 442 778 atque
466 745 617 778 tanquam
642 739 788 778 perfidos,
817 738 987 770 mendaces
1010 749 1045 770 ac
1069 747 1167 768 vanos
1191 747 1209 767 a
1232 736 1302 768 Deo

348 781 457 812 haberi
501 781 595 812 ierbo
637 781 738 821 ipsius
772 781 949 813 abutentes.
1007 781 1212 821 Quapropter
1246 790 1303 821 per

347 823 555 854 rebellionem
592 823 662 855 fieri
704 824 924 873 intelligamus
963 823 1115 864 quidquid
1158 823 1303 854 homines

347 866 416 898 sine
442 866 500 896 Dei
525 865 676 897 mandate
700 867 891 916 suscipiunt,
913 872 967 898 aut
991 868 1059 897 sine
1085 866 1177 897 verbo
1201 865 1303 905 ipsius

347 914 533 948 praeeunte:
566 915 596 939 et
620 909 652 939 in
683 909 794 949 primis
817 920 914 950 quum
938 909 1023 940 docti
1046 909 1241 940 sufficienter
1264 907 1302 939 de

348 951 409 982 Dei
444 951 611 983 voluntate
644 951 690 982 illi
724 962 788 983 non
823 953 1049 993 acquiescunt,
1083 951 1137 982 sed
1172 962 1210 982 ex
1244 961 1302 982 suo

347 1004 442 1025 sensu
476 995 581 1025 varios
617 1000 647 1025 et
682 995 857 1027 insolentes
891 996 996 1027 cultus
1031 995 1098 1025 Deo
1131 994 1302 1034 affingunt.

346 1035 496 1076 Denique
527 1036 656 1068 rebellio
688 1043 744 1076 est,
776 1044 810 1069 ut
839 1039 1000 1078 scriptura
1031 1037 1178 1077 loquitur,
1208 1047 1225 1067 a
1249 1036 1302 1067 via

348 1079 477 1109 Domini
502 1079 657 1111 recedere.
694 1080 756 1112 Hic
776 1091 850 1112 vero
869 1081 971 1112 solent
991 1080 1177 1121 hypocritae
1197 1079 1303 1109 varias

347 1122 570 1153 excusationes
601 1133 765 1162 quaerere,
795 1134 830 1155 ac
861 1123 1043 1154 rebellionis
1072 1123 1205 1153 crimine
1234 1132 1302 1152 sese

348 1164 494 1195 liberare.
540 1164 634 1203 Nam,
665 1166 765 1202 aiunt,
796 1176 894 1206 quare
925 1165 1059 1197 dicimur
1083 1164 1223 1201 rebelles,
1247 1164 1302 1204 qui

347 1207 407 1238 Dei
422 1207 555 1238 verbum
577 1207 793 1239 admittimus:
817 1218 852 1239 ac
871 1209 896 1240 si
911 1208 984 1248 quid
1005 1207 1105 1238 eidem
1127 1207 1302 1244 adiicimus,

348 1259 386 1280 ex
411 1248 588 1280 abundanti
612 1250 767 1282 facimus?
814 1250 887 1289 Nae,
913 1252 980 1282 Deo
1004 1251 1159 1281 inservire
1182 1255 1213 1281 et
1233 1250 1302 1281 eius

347 1302 418 1323 esse
440 1293 595 1332 cupimus.
637 1292 789 1334 Speciosa
812 1304 890 1324 sane
913 1293 1084 1330 excusatio,
1109 1292 1163 1324 sed
1188 1293 1302 1331 inanis,

347 1342 378 1366 et
402 1335 432 1365 in
457 1345 521 1375 qua
545 1336 714 1367 manifesta
746 1342 794 1368 est
823 1336 1001 1367 diffidentia
1032 1341 1063 1366 et
1091 1335 1300 1367 contumacia.

347 1377 428 1408 Nam
463 1378 523 1409 nisi
554 1378 742 1418 simpliciter
764 1379 847 1419 quod
872 1379 932 1410 Dei
957 1378 1052 1409 verbo
1075 1377 1301 1418 praescribitur

347 1420 521 1460 sequimur,
552 1420 606 1451 sed
635 1421 673 1452 de
704 1428 813 1453 nostro
836 1421 955 1462 aliquid
979 1421 1199 1461 admiscemus,
1223 1431 1300 1460 qua-

348 1468 441 1494 tenus
464 1472 482 1492 a
506 1463 565 1493 Dei
597 1464 692 1495 verbo
719 1464 906 1502 recedimus,
935 1468 1066 1495 eatenus
1097 1470 1301 1495 contumaces

347 1511 378 1537 ct
401 1504 534 1536 rebelles
558 1516 676 1537 sumus.
722 1507 769 1538 Ac
793 1506 926 1547 proinde
949 1511 1072 1537 certum
1097 1513 1145 1536 est
1174 1507 1300 1537 inanem

347 1557 416 1580 esse
448 1547 628 1579 istiusmodi
659 1549 901 1589 hypocritarum
935 1549 1184 1587 excusationem,
1217 1548 1300 1590 quod

347 1595 457 1631 aperte
482 1589 551 1621 Deo
574 1592 807 1633 contradicant,
831 1592 996 1640 legemque
1021 1591 1122 1632 ipsius
1144 1592 1230 1623 flocci
1254 1592 1300 1623 fa-

347 1634 443 1665 ciant
488 1632 571 1664 Nam
601 1635 659 1664 etsi
689 1645 751 1665 non
782 1635 901 1675 apertis
931 1635 1036 1666 verbis
1059 1635 1091 1665 in
1116 1634 1197 1666 hanc
1219 1635 1302 1666 blas-

347 1675 509 1716 phemiam
539 1684 722 1716 erumpunt,
754 1684 788 1708 ut
818 1677 857 1709 de
881 1676 941 1708 Dci
965 1676 1016 1717 leg
1019 1687 1035 1708 e
1059 1677 1241 1716 detrahant,
1265 1687 1301 1709 ac

347 1717 481 1759 proinde
504 1728 568 1749 non
591 1718 648 1749 sibi
674 1719 822 1751 videntur
846 1719 990 1757 rebelles,
996 1687 1097 1760 gquod
1118 1719 1219 1760 legem
1240 1720 1301 1751 Dei

348 1761 464 1793 bonam
488 1770 559 1792 esse
583 1762 697 1799 sciant,
730 1769 762 1794 et
790 1763 889 1803 ipsius
919 1761 1071 1794 mandata
1101 1773 1302 1803 nequaquam

348 1803 593 1842 contemnenda,
619 1809 726 1836 tamen
751 1804 1008 1845 quandoquidem
1033 1805 1122 1836 Deus
1146 1816 1207 1836 non
1230 1816 1303 1846 per-

348 1846 449 1877 mittit
473 1845 618 1878 homines
640 1857 679 1878 ex
703 1857 762 1878 suo
788 1858 883 1879 sensu
903 1847 1006 1879 facere
1025 1858 1105 1888 quae
1124 1848 1160 1878 ad
1181 1848 1302 1879 cultum

347 1889 447 1930 ipsius
471 1889 642 1928 pertinent
666 1889 721 1921 sed
745 1891 894 1930 prohibet
912 1890 1020 1931 potius
1039 1901 1078 1921 ne
1098 1890 1136 1921 ad
1157 1891 1302 1922 dextram

348 1939 402 1963 aut
427 1931 552 1962 laevam
576 1930 746 1970 declinent,
775 1938 808 1964 et
830 1939 949 1973 contra,
984 1933 1087 1964 solum
1119 1943 1211 1964 suum
1236 1944 1304 1964 ver-

348 1975 423 2006 bum
448 1983 516 2005 esse
539 1976 682 2006 omnium
707 1975 869 2007 actionum
892 1975 1037 2016 regulam
1061 1975 1156 2013 iubet,
1179 1987 1254 2007 sane
1277 1977 1303 2007 si

350 2017 495 2049 homines
519 2017 588 2048 istis
611 2028 676 2048 non
699 2018 914 2058 acquiescunt,
941 2017 996 2049 sed
1019 2018 1109 2058 quasi
1133 2019 1303 2058 sapientio-

349 2071 400 2091 res
434 2060 502 2099 ipso
536 2059 574 2090 ad
606 2060 757 2091 mandata
787 2061 856 2092 eius
884 2060 943 2092 hoc
973 2060 1024 2092 vel
1056 2060 1133 2092 illud
1168 2061 1304 2092 adiicere

350 2102 549 2134 licentiosius
579 2103 639 2134 sibi
670 2103 877 2143 permittunt,
911 2113 1018 2134 nonne
1048 2103 1233 2134 tantundem
1267 2103 1304 2134 de

350 2145 411 2176 Dei
446 2146 614 2176 autoritate
649 2145 833 2186 detrahunt,
869 2156 908 2178 ne
942 2146 1027 2177 solus
1061 2146 1102 2177 sit
1136 2145 1302 2177 hominum

352 2188 539 2228 legislator?
565 2188 614 2218 Ex
639 2189 753 2228 quibus
776 2189 841 2220 sole
864 2189 980 2220 clarius
1003 2195 1051 2220 est
1074 2189 1184 2220 inanes
1208 2194 1238 2219 et
1262 2189 1305 2219 ri-

352 2230 474 2262 diculas
497 2230 630 2261 istorum
656 2242 724 2262 csse
747 2232 970 2263 excusationes
999 2236 1031 2262 et
1061 2241 1143 2262 vana
1172 2231 1303 2272 effugia:

351 2284 386 2306 ac
410 2273 542 2313 proinde
566 2274 679 2305 merito
699 2285 769 2305 reos
789 2275 856 2305 fieri
877 2284 986 2305 coram
998 2274 1067 2305 Deo
1086 2275 1304 2305 contumaciae

352 2322 382 2347 et
407 2315 588 2347 rebellionis
618 2317 672 2356 qui
703 2316 742 2347 ab
772 2317 871 2357 ipsius
903 2316 998 2348 verbo
1026 2316 1189 2348 tantillum
1219 2327 1303 2347 rece-

353 2359 441 2390 dunt.
487 2358 558 2389 Etsi
589 2370 663 2390 vero
694 2359 753 2390 sibi
784 2359 854 2390 fieri
885 2359 1036 2390 iniuriam
1065 2365 1305 2399 conqueruntur

353 2401 390 2432 de
415 2402 484 2432 istis
508 2401 672 2440 admoniti,
696 2402 854 2433 immerito
878 2402 1015 2434 faciunt:
1044 2401 1304 2442 quandoquidem

353 2445 436 2475 enirn
460 2444 562 2484 ipsius
576 2444 635 2475 Dei
655 2444 771 2475 iudicio
792 2445 1059 2482 condemnantur,
1084 2455 1182 2485 quare
1206 2444 1304 2475 homi-

354 2487 446 2518 nibus
465 2487 495 2517 ill
516 2487 618 2526 ipsum
640 2487 948 2527 reprehendentibus
967 2486 1174 2518 irascuntur?
1197 2486 1306 2526 Quare

352 2529 582 2561 obsurdescunt
605 2536 637 2561 ct
659 2529 888 2570 obstupescunt
911 2530 950 2561 ad
973 2529 1062 2561 illam
1078 2529 1209 2561 Domini
1233 2540 1302 2561 sen

354 2572 496 2608 tentiam,
520 2582 582 2611 qua
606 2572 704 2603 veluti
729 2572 861 2603 fulmine
885 2573 923 2604 ab
947 2573 1011 2604 alto
1035 2572 1074 2604 ad
1098 2573 1161 2604 ima
1185 2575 1306 2603 tartara

355 2614 591 2645 detruduntur?
635 2615 784 2654 Denique
814 2626 871 2646 sua
903 2615 1084 2647 temeritate
1115 2621 1145 2646 et
1169 2615 1306 2647 stultitia

355 2655 424 2687 Deo
456 2663 611 2697 quantum
643 2657 753 2688 volent
784 2657 988 2697 reluctentur,
1022 2658 1113 2690 nobis
1147 2659 1223 2690 satis
1253 2658 1304 2697 sit,

1170 215 1371 248 HOMILIA
1394 217 1484 250 LIV.

2252 219 2312 252 120

1358 310 1438 349 Deo,
1466 312 1516 343 cui
1541 311 1697 344 dictorum
1723 313 1941 353 factorumque
1965 313 2022 344 uni
2045 311 2207 344 reddenda
2230 314 2310 344 ratio

1357 360 1414 391 est,
1446 354 1682 395 simplicitatem
1714 362 1854 387 nostram
1890 355 2026 396 probari,
2060 355 2142 396 quod
2176 356 2310 387 verbum

1357 398 1456 438 ipsius
1480 404 1662 428 nostrarum
1686 399 1828 430 omnium
1852 399 2014 430 actionum
2039 408 2183 429 normam
2207 403 2240 429 et
2262 408 2311 428 re-

1355 440 1465 481 gulam
1489 439 1643 472 habemus
1666 445 1697 471 et
1726 441 1942 472 admittimus:
1973 441 2064 473 cuius
2094 445 2207 472 contra
2237 450 2312 472 con-

1357 488 1498 522 temptus
1528 484 1768 515 contumacibus
1799 490 1829 515 et
1854 484 2049 515 refractariis
2073 483 2220 514 ultimum
2244 483 2311 514 exi

1357 525 1437 556 tium
1461 531 1509 556 est
1532 525 1696 557 allaturus.

1440 567 1509 598 Iam
1542 578 1616 598 vero
1647 569 1672 599 si
1706 569 1775 608 quis
1802 569 1840 599 ad
1875 569 1967 600 istam
1999 569 2152 600 amussim
2188 568 2311 599 cultum

1356 610 1446 641 illum
1481 620 1608 641 omnem
1643 611 1751 651 exigat
1785 621 1846 651 quo
1880 612 2025 652 papistae
2058 612 2117 643 sibi
2148 611 2312 642 devincire

1356 653 1461 684 Deum
1492 652 1701 690 arbitrantur,
1732 663 1851 684 meram
1884 654 2087 685 rebellionem
2119 654 2151 684 in
2183 663 2219 684 eo
2243 663 2311 685 esse

1356 696 1502 735 reperiet.
1538 695 1686 735 Exempli
1706 697 1808 735 gratia
1832 696 2050 736 expendamus
2073 703 2310 728 sacrosanctum

1355 748 1470 770 coenae
1490 743 1735 769 sacramentum.
1771 738 1929 770 Dominus
1942 745 2049 770 noster
2060 739 2151 770 Iesus
2163 738 2312 770 Christus

1355 791 1470 821 panem
1494 781 1599 821 frangi
1623 781 1725 818 iussit,
1749 787 1780 812 et
1799 787 1961 821 acceptum
1982 781 2128 821 poculum
2148 781 2312 813 distribuit

1355 823 1581 854 adhibendum.
1638 824 1797 864 Accipite,
1832 824 1950 864 inquit,
1991 823 2146 856 comedite
2179 834 2218 855 ex
2252 824 2312 856 hoc

1354 876 1447 906 pane,
1471 872 1503 897 et
1526 865 1623 896 bibite
1646 877 1684 897 ex
1710 866 1769 898 hoc
1792 867 1890 898 calice
1913 868 1998 897 inter
2021 877 2078 898 vos
2101 877 2221 897 omnes.
2267 867 2312 898 Et

1355 908 1492 949 quidem,
1517 909 1659 949 inquam,
1683 919 1803 940 omnes.
1849 909 1936 948 Quid
1960 909 2011 941 hic
2035 908 2200 950 papistae?
2239 909 2311 940 Pri-

1355 962 1443 983 mum
1477 951 1532 982 uni
1563 951 1742 983 sacrificulo
1772 952 1921 992 poculum
1952 957 2169 988 reservarunt,
2203 957 2233 983 et
2267 952 2312 983 ita

1354 1005 1453 1026 coena
1476 994 1634 1034 discerpta
1665 998 1722 1026 est.
1766 994 1864 1026 Plebs
1893 995 1976 1026 enim
2009 995 2170 1026 abstinere
2198 994 2311 1034 poculo

1355 1038 1442 1068 iussa
1465 1042 1520 1073 est,
1553 1044 1583 1067 et
1608 1037 1651 1067 ita
1674 1042 1766 1077 parte
1789 1048 1904 1069 coenae
1927 1038 2064 1077 privata.
2110 1036 2212 1076 Quasi
2236 1046 2312 1068 vero

1355 1079 1506 1111 Christus
1529 1080 1595 1110 vita
1625 1086 1734 1111 nostra
1764 1081 1806 1111 sit
1836 1091 1874 1111 ex
1899 1085 1989 1120 parte
2012 1086 2146 1111 tantum.
2191 1079 2235 1110 At
2258 1080 2312 1111 ille

1355 1133 1412 1153 nos
1447 1122 1537 1154 docet
1569 1132 1602 1153 se
1637 1122 1729 1153 uobis
1762 1133 1831 1154 esse
1864 1122 1971 1155 cibum
2002 1130 2033 1153 et.
2063 1129 2182 1163 potum,
2214 1133 2311 1162 quum

1354 1175 1483 1197 carnem
1505 1175 1595 1196 suam
1620 1165 1710 1196 nobis
1732 1165 1765 1196 in
1785 1166 1890 1197 cibum
1914 1166 2053 1206 praebet,
2070 1172 2101 1196 et
2122 1166 2311 1206 sanguinem

1354 1209 1387 1239 in
1418 1215 1538 1248 potum.
1583 1207 1707 1239 Verum
1739 1209 1902 1239 enimvero
1933 1208 2022 1249 plebs
2051 1208 2134 1248 apud
2171 1208 2312 1248 papistas

1355 1257 1482 1282 arcetur
1515 1250 1628 1291 poculo
1663 1261 1747 1282 unus
1777 1251 1973 1282 sacrificulus
2008 1251 2156 1290 sanguini
2181 1250 2311 1281 Domini

1354 1294 1578 1324 communicat.
1623 1292 1710 1332 Quid
1733 1303 1809 1332 ergo
1831 1293 1916 1325 istud
1940 1294 1985 1324 rei
2010 1293 2078 1324 est?
2112 1292 2186 1330 Sed,
2211 1294 2310 1330 aiunt,

1355 1347 1418 1367 non
1454 1336 1523 1367 sine
1556 1336 1682 1367 ratione
1718 1335 1821 1375 istud,
1859 1337 2036 1377 periculum
2065 1336 2152 1367 enim
2183 1343 2239 1374 est,
2271 1346 2312 1367 ne

1355 1379 1524 1410 accedente
1547 1378 1586 1409 ad
1611 1378 1758 1418 poculum
1782 1378 1874 1419 plebe
1897 1379 2005 1419 aliqua
2028 1379 2196 1420 sanguinis
2219 1384 2312 1419 gutta

1354 1422 1387 1452 in
1407 1426 1526 1452 terram
1547 1420 1682 1452 decidat.
1711 1421 1845 1458 Verum,
1865 1421 2004 1460 obsecro,
2023 1432 2129 1453 nonne
2142 1421 2203 1452 Dei
2217 1421 2311 1459 filius,

1354 1464 1445 1496 cuius
1469 1464 1625 1504 sapientia
1648 1470 1697 1495 est
1719 1464 1954 1501 inenarrabilis,
1989 1475 2079 1495 suam
2111 1464 2311 1495 voluntatem

1355 1507 1524 1538 manifeste
1557 1506 1746 1543 declaravit,
1788 1512 1820 1537 et
1859 1507 2163 1547 significantissimis
2207 1507 2312 1538 verbis

1354 1549 1526 1590 exposuit?
1572 1550 1667 1580 Anne
1701 1550 1800 1590 igitur
1833 1549 1984 1581 mortales
2018 1549 2246 1581 homunciones
2280 1556 2313 1581 et

1354 1592 1442 1624 humi
1474 1597 1622 1632 repentes
1652 1592 1800 1623 lumbrici
1831 1603 1920 1624 suam
1953 1592 2068 1624 bonam
2099 1592 2312 1623 intentionem

1357 1635 1485 1667 Domini
1508 1635 1685 1675 praeceptis
1715 1635 1899 1674 opponent?
1944 1635 2070 1666 Deinde
2100 1645 2175 1666 vero
2206 1634 2312 1666 videte

1354 1678 1543 1719 papisticam
1581 1678 1814 1718 arrogantiam:
1855 1678 2007 1710 Christus
2048 1678 2131 1708 enim
2174 1677 2244 1709 vult
2277 1677 2310 1708 in

1354 1731 1469 1752 coenae
1493 1725 1692 1752 sacramento
1715 1719 1860 1752 fidelibus
1883 1721 2019 1769 singulis
2039 1720 2190 1752 exhibere
2209 1720 2311 1752 sancti

1354 1763 1403 1796 sui
1425 1763 1558 1804 spIritus
1587 1763 1718 1804 gratias,
1749 1768 1780 1794 et
1809 1763 1956 1795 omnium
1989 1773 2120 1794 suorum
2151 1763 2310 1794 bonorum

1353 1807 1438 1847 ipsos
1462 1807 1564 1838 facere
1587 1806 1770 1847 participes,
1800 1816 1893 1837 suum
1923 1815 2039 1846 corpus
2069 1811 2102 1837 et
2123 1816 2216 1837 suum
2241 1815 2310 1836 san-

1354 1850 1484 1891 guinem
1516 1849 1594 1889 ipsis
1623 1848 1880 1880 communicans:
1912 1849 1957 1879 illi
1987 1858 2063 1880 vero
2092 1849 2216 1880 miseris
2239 1858 2311 1888 per-

1355 1893 1490 1924 suadent
1520 1902 1553 1923 se
1583 1892 1698 1923 offerre
1721 1891 1886 1923 Christum
1912 1890 1982 1922 Deo
2013 1891 2096 1931 patri
2119 1891 2151 1922 in
2175 1890 2309 1922 oblatio-

1355 1945 1428 1966 nem
1452 1945 1509 1975 pro
1533 1934 1616 1966 vivis
1637 1939 1669 1965 et
1692 1934 1835 1965 mortuis.
1881 1933 1969 1973 Quid
1992 1933 2057 1965 ita?
2088 1933 2201 1974 Neque
2223 1933 2311 1964 enim

1356 1977 1507 2012 Christus
1531 1977 1622 2009 dicit:
1648 1976 1780 2014 Offerte,
1804 1976 1858 2008 sed
1883 1977 2036 2017 Accipite.
2082 1976 2212 2016 Quanta
2235 1986 2311 2007 vero

1356 2021 1387 2051 in
1419 2020 1490 2051 istis
1520 2019 1757 2061 repugnantia?
1803 2019 1910 2058 Quam
1934 2029 2009 2060 ergo
2032 2019 2085 2050 hic
2107 2029 2213 2051 coram
2237 2017 2309 2050 Deo

1357 2062 1486 2094 tandem
1510 2063 1748 2094 excusationem
1773 2062 1928 2099 adferent,
1951 2062 2005 2102 qui
2029 2062 2195 2093 hominum
2215 2061 2309 2102 longe

1356 2105 1590 2137 dissimillimus
1606 2105 1674 2137 est?
1698 2105 1768 2136 Nae
1787 2105 1940 2136 videntur
1958 2105 2012 2136 isti
2031 2104 2132 2135 veluti
2151 2103 2310 2136 cornubus

1356 2149 1455 2189 ipsius
1474 2148 1535 2179 Dei
1559 2148 1760 2179 maiestatem
1783 2153 1898 2188 petere,
1921 2151 1952 2179 et
1974 2147 2063 2179 velut
2086 2146 2124 2178 ad
2148 2150 2310 2178 certamen

1356 2201 1545 2231 provocare,
1579 2191 1675 2239 quasi
1704 2190 1865 2222 dicerent:
1905 2190 1950 2222 'Pe
1983 2189 2084 2221 invito
2118 2189 2309 2221 sacrificium

1356 2232 1441 2264 istud
1473 2234 1637 2265 offerimus
1668 2233 1700 2264 in
1728 2238 1928 2273 peccatorum
1959 2237 2142 2264 nostrorum
2165 2231 2309 2263 satisfac-

1357 2276 1493 2307 tionem:
1525 2282 1556 2308 et
1580 2276 1636 2308 tibi
1667 2281 1794 2317 gratum
1819 2281 1849 2307 et
1872 2280 2036 2316 acceptum
2060 2274 2140 2306 illud
2163 2284 2232 2306 esse
2255 2284 2311 2305 ne-

1356 2328 1442 2349 cesse
1466 2324 1523 2350 est
1569 2318 1642 2358 Quo
1664 2319 1777 2359 posito,
1806 2318 2010 2359 gesticulator
2033 2317 2085 2348 ille
2109 2316 2308 2348 sacrificulus

1358 2361 1496 2393 fabulam
1520 2363 1594 2401 agit,
1619 2368 1648 2393 et
1673 2372 1728 2401 pro
1751 2361 1894 2401 eoquod
1918 2361 2077 2392 Dominus
2100 2364 2210 2390 noster
2221 2359 2312 2391 Iesus

1357 2403 1506 2436 Christus
1529 2404 1611 2436 dixit
1634 2404 1771 2444 Accipite
1787 2406 1819 2435 et
1840 2404 1991 2441 comedite,
2016 2402 2069 2433 ille
2087 2402 2193 2434 Deum
2217 2412 2311 2433 suum

1358 2446 1502 2477 fictitium
1528 2448 1561 2478 in
1585 2452 1648 2479 tres
1679 2451 1786 2487 partes
1817 2446 1940 2482 dividit,
1970 2455 2105 2486 quarum
2136 2445 2312 2476 maximam

1357 2488 1415 2519 sibi
1440 2489 1598 2528 vendicat,
1628 2489 1721 2520 aliam
1753 2489 1837 2521 vivis
1858 2492 1889 2520 et
1912 2489 2045 2520 mortuis
2069 2487 2224 2525 attribuit,
2248 2492 2310 2518 ter-

1358 2531 1432 2561 tiam
1452 2532 1484 2562 in
1506 2532 1615 2564 vinum
1636 2532 1775 2572 intingit,
1795 2531 2005 2579 poculumque
2018 2529 2133 2562 deinde
2146 2529 2311 2561 exhaurit:

1358 2579 1519 2613 spectante
1544 2576 1666 2607 interea
1690 2574 1806 2615 populo
1837 2574 1983 2612 attonito,
2014 2578 2045 2605 et
2076 2574 2178 2604 instar
2207 2572 2311 2604 trunci

1358 2615 1494 2655 stupido
1519 2623 1615 2649 totam
1639 2618 1722 2649 hanc
1746 2616 1895 2648 fabulam.
1942 2617 2077 2649 Peracta
2108 2615 2243 2664 denique
2265 2614 2310 2645 ita

1359 2657 1464 2689 fabula
1487 2661 1618 2701 quisque
1643 2659 1770 2697 recedit,
1793 2659 1926 2701 pulchre
1945 2670 1963 2690 a
1982 2658 2051 2691 Deo
2071 2669 2127 2701 pro
2150 2658 2216 2689 suis
2238 2666 2310 2697 pec
