2551 3044
337 206 398 238 195
1172 201 1373 234 HOMILIA
1398 201 1490 234 LXI.
2254 204 2314 234 196

337 311 450 332 omncs
484 298 623 335 derivet,
663 302 695 328 et
728 297 838 330 fideles
872 298 932 330 sibi
966 297 1046 329 bene
1082 296 1201 329 conscii
1237 297 1304 328 sint

341 344 462 375 nullam
477 352 511 373 se
531 342 600 372 istis
623 341 824 372 occasionem
847 341 972 372 dedisse
996 341 1077 371 tanti
1100 344 1305 380 contemptus

342 387 471 418 (livinae
490 384 678 420 maiestatis,
703 383 913 415 nihilominus
933 391 1040 414 tamen
1066 383 1184 414 debent
1207 382 1304 413 vehe-

342 434 468 460 menter
501 426 586 457 affici
622 426 819 466 perditorum
855 427 981 457 illorum
1016 426 1182 456 hominum
1219 425 1302 456 blas-

343 472 492 519 plicatus,
512 469 678 508 divinique
699 470 842 500 numinis
862 469 1039 501 vindictam
1061 469 1202 499 horrere.
1227 467 1305 499 Ideo

343 515 420 545 iusti
444 513 596 544 iubentur
620 512 700 542 bene
724 512 756 542 in
781 511 921 543 Domino
945 522 1084 552 sper-ire,
1108 518 1139 542 et
1162 520 1225 541 non
1251 511 1306 541 du·
1330 534 1331 538 ,

343 557 447 588 bitare
470 555 546 595 quin
571 553 662 585 Deus
686 554 902 594 improborum
928 555 1117 585 violentiam
1142 554 1304 593 reprimat,

341 606 374 631 et
404 600 528 629 furores
558 604 739 636 compescat
769 596 907 628 hostium
933 598 1049 628 iniuria
1074 598 1173 627 iustos
1196 596 1304 636 oppri-

342 642 511 675 mentium.
546 646 578 671 ct
611 639 768 671 adversus
802 640 907 680 ipsum
942 640 1046 671 Deum
1078 646 1166 670 tanto
1196 639 1304 669 surore

343 683 593 724 insurgentium.
638 681 751 722 Itaque
774 683 800 713 si
826 682 916 713 nobis
941 683 1018 713 benc
1042 682 1158 714 conscii
1182 691 1304 718 sumus,

342 728 485 759 fremant
516 726 588 756 licet
614 725 759 756 veritatis
782 725 898 763 hostes,
929 736 1101 765 veramque
1125 724 1304 755 doctrinam

343 770 511 806 irrideant,
530 774 561 799 et
575 774 732 798 conentur
752 778 809 798 nos
827 768 860 798 in
881 768 1017 798 eundem
1038 778 1143 799 secum
1164 767 1304 797 furorem

344 813 508 846 inducere,
533 818 561 841 et
585 820 603 840 a
627 810 752 842 sincero
764 810 826 841 Dei
849 810 937 842 cultu
963 811 1128 846 deducere,
1151 820 1191 840 ne
1215 809 1305 840 dubi-

347 862 451 886 temus
487 854 564 894 quin
596 854 663 893 ipse
694 853 784 884 Deus
814 863 832 883 a
863 853 954 884 nobis
984 854 1150 884 invocatus
1180 853 1305 883 sincero

347 898 463 929 affeetu
499 898 531 927 in
573 896 674 935 ipsius
716 897 829 926 timore
863 896 1143 936 perseverantibus
1178 905 1305 926 causam

346 946 489 972 nostram
520 939 682 978 suscipiat,
713 945 744 969 et
776 938 883 969 hostes
914 946 1040 969 nostros
1064 945 1153 969 tanta
1176 937 1306 968 calami-

346 989 413 1014 tate
432 983 534 1020 feriat,
558 988 595 1012 ut
611 992 650 1012 ne
670 982 839 1021 vestigium
864 981 993 1021 quidem
1019 981 1144 1011 illorum
1169 980 1307 1019 amplius

345 1033 509 1066 appareat,
533 1030 571 1055 ut
594 1023 749 1064 propheta
772 1023 913 1064 loquitur
937 1025 968 1054 in
985 1024 1111 1054 Psalmo
1134 1024 1184 1054 37.
1224 1022 1307 1054 Nam

345 1069 597 1108 quotiescunque
630 1068 717 1097 virus
747 1077 841 1097 suum
871 1066 1062 1106 despumant
1087 1073 1117 1097 et
1141 1076 1232 1097 suam
1257 1075 1307 1096 ra-

346 1111 430 1142 biem
462 1110 617 1141 adversus
647 1110 761 1140 salutis
785 1108 963 1141 doctrinam
988 1114 1149 1144 evomunt,
1173 1108 1308 1139 minime

345 1153 560 1185 dubitandum
592 1153 668 1192 quin
699 1162 732 1183 se
762 1152 846 1192 ipsos
875 1152 908 1182 in
940 1152 1069 1191 laqueos
1099 1151 1245 1189 induant,
1276 1155 1308 1181 et

346 1207 408 1228 sua
439 1202 504 1227 tam
536 1195 669 1227 effraeni
699 1195 885 1235 arrogantia
912 1195 945 1225 in
972 1194 1164 1225 horrendam
1189 1200 1219 1225 et
1242 1200 1309 1225 stu-

347 1238 486 1279 pendam
499 1238 798 1269 condemnationem
812 1237 1004 1277 praecipites
1027 1238 1206 1268 coniiciant.
1248 1238 1307 1267 At-

347 1293 410 1322 que
429 1282 489 1312 ista
507 1280 691 1311 meditanda
711 1286 789 1310 sunt
808 1290 847 1311 ex
862 1280 1006 1311 Goliathi
1021 1280 1115 1311 huius
1128 1280 1308 1317 insolentia,

348 1335 442 1365 quern
471 1334 535 1354 non
567 1322 682 1363 puduit
711 1322 885 1354 adversum
908 1322 1016 1353 Deum
1049 1323 1211 1353 viventem
1243 1328 1307 1353 tro-

347 1367 488 1408 phaeum
513 1366 646 1406 erigere,
669 1375 733 1396 non
753 1372 937 1397 contentum
958 1365 1075 1405 populo
1089 1365 1149 1396 Dei
1169 1365 1308 1396 illusisse

347 1416 381 1441 et
409 1409 556 1440 dedecori
587 1408 745 1445 habuisse,
775 1414 808 1439 et
836 1419 908 1439 cum
931 1408 1108 1448 ignominia
1130 1414 1162 1438 et
1184 1418 1309 1439 summo

347 1458 537 1491 contemptu
561 1451 599 1481 ad
623 1450 787 1490 singulare
810 1456 973 1482 certamen
997 1461 1194 1490 provocasse.

436 1493 530 1534 Quod
560 1504 635 1525 vero
659 1493 809 1534 deinceps
833 1492 911 1525 Saul
936 1493 1053 1525 dicitur
1075 1493 1114 1524 ad
1139 1494 1217 1524 istos
1241 1493 1307 1524 Go-

348 1537 442 1569 liathi
471 1537 628 1568 clamores
657 1536 869 1576 obstupuisse,
897 1541 929 1567 et
958 1541 1044 1567 totus
1068 1546 1138 1567 cum
1162 1536 1231 1576 ipso
1255 1545 1308 1576 po-

349 1581 462 1621 pulue,
495 1579 693 1610 demonstrat
721 1578 810 1627 'quod
844 1584 919 1610 ante
952 1578 1109 1619 diximus,
1143 1579 1309 1610 recedente

349 1623 465 1672 spiritu
489 1622 620 1653 Domini
651 1621 690 1652 ab
720 1622 797 1661 ipso,
829 1621 936 1652 nullas
959 1622 1027 1652 eius
1051 1622 1148 1652 fuisse
1171 1621 1309 1661 amplius

350 1667 453 1701 vires,
494 1663 751 1713 quandoquidem
785 1669 916 1704 propter
949 1664 1213 1713 ingratitudinem
1249 1664 1311 1695 Dei

351 1708 473 1740 donum
502 1709 530 1738 ei
562 1708 665 1738 suerat
694 1706 890 1755 ademptum.
935 1706 1019 1738 Nam
1049 1707 1075 1738 si
1099 1717 1161 1746 qua
1185 1708 1216 1737 in
1241 1707 1310 1747 ipso

350 1752 467 1790 virtus,
498 1751 525 1781 si
555 1760 617 1790 qua
640 1749 795 1780 fortitudo
819 1749 940 1786 inisset,
963 1749 1079 1780 millies
1103 1750 1206 1789 potius
1229 1759 1312 1780 mor-

351 1799 416 1825 tem
451 1799 602 1833 oppetere
635 1792 771 1823 debebat
801 1803 896 1832 quam
927 1792 1010 1823 ferre
1040 1798 1087 1823 tot-
1118 1792 1311 1832 blasphemis

350 1836 484 1868 vocibus
508 1836 567 1867 Dei
593 1845 709 1866 nomen
734 1835 868 1866 lacerari
892 1839 924 1865 et
946 1834 1100 1866 dedecore
1122 1835 1214 1866 affici.
1246 1835 1311 1866 Sed

351 1880 509 1911 attonitus
539 1878 649 1909 haeret
679 1888 751 1909 cum
783 1884 849 1908 toto
880 1877 997 1918 populo
1020 1877 1141 1917 pariter
1164 1878 1311 1917 obstupe-

350 1922 445 1954 facto.
481 1920 654 1952 Ionathani
677 1920 807 1960 quidem
830 1930 964 1960 magnos
987 1921 1110 1951 animos
1133 1926 1208 1951 ante
1233 1921 1312 1951 vidi-

355 1975 436 2001 mus,
470 1964 525 1995 sed
559 1964 623 1994 iam
653 1965 751 1995 etiam
781 1962 1019 2002 obstupefactus
1047 1973 1110 1994 non
1141 1962 1245 2002 prodit
1274 1962 1313 1993 ad

355 2014 529 2044 certamen,
559 2006 614 2037 sed
644 2017 714 2037 sese
743 2016 816 2037 eum
840 2005 971 2045 reliquis
994 2005 1080 2036 intra
1101 2011 1205 2037 castra
1229 2012 1314 2036 mctu

355 2050 509 2082 continet.
562 2049 674 2089 Neque
714 2055 884 2088 propterea
918 2048 1124 2088 reprobatum
1158 2048 1262 2088 ipsum
1297 2058 1315 2078 a

354 2092 426 2124 Deo
445 2092 632 2129 dixerimus,
656 2091 718 2122 nisi
737 2090 820 2131 quod
835 2090 954 2122 Davidi
978 2091 1099 2132 regiam
1123 2089 1314 2131 dignitatem

355 2137 468 2167 cessit:
492 2141 524 2166 et
543 2134 670 2174 quidem
690 2134 786 2171 ultro,
810 2133 893 2174 quod
913 2139 1099 2165 mansuetus
1117 2139 1149 2164 et
1172 2132 1315 2174 placidus

356 2179 418 2210 Dei
443 2177 601 2209 voluntati
624 2177 773 2208 resistere
796 2177 945 2207 noluerit.
991 2176 1051 2207 Ille
1074 2186 1159 2214 vero
1183 2181 1219 2207 ut
1242 2182 1315 2206 ante

356 2221 509 2257 diximus,
539 2230 597 2251 sua
627 2219 815 2250 fortitudine
846 2230 932 2255 usus,
961 2219 1094 2259 agnovit
1121 2225 1229 2249 tamen
1254 2218 1315 2249 Dei
1342 2234 1343 2238 =

354 2264 535 2305 potentiam
555 2272 618 2293 non
637 2272 706 2293 esse
729 2263 864 2302 positam
888 2263 921 2292 in
945 2261 1085 2293 militum
1109 2260 1316 2292 multitudine

357 2311 389 2338 ct
424 2306 554 2337 robore:
588 2315 687 2345 quare
721 2315 798 2345 ergo
829 2315 914 2336 nunc
943 2305 1005 2335 ista
1034 2315 1096 2335 non
1125 2310 1254 2335 revocat
1283 2303 1315 2334 in
1343 2313 1345 2319 ‘

356 2349 554 2385 memoriam,
583 2358 640 2378 cur
669 2358 733 2378 non
758 2347 912 2378 adversus
935 2347 1145 2378 Philistaeum
1170 2347 1229 2378 Dei
1253 2347 1316 2377 vir—

359 2396 428 2423 tute
460 2392 560 2422 fretus
589 2396 751 2421 certamen
783 2390 926 2429 suscipit,
951 2396 982 2420 et
1006 2390 1065 2421 toti
1088 2389 1204 2430 populo
1227 2399 1316 2429 spem

360 2434 476 2466 bonam
507 2441 539 2465 et
562 2433 687 2464 animos
711 2432 809 2464 facit?
855 2433 978 2463 Verum
1002 2433 1033 2463 in
1057 2433 1135 2472 ipso,
1159 2437 1194 2463 ut
1217 2432 1317 2467 aiunt,

359 2478 463 2518 capite
498 2476 617 2507 malum
654 2475 813 2511 haerebat,
848 2486 887 2506 cx
917 2486 979 2515 quo
1011 2475 1043 2506 in
1074 2480 1175 2506 totum
1205 2484 1320 2514 corpus

359 2519 601 2550 effundebatur:
631 2525 662 2549 et
691 2518 775 2558 quod
799 2518 932 2549 Saulem
956 2518 1046 2549 Deus
1069 2517 1321 2554 condemnasset,

362 2572 524 2602 regnoque
555 2561 702 2592 abdicare
733 2561 944 2598 decrevisset,
975 2560 1075 2600 ipsius
1106 2560 1258 2591 iudicium
1288 2541 1321 2590 in’

360 2606 547 2635 universum
562 2604 658 2635 etiam
672 2603 799 2634 extendi
814 2603 964 2643 populum
985 2603 1162 2643 oportebat.
1193 2602 1322 2634 Pariter

361 2646 457 2677 etiam
492 2653 626 2687 apparet
659 2646 814 2686 populum
850 2645 938 2677 nullo
966 2645 1026 2677 Dei
1062 2645 1183 2686 gloriae
1216 2643 1322 2676 studio

1330 451 1331 459 ,
1356 435 1444 455 ιιιιιιιι
1476 431 1545 455 erat
1574 424 1772 456 subsidium?

1357 297 1455 327 fuisse
1489 296 1657 333 affectum,
1697 296 1752 328 sed
1786 296 1958 328 attonitum
1994 302 2027 328 et
2059 296 2315 337 obstupefactum

1357 339 1509 370 haesisse.
1551 338 1674 370 Verum
1697 340 1864 370 enimvero
1888 341 1913 370 si
1937 339 1975 370 de
1999 340 2064 370 suis
2089 340 2211 371 viribus
2233 340 2314 371 disfi-

1357 381 1475 412 debant
1498 381 1677 421 IsraEIitae,
1708 392 1815 413 nonne
1841 382 1899 413 Dei
1931 382 2023 412 favor
2053 382 2131 422 ipsis
2154 383 2315 422 paratissi-

1826 425 1892 456 Cur
1923 435 1985 455 non
2017 425 2118 464 igitur
2145 425 2183 455 ad
2208 424 2315 456 Deum

1357 466 1504 507 precibus
1526 467 1761 498 ardentissimis
1783 467 2034 507 confugiebant?
2076 467 2141 499 Sed
2167 468 2226 498 Dei
2251 478 2315 498 non

1357 510 1588 547 meminerant,
1630 516 1734 541 metus
1774 510 1901 541 illorum
1936 516 2060 541 mentes
2095 514 2315 550 occupaverat,

1357 553 1465 592 itaque
1499 552 1537 583 de
1571 552 1712 583 remedio
1744 552 1899 584 adversus
1934 559 2061 583 tantum
2096 553 2216 584 malum
2249 563 2316 583 non

1357 596 1592 635 cogitaverunt.
1627 595 1680 626 Ex
1703 605 1765 635 quo
1788 601 1930 635 apparet,
1955 595 2024 626 Deo
2047 596 2196 636 spiritum
2220 606 2316 627 suum

1357 637 1396 668 ab
1426 638 1611 668 hominibus
1640 637 1858 674 subtrahente,
1887 648 1949 668 non
1973 638 2066 669 modo
2090 639 2219 669 destitui
2244 638 2318 669 illos

1357 681 1489 712 consilio
1512 686 1545 711 et
1568 679 1690 712 viribus
1711 680 1750 712 ad
1775 681 1987 712 resistendum
2013 681 2167 719 hostibus,
2197 681 2250 712 sed
2275 691 2317 712 ne

1358 723 1498 764 cogitare
1517 722 1646 763 quidem
1670 722 1708 753 de
1731 724 1881 759 remedio,
1906 734 2021 764 nempe
2045 734 2107 754 non
2131 724 2317 755 meminisse

1360 767 1463 797 Deum
1493 766 1571 796 satis
1601 770 1765 806 potentem
1796 766 1835 797 ad
1865 767 1950 806 ipsos
1980 766 2191 807 protegendos
2213 766 2317 798 etin-

1359 808 1526 840 vincibiles
1544 808 1736 845 efficiendos,
1756 814 1787 839 et
1807 815 1990 849 promptum
2013 809 2051 839 ad
2073 820 2126 840 eos
2144 809 2318 840 exaudien-

1359 851 1415 882 dos
1446 852 1499 891 qui
1530 862 1599 883 sese
1629 851 1662 881 in
1692 851 1794 891 ipsius
1823 852 2004 883 clientelam
2038 852 2205 892 recipiunt.
2252 851 2318 883 Sed

1358 895 1457 925 miser
1487 894 1548 925 iste
1579 893 1716 934 populus
1747 893 1827 925 nihil
1855 895 1916 925 nisi
1947 903 2067 925 metum
2101 901 2133 925 et
2163 902 2318 925 terrorem

1359 937 1498 976 concipit
1511 938 1581 968 viso
1595 936 1760 974 Goliatho,
1785 936 1910 977 Deique
1931 938 2051 968 interea
2072 947 2135 968 uon
2155 937 2316 968 meminit:

1359 986 1416 1010 aut
1442 980 1469 1011 si
1492 979 1640 1010 meminit
1664 985 1769 1010 tamen
1793 979 1833 1010 ad
1855 981 1959 1020 ipsum
1984 980 2129 1019 precibus
2153 991 2215 1011 non
2241 989 2318 1011 con-

1359 1022 1450 1063 fugit.
1476 1022 1527 1053 Ex
1548 1022 1665 1062 quibus
1685 1021 1837 1053 discimus
1859 1028 1946 1053 tanto
1969 1023 2142 1053 studiosius
2165 1023 2197 1054 in
2213 1023 2318 1054 Deum

1360 1075 1474 1096 sensus
1497 1075 1607 1096 omnes
1632 1071 1759 1096 nostros
1781 1065 1946 1103 coniicere,
1970 1072 2000 1095 et
2025 1065 2191 1096 ardentius
2214 1067 2318 1105 ipsum

1361 1107 1494 1147 precari,
1527 1113 1563 1138 ut
1592 1118 1651 1139 nos
1681 1107 1714 1138 in
1745 1117 1837 1138 suam
1860 1107 2039 1138 clientelam
2065 1109 2206 1148 recipiat,
2230 1108 2318 1139 etin

1361 1150 1514 1181 omnibus
1544 1150 1640 1181 rebus
1673 1149 1817 1181 adversis
1848 1150 2064 1190 imperterrito
2095 1157 2127 1182 et
2156 1150 2318 1182 constanti

1362 1193 1469 1224 animo
1499 1193 1637 1233 gratiam
1668 1192 1893 1233 perseverandi
1925 1193 2097 1234 largiatur:
2129 1200 2215 1224 certo
2246 1203 2318 1233 per-

1361 1236 1465 1267 suasis
1488 1236 1593 1267 Dcum
1624 1246 1682 1267 nos
1706 1245 1744 1266 ex
1769 1236 1918 1267 omnibus
1940 1236 2090 1276 periculis
2113 1237 2226 1267 mortis
2249 1246 2320 1267 eru-

1362 1283 1481 1314 turum,
1501 1279 1561 1310 etsi
1574 1278 1662 1309 mille
1675 1283 1795 1309 mortes
1809 1288 1866 1309 nos
1879 1278 2019 1318 undique
2038 1278 2321 1316 circumdederint,

1362 1327 1397 1352 nt
1430 1321 1573 1361 loquitur
1608 1321 1765 1361 propheta
1798 1320 1830 1351 in
1864 1321 2010 1352 Psalmis.
2065 1321 2179 1361 Itaque
2213 1322 2321 1353 animo

1361 1364 1535 1395 confidenti
1566 1364 1657 1395 Deus
1687 1368 1735 1395 est
1763 1363 1970 1402 invocandus,
2004 1368 2037 1394 et
2066 1365 2198 1395 minime
2229 1364 2320 1395 dubi-

1362 1406 1506 1444 tandum,
1529 1408 1606 1446 quin
1625 1416 1683 1438 nos
1702 1417 1741 1437 ex
1761 1406 1868 1437 animo
1890 1406 2058 1437 invocatus
2081 1406 2240 1438 exaudiat.
2271 1406 2320 1438 Ao

1362 1449 1436 1481 licet
1458 1460 1522 1480 non
1547 1449 1647 1481 simus
1670 1448 1790 1489 stupidi
1814 1454 1847 1479 et
1868 1448 2079 1484 insensibiles.
2110 1456 2142 1480 et
2163 1450 2206 1480 sit
2228 1449 2320 1481 nobis

1362 1491 1517 1524 adversus
1551 1492 1707 1533 plurimas
1741 1491 1933 1523 tentationes
1965 1491 2169 1529 certandum,
2211 1497 2321 1523 tamen

1362 1540 1485 1566 certum
1515 1542 1563 1566 est
1593 1545 1703 1566 omnes
1730 1533 1929 1566 calamitates
1957 1540 1989 1565 et
2013 1535 2204 1566 tentationes
2228 1534 2321 1566 nobis

1362 1578 1395 1608 in
1426 1588 1586 1609 summam
1610 1577 1767 1608 laetitiam
1791 1577 2031 1614 convertendae,
2061 1583 2097 1608 ut
2120 1578 2151 1608 in
2176 1578 2322 1608 omnium

1363 1620 1585 1652 calamitatum
1610 1621 1698 1651 exitu
1723 1630 1757 1650 re
1780 1620 1849 1660 ipsa
1864 1619 1968 1651 Deum
1991 1619 2082 1651 nobis
2106 1626 2322 1660 protectorem

1364 1669 1395 1694 et
1423 1669 1548 1703 patrem
1580 1663 1786 1704 experiamur
1809 1673 1878 1693 esse
1900 1662 1991 1702 velle,
2022 1662 2116 1693 modo
2139 1663 2200 1702 ipsi
2224 1662 2322 1694 talem

1363 1705 1578 1737 obedientiam
1602 1705 1783 1743 reddamus,
1807 1715 1902 1745 quam
1925 1704 2017 1736 liberi
2039 1705 2156 1736 debent
2180 1705 2324 1745 parenti-

1364 1748 1438 1780 bus:
1462 1754 1493 1780 et
1516 1749 1562 1780 ita
1584 1754 1706 1780 metum
1729 1758 1856 1779 omnem
1879 1757 2075 1787 superemus.
2110 1747 2223 1788 Neque
2246 1758 2324 1780 vero

1364 1796 1490 1822 tantum
1510 1792 1542 1822 in
1562 1802 1688 1822 summo
1707 1790 1843 1831 quodam
1864 1790 2046 1822 discrimine
2066 1791 2210 1821 divinum
2231 1791 2324 1822 nobis

1365 1834 1523 1865 auxilium
1539 1840 1587 1866 est
1609 1833 1814 1874 sperandum,
1838 1833 1892 1864 sed
1915 1843 2084 1873 persuasos
2107 1843 2176 1864 esse
2199 1838 2326 1874 oportet

1365 1877 1518 1916 quamdiu
1549 1877 1581 1908 in
1612 1877 1706 1908 terris
1737 1876 1888 1916 vivimus,
1916 1876 2022 1906 Deum
2046 1876 2136 1906 nobis
2158 1886 2324 1916 nunquam

1367 1919 1561 1958 defuturum,
1589 1931 1625 1951 ac
1654 1920 1681 1951 si
1712 1929 1769 1960 pro
1800 1918 1890 1950 nobis
1920 1919 2024 1955 fuerit,
2055 1918 2175 1949 nullam
2201 1926 2324 1950 tantam

1367 1972 1436 1993 esse
1471 1962 1639 1994 hominum
1674 1963 1738 1993 vim
1777 1972 1857 2001 quae
1897 1960 1988 1992 nobis
2031 1962 2164 1992 exitium
2209 1962 2326 1992 afferre

1368 2005 1476 2044 possit,
1506 2005 1659 2045 quamdiu
1688 2004 1747 2036 sub
1778 2005 1902 2035 alarum
1932 2003 2034 2044 ipsius
2057 2003 2169 2035 umbra
2193 2003 2327 2035 delitue-

1367 2058 1477 2079 rimus.

1451 2090 1521 2122 Iam
1546 2101 1622 2122 vero
1644 2090 1740 2131 agite,
1763 2092 1813 2122 etc.

1657 2303 1903 2345 HOMILIA
1928 2303 2034 2343 LXI.

1457 2390 1505 2420 12.
1540 2389 1647 2421 David
1678 2392 1779 2420 autem
1801 2391 1868 2420 erat
1887 2388 1974 2427 filius
1995 2387 2056 2418 viri
2080 2387 2263 2427 Ephrataet',
2293 2388 2330 2419 de

1371 2442 1429 2470 quo
1451 2443 1549 2471 supra
1572 2433 1686 2464 (lictum
1707 2434 1758 2466 est
1779 2432 1816 2462 dc
1839 2430 2011 2462 Bethlehem
2032 2430 2124 2465 Iuda,
2149 2431 2198 2461 eui
2221 2440 2330 2461 nomen

1372 2477 1436 2505 crat
1450 2476 1527 2513 lsai,
1550 2476 1603 2514 qui
1620 2475 1746 2506 habebat
1764 2477 1825 2505 octo
1845 2474 1936 2513 filio-5⁸,
1960 2475 1986 2503 et
2008 2476 2073 2503 erat
2095 2473 2144 2503 vir
2167 2474 2201 2503 in
2222 2472 2329 2504 diebus

1376 2516 1453 2548 Saul
1475 2528 1573 2558 senex,
1603 2520 1629 2549 et
1649 2518 1847 2559 yrandaevus
1869 2517 1947 2547 inter
1967 2515 2058 2546 viros.
2105 2516 2152 2547 13.
2177 2515 2331 2546 Abierant

1347 2559 1349 2577 ³
1374 2562 1473 2590 autem
1502 2563 1562 2591 tres*
1588 2560 1650 2600 filii
1672 2561 1740 2591 eius
1762 2560 1895 2590 maiores
1910 2560 1981 2598 post
2004 2557 2082 2588 §aul
2106 2559 2139 2589 in
2159 2557 2332 2597 praelium.-

1349 2604 1401 2650 et
1433 2604 1557 2634 uomina
1591 2603 1686 2634 trium
1717 2602 1856 2642 filiorum
1889 2602 1956 2632 eius
1987 2600 2040 2639 qui
2059 2603 2267 2639 perrexerunt
2289 2599 2330 2631 ad

1349 2659 1351 2676 ι
1376 2644 1499 2682 bellum,
1530 2645 1625 2677 Eliab
1648 2645 1886 2686 ῃνὲπιομηίίαε,
1915 2646 1942 2674 et
1971 2644 2122 2675 secundus
2154 2642 2332 2680 Abiuadab,

1345 2419 1347 2438 Ι

2526 2071 2534 2205 ο-..ψᾷ
2530 2034 2533 2044 ⁴
