2551 3044
199 176 236 208 77
844 176 892 208 IN
914 176 942 208 I.
964 175 1053 208 LIB.
1076 174 1274 207 SAMUEL.
1300 174 1397 206 CAP.
1421 175 1495 206 XV.
2127 175 2165 205 78

198 281 294 313 supra
316 270 424 302 Deum
447 270 641 311 sapientiam
664 270 823 301 attribuit.
868 270 954 302 Hinc
977 271 1087 310 itaque
1108 270 1153 301 fa-

199 315 320 346 ciamus
342 313 470 344 initium
494 313 589 345 huius
611 313 780 350 concionis,
814 313 883 344 Deo
907 313 1061 344 nimirum
1084 317 1155 343 tan-

200 362 309 397 topere
337 366 405 387 esse
436 354 690 387 commendatam
720 355 871 387 ecclesiae
901 366 977 387 suae
1007 355 1155 393 salutem,

201 405 238 431 ut
271 408 435 438 nunquam
470 398 611 438 patiatur
644 398 749 429 illatas
778 398 840 438 ipsi
870 398 1006 430 iniurias
1035 397 1155 429 inultas

200 451 374 474 remanere.
420 440 504 471 Nam
538 441 596 472 etsi
626 440 735 472 fideles
758 440 858 471 multa
880 441 962 472 ferre
985 441 1024 472 ab
1047 440 1156 481 impiis

200 485 373 525 contingat,
397 488 428 514 et
451 483 550 514 veluti
569 483 607 514 ab
626 482 690 514 illis
708 484 854 523 opprimi,
878 484 1023 514 futurum
1046 490 1152 514 tamen

202 526 332 558 tandem
355 530 411 564 est,
434 530 470 556 ut
493 525 649 556 rationem
668 525 737 557 Deo
760 525 888 557 illarum
912 526 1057 557 omnium
1080 525 1156 556 olim

201 569 292 609 impii
316 569 362 599 illi
381 573 600 608 persecutores
625 567 768 599 reddant.
814 568 918 600 Testis
938 574 1004 600 esto
1023 567 1155 599 celebris

201 612 257 643 illa
278 610 382 642 Exod.
408 610 455 641 17.
480 610 613 641 historia
642 610 680 642 de
704 610 900 649 Amalecitis,
928 611 981 651 qui
1005 610 1154 651 populum

201 653 331 686 Israelis
350 654 489 684 transitu
508 653 540 683 in
564 653 632 693 ipso
651 653 774 684 deserto
793 653 961 693 prohibere
974 653 1154 689 voluerunt,

202 696 291 728 nulla
313 701 422 727 tamen
445 696 563 726 iniuria
585 695 739 727 lacessiti:
763 695 818 727 sed
836 700 949 727 contra
967 696 1070 736 potius
1089 705 1154 726 non

202 739 295 770 inscii
308 738 558 778 promissionum
571 749 648 778 quas
656 738 862 769 Abrahamus
875 749 892 769 a
902 739 970 770 Deo
979 742 1154 779 acceperat,

202 782 320 822 quippe
350 781 389 812 ab
419 780 473 811 illo
503 781 601 811 etiam
631 779 784 813 ducentes
818 781 986 822 originem.
1038 781 1154 813 Procul

202 824 299 856 dubio
323 834 421 864 quum
439 823 523 854 ultro
543 823 695 854 miserum
715 823 805 854 illum
825 824 977 864 populum
996 823 1154 864 affligunt,

199 867 264 907 ipsi
286 866 356 897 Deo
381 865 532 897 videntur
559 865 676 897 bellum
706 865 825 897 inferre
855 866 938 898 velle
967 872 997 897 et
1021 866 1155 906 promis-

203 910 307 941 siones
337 908 438 949 ipsius
467 908 573 939 irritas
603 908 715 948 facere,
746 914 840 949 atque
862 909 962 949 ipsius
985 909 1154 941 veritatem

203 956 403 993 pervertere:
438 961 473 982 ac
496 950 629 990 proinde
652 951 773 982 cultum
797 951 858 982 Dei
881 961 1058 991 puramque
1080 951 1154 982 reli-

202 995 328 1036 gionem
351 1004 446 1034 quam
469 992 558 1024 Deus
589 993 622 1023 in
652 998 736 1024 terra
766 993 820 1025 illa
843 993 998 1025 Chanaan
1032 994 1157 1026 volebat

201 1037 405 1074 constituere,
434 1046 491 1075 pro
522 1035 643 1066 viribus
673 1041 820 1067 evertere
850 1036 1059 1068 conabantur.
1112 1036 1156 1067 Et

201 1079 333 1120 quidem
357 1089 455 1119 grave
478 1077 564 1109 istud
587 1083 655 1109 erat
677 1086 854 1118 peccatum,
886 1078 925 1110 ad
955 1079 1038 1119 quod
1068 1078 1155 1110 aliud

203 1121 385 1154 accedebat:
427 1120 511 1160 quod
546 1120 667 1151 nullam
700 1121 899 1153 occasionem
943 1121 1155 1163 aggrediundi

202 1164 366 1196 Israelitas
379 1163 549 1197 habebant,
569 1173 587 1193 a
606 1163 720 1203 quibus
740 1175 841 1204 neque
860 1164 988 1196 fuerant
1005 1164 1155 1202 lacessiti,

200 1217 303 1247 neque
325 1206 405 1237 ullas
428 1206 562 1237 iniurias
585 1212 790 1245 acceperant:
813 1207 869 1238 sed
893 1208 1063 1238 transitum
1086 1213 1156 1237 tan-

200 1255 268 1281 tum
303 1248 438 1280 liberum
473 1259 528 1288 per
561 1248 702 1288 ipsorum
736 1249 901 1289 regionem
940 1249 1154 1289 postulabant.

201 1291 266 1324 Sed
288 1291 334 1322 illi
358 1290 398 1322 ad
421 1301 509 1322 arma
532 1297 757 1322 concurrentes
781 1303 844 1322 non
867 1292 1033 1323 inimicum
1056 1302 1152 1332 popu-

201 1335 268 1366 lum
291 1333 449 1365 hostiliter
472 1333 641 1365 invadunt.
676 1334 727 1364 Ex
751 1334 866 1373 quibus
885 1342 932 1366 est
950 1335 1154 1375 conspicuum

203 1376 274 1409 illos
297 1376 452 1407 adversus
476 1375 582 1407 Deum
614 1376 731 1407 bellum
761 1377 907 1416 gessisse,
941 1383 973 1408 et
1002 1377 1155 1408 adversus

203 1419 352 1451 homines
374 1418 613 1450 inhumanitate
642 1428 797 1459 peccasse.
843 1420 1023 1451 Peccarunt
1044 1419 1154 1460 itaque

203 1462 347 1503 graviter
369 1461 567 1493 Amalecitae
590 1462 696 1492 furore
719 1461 873 1493 adversus
896 1462 1011 1501 Deum,
1041 1467 1073 1493 et
1094 1462 1154 1493 im-

203 1504 358 1536 manitate
387 1504 542 1535 adversus
574 1504 747 1544 proximos,
779 1509 811 1535 et
844 1504 971 1544 quidem
1006 1505 1086 1536 tales
1119 1509 1156 1535 ut

205 1547 351 1579 dicantur
381 1546 498 1578 electus
528 1546 590 1577 Dei
620 1547 764 1587 populus,
794 1547 1022 1587 propriumque
1054 1547 1155 1588 ipsius

204 1589 374 1631 peculium.
409 1588 474 1621 Sed
498 1589 626 1621 tandem
649 1589 719 1620 illos
744 1589 832 1621 Deus
855 1590 1010 1630 repulisse
1033 1590 1155 1622 virtute

204 1642 262 1665 sua
285 1632 409 1663 dicitur.
443 1631 528 1663 Nam
550 1632 609 1663 etsi
631 1632 764 1672 populus
787 1631 942 1664 adversus
960 1632 1155 1664 Amalecitas

203 1680 372 1716 pugnaret,
402 1674 611 1706 nihilominus
634 1680 741 1706 tamen
765 1675 864 1706 Mosis
887 1675 1032 1715 precibus
1054 1676 1154 1716 impe-

204 1723 289 1749 trata
319 1717 452 1748 victoria
480 1722 537 1754 est,
568 1723 599 1748 et
630 1724 664 1748 ut
694 1722 826 1757 apparet
855 1727 894 1749 ex
923 1718 979 1749 illa
1012 1718 1154 1756 historia,

204 1760 295 1792 Mose
318 1770 431 1791 manus
449 1760 483 1790 in
502 1760 625 1792 coelum
644 1760 819 1796 attollente,
843 1760 977 1800 populus
995 1761 1055 1792 fuit
1074 1760 1155 1792 bello

204 1803 358 1843 superior.
404 1802 518 1842 Itaque
540 1801 630 1834 Deus
654 1802 793 1834 hostium
818 1813 948 1834 suorum
971 1803 1101 1835 consilia
1123 1808 1156 1834 et

203 1852 337 1878 conatus
367 1845 498 1883 evertit,
529 1845 744 1886 populumque
774 1856 867 1876 suum
896 1845 1092 1883 vendicavit,
1123 1850 1156 1877 et

202 1888 356 1920 adversus
379 1887 520 1919 hostium
540 1888 679 1919 insultus
698 1888 853 1927 protexit:
877 1888 1002 1928 suisque
1020 1889 1155 1928 promis-

202 1930 345 1963 sionibus
375 1930 425 1962 vel
456 1931 567 1962 invitis
596 1929 743 1961 omnibus
773 1930 918 1962 hostibus
953 1931 1038 1963 viam
1070 1931 1154 1963 fecit.

202 1974 311 2014 Atque
340 1972 458 2004 idcirco
490 1973 578 2004 Deus
609 1972 722 2004 Mosen
753 1973 847 2004 iussit
880 1973 958 2005 haec
990 1974 1022 2005 iu
1053 1975 1156 2006 moni-

205 2021 349 2047 mentum
362 2020 551 2055 perpetuum
564 2016 598 2046 in
618 2015 699 2047 libro
719 2015 798 2056 legis
810 2015 962 2047 scribere:
983 2020 1015 2048 et
1026 2016 1156 2048 Iosuam

204 2058 364 2090 instruere
388 2057 540 2098 populum
562 2058 652 2089 illum
675 2057 926 2089 Amalecitarum
949 2059 1023 2090 olim
1047 2071 1064 2090 a
1087 2060 1157 2091 Deo

204 2101 411 2142 puniendum,
436 2105 466 2131 et
490 2101 588 2140 ipsius
613 2101 798 2131 memoriam
823 2111 840 2131 e
863 2101 956 2132 terris
978 2101 1157 2141 delendam,

204 2148 421 2184 perpetuaque
444 2142 575 2174 infamia
596 2148 627 2174 et
658 2142 808 2174 dedecore
838 2143 1020 2176 notandam.
1065 2144 1157 2184 Quae

206 2186 368 2218 sententia
398 2190 468 2216 rata
498 2186 534 2217 fit
564 2185 780 2223 iureiurando,
810 2185 894 2225 quod
923 2185 1038 2218 dicitur
1068 2188 1157 2219 Deus

206 2239 337 2259 manum
351 2228 468 2259 habere
487 2239 582 2268 super
601 2228 724 2266 solium,
743 2227 925 2268 bellumque
940 2240 1007 2262 esse
1018 2229 1157 2261 Iehovae

207 2275 318 2303 contra
340 2270 534 2302 Amalecitas
573 2271 612 2302 de
643 2275 745 2302 aetate
769 2271 801 2301 in
835 2275 979 2304 aetatem.
1023 2272 1158 2304 Phrasis

207 2313 293 2345 enim
316 2313 380 2351 illa,
412 2313 472 2344 Dei
495 2324 626 2344 manum
650 2324 718 2345 esse
749 2324 844 2353 super
873 2314 996 2353 solium,
1025 2314 1158 2346 solenne

206 2357 423 2387 iuramentum
441 2355 474 2386 in
494 2367 527 2387 se
546 2357 696 2387 continet.
731 2355 879 2388 Iurantes
898 2357 983 2388 enim
1001 2356 1156 2395 homines,

207 2398 309 2430 solent
322 2408 435 2429 manus
454 2398 487 2429 in
506 2398 627 2429 coelum
649 2397 803 2436 attollere,
823 2400 912 2438 quasi
925 2398 1029 2431 Deum
1043 2405 1157 2432 testem

208 2441 408 2472 advocantes.
454 2440 499 2472 Ut
521 2441 566 2472 ita
589 2440 783 2480 ostendatur,
814 2441 895 2481 quod
919 2442 1008 2474 docet
1030 2449 1157 2483 aposto-

207 2484 265 2521 lus,
290 2483 395 2514 Deum
419 2493 517 2523 quum
541 2483 665 2514 nullum
688 2494 721 2514 se
744 2483 861 2515 habeat
882 2486 1088 2525 superiorem,
1112 2486 1158 2517 iu-

206 2536 277 2558 rare
309 2536 364 2565 per
393 2536 426 2557 se
453 2526 558 2566 ipsum
589 2526 754 2557 sedentem
783 2537 878 2566 super
907 2527 1021 2559 solium
1051 2539 1156 2559 suum.

208 2567 476 2609 Quandoquidem
506 2568 603 2608 igitur
632 2569 722 2600 Deus
749 2579 805 2608 per
834 2579 923 2600 suam
957 2571 1157 2602 maiestatem

1207 279 1348 309 unquam
1372 269 1522 299 iniuriam
1547 269 1683 300 inultam
1707 269 1905 301 relicturum.
1949 269 2063 301 Mosen
2088 279 2163 300 vero

1208 311 1354 342 videmus
1382 311 1478 342 etiam
1509 311 1645 343 fideliter
1674 312 1861 343 mandatum
1891 312 1950 344 sibi
1981 321 1999 342 a
2022 311 2163 343 Domino

1207 354 1305 385 fuisse
1328 360 1541 393 exsequutum
1565 354 1661 385 Deut.
1684 354 1733 391 25,
1760 355 1808 385 17.
1833 354 1990 395 siquidem
2014 355 2162 386 nomina-

1207 396 1263 426 tim
1288 396 1440 437 populum
1471 396 1556 427 iubet
1587 407 1758 428 memorem
1791 408 1859 429 esse
1890 402 2038 438 acceptae
2068 397 2164 429 istius

1206 439 1244 470 ab
1275 439 1462 470 Amalecitis
1492 439 1636 474 iniuriae.
1667 440 1697 470 in
1731 440 1808 471 haec
1838 440 1951 471 verba:
1989 439 2161 471 Recordare

1206 492 1282 520 qaae
1301 482 1372 518 fecit
1395 481 1450 512 tibi
1472 481 1628 519 Amalech,
1728 483 1834 514 itinere
1861 492 1955 522 quum
1977 482 2102 513 exiretis
2123 492 2162 514 ex!

1206 524 1353 564 Aeyyplo.
1403 523 1464 562 Qui
1486 534 1642 555 occurrens
1664 524 1718 555 tibi
1747 535 1779 556 eo
1804 525 1920 563 itinere,
1950 525 1984 555 in
2010 527 2162 563 postremo

1206 567 1328 607 agmine
1350 568 1401 598 tuo
1429 566 1533 597 cecidit
1564 576 1665 598 omnes
1687 568 1740 606 qui
1769 567 1919 599 debilitate
1941 567 2039 606 affecti
2061 577 2162 606 seque-

1206 609 1318 641 bantur
1340 611 1375 649 te,
1398 618 1492 648 qaum
1515 611 1547 639 lu
1569 619 1649 640 esses
1672 609 1774 641 lassus
1797 612 1822 640 et
1837 610 2009 650 fatiyatus.
2042 619 2093 640 nec
2114 620 2162 640 re-

1206 653 1321 683 veritus
1350 654 1393 682 est
1421 651 1532 682 Deum.
1579 651 1650 683 Ideo
1683 655 1743 683 esto
1771 663 1864 691 qaum
1889 652 2016 691 quietem
2049 652 2164 683 dederit

1207 694 1320 725 Ielzova
1343 694 1431 725 Deus
1453 696 1524 724 tuus
1552 693 1606 724 tibi
1635 693 1672 725 ab
1704 695 1842 726 omnibus
1864 695 2001 726 inimicis
2022 695 2084 725 tuis
2106 695 2164 725 cir-

1206 747 1395 776 cumquaque
1416 737 1447 766 in
1471 739 1553 767 terra
1575 747 1667 775 quam
1691 736 1804 768 Ieleova
1828 737 1915 768 Deus
1937 740 2008 768 taus
2030 737 2084 768 dat
2105 736 2161 768 tibi

1206 780 1240 810 in
1257 779 1493 819 possessionem.
1522 781 1555 808 ut
1577 779 1676 810 deleas
1698 780 1876 811 memoriam
1900 779 2083 811 Hamalechi
2105 779 2163 810 sub

1207 822 1311 853 coelis:
1342 831 1377 852 ne
1406 821 1598 852 obliviscitor.
1644 822 1743 861 Atqui
1774 822 1925 853 labuntur
1954 823 2029 853 anni
2062 832 2165 862 paene

1207 864 1351 902 trecenti,
1374 864 1489 904 quibus
1503 863 1591 895 Deus
1610 865 1804 896 Amalecitas
1828 865 1871 895 ita
1894 865 2044 896 toleravit
2068 870 2104 895 ut
2122 874 2164 895 ne

1206 907 1324 938 leviter
1347 906 1476 946 quidem
1496 907 1653 946 attigerit:
1678 917 1776 946 quare
1795 907 1947 938 videntur
1966 908 2077 938 irritae
2089 907 2163 938 illae

1207 949 1486 981 comminationes:
1529 954 1558 979 et
1599 949 1760 980 decretum
1795 950 1872 981 illud
1907 949 1968 980 Dei
2009 949 2164 982 adversus

1207 992 1403 1023 Amalecitas
1432 997 1497 1022 tam
1527 990 1723 1023 horrendum
1754 992 1785 1022 in
1810 1003 1904 1023 auras
1927 998 1957 1023 et
1981 993 2084 1023 fumos
2107 992 2162 1024 ab-

1207 1035 1315 1073 ivisse,
1340 1040 1372 1065 et
1398 1034 1526 1064 irritum
1556 1034 1674 1066 factum
1696 1045 1772 1065 esse.
1802 1035 1884 1065 Nam
1905 1035 2062 1074 quomodo
2074 1035 2164 1067 Deus

1208 1077 1331 1108 tamdiu
1354 1077 1470 1108 tolerat
1493 1076 1720 1114 Amalechitas
1753 1088 1814 1108 non
1847 1083 1995 1117 repetens
2023 1077 2063 1108 ab
2085 1078 2164 1117 ipsis

1207 1120 1299 1151 istius
1321 1120 1457 1150 iniuriae
1479 1119 1644 1157 rationem,
1676 1125 1707 1150 et
1738 1131 1856 1160 poenas
1878 1119 2050 1160 infligens?
2098 1119 2163 1152 Sed

1207 1163 1258 1194 hic
1282 1173 1320 1193 ea
1342 1163 1375 1193 in
1399 1162 1585 1193 memoriam
1610 1162 1788 1193 revocanda
1818 1173 1898 1202 quae
1932 1173 2022 1193 saera
2044 1163 2163 1202 pagina

1206 1205 1393 1245 frequenter
1427 1204 1575 1243 inculcat,
1606 1205 1692 1236 mille
1723 1215 1823 1235 annos
1854 1215 1921 1236 esse
1952 1215 2057 1236 coram
2092 1204 2163 1236 Deo

1208 1248 1304 1279 unius
1328 1247 1390 1278 diei
1413 1247 1526 1278 instar.
1570 1247 1664 1279 Unde
1687 1248 1783 1278 etiam
1808 1247 1994 1278 discendum
2018 1252 2076 1285 est,
2100 1248 2161 1278 im-

1207 1291 1315 1331 probis
1348 1289 1631 1329 triumphantibus,
1661 1289 1743 1330 quod
1773 1290 1898 1329 aliquod
1934 1290 2047 1330 ingens
2077 1291 2161 1330 peri-

1207 1333 1314 1364 culum
1337 1334 1509 1370 evaserint,
1531 1332 1599 1363 Deo
1624 1343 1685 1363 non
1709 1337 1899 1372 properante
1918 1332 1957 1362 ad
1979 1332 2162 1373 vindictam,

1208 1384 1239 1407 et
1261 1386 1318 1407 sua
1340 1375 1457 1406 iudicia
1480 1375 1634 1406 adversus
1658 1376 1742 1415 ipsos
1766 1385 1829 1406 non
1861 1380 2043 1406 exserente:
2075 1380 2107 1406 et
2129 1376 2162 1406 111

1208 1429 1333 1450 summa
1362 1418 1484 1449 laetitia
1515 1422 1545 1449 et
1576 1417 1739 1457 voluptate
1770 1428 1804 1449 ac
1828 1418 1892 1449 otio
1915 1418 2014 1448 vitam
2039 1419 2162 1458 agenti-

1208 1462 1277 1499 bus,
1309 1471 1372 1492 non
1402 1460 1495 1492 modo
1524 1460 1662 1500 reliquos
1693 1461 1838 1491 homines
1869 1460 2162 1498 contemnentibus,

1208 1504 1263 1535 sed
1285 1505 1355 1544 ipsa
1377 1503 1439 1534 Dei
1462 1503 1579 1534 iudicia
1602 1503 1835 1543 spernentibus,
1863 1508 1970 1534 tamen
1994 1503 2163 1534 imminere

1209 1547 1270 1578 Dei
1293 1546 1479 1583 vindictam,
1503 1556 1565 1586 qua
1588 1551 1746 1577 momento
1770 1546 1888 1577 incauti
1911 1545 2097 1576 obruantur.

1293 1589 1362 1620 Iam
1388 1599 1461 1620 vero
1483 1588 1517 1619 in
1540 1594 1685 1619 nostrum
1711 1599 1802 1619 usum
1825 1599 1905 1628 quae
1925 1588 1963 1619 de
1977 1588 2068 1619 Mose
2091 1587 2165 1619 hac-

1208 1637 1304 1663 tenus
1335 1636 1410 1663 sunt
1438 1631 1573 1663 recitata
1606 1641 1805 1670 usurpemus,
1841 1635 1872 1661 et
1906 1630 2015 1661 utilem
2050 1641 2090 1661 ex
2124 1630 2164 1661 iis

1209 1675 1386 1706 doctrinam
1410 1684 1568 1705 eruamus.
1614 1673 1700 1704 Sane
1724 1673 1827 1713 prima
1850 1674 1926 1704 facie
1950 1673 2091 1704 insolens
2115 1673 2163 1704 vi-

1207 1718 1274 1749 deri
1298 1722 1402 1757 potest
1432 1716 1629 1752 mandatum,
1664 1716 1701 1747 de
1733 1725 1796 1746 tam
1828 1715 1987 1746 horrenda
2019 1714 2161 1747 vindicta

1207 1759 1363 1792 sumenda
1394 1759 1432 1790 de
1461 1758 1691 1790 Amalechitis:
1726 1758 1857 1789 modum
1892 1759 1976 1789 enim
2007 1757 2160 1789 excedere

1206 1802 1308 1834 modis
1331 1802 1478 1834 omnibus
1503 1801 1638 1833 videtur.
1683 1801 1855 1832 Praeterea
1885 1806 1997 1831 notum
2021 1805 2078 1838 est,
2110 1812 2161 1832 sa-

1207 1856 1294 1878 cram
1318 1846 1511 1885 scripturam
1535 1844 1654 1884 passim
1678 1843 1855 1884 prohibere,
1887 1854 1926 1874 ne
1950 1843 2012 1883 ipsi
2035 1847 2162 1874 nostras

1206 1888 1341 1920 iniurias
1359 1888 1560 1919 ulciscamur.
1596 1886 1813 1925 Quamobrem
1832 1885 1891 1917 sibi
1911 1886 1970 1925 ipsi
1983 1885 2073 1917 Deus
2093 1896 2161 1917 esse

1208 1931 1387 1963 contrarius
1405 1930 1488 1961 forte
1508 1929 1686 1961 videretur:
1710 1927 1968 1969 quandoquidem
1981 1928 2075 1959 modo
2087 1939 2158 1968 pro-

1208 1974 1298 2005 hibet
1322 1973 1429 2005 ulcisci
1454 1973 1596 2009 iniurias,
1616 1972 1708 2002 modo
1722 1971 1815 2001 etiam
1837 1971 1942 2002 ulcisci
1962 1970 2058 2002 iubet.
2095 1970 2159 2002 Sed

1209 2017 1246 2048 de
1271 2016 1392 2047 ultione
1415 2023 1447 2046 et
1470 2014 1609 2045 vindicta
1629 2014 1728 2046 facilis
1751 2013 1864 2045 solutio
1884 2018 1940 2049 est,
1959 2024 2056 2053 quum
2076 2013 2160 2044 inter

1209 2060 1370 2099 passiones
1402 2063 1527 2089 nostras
1558 2057 1802 2097 distinguemus,
1831 2062 1861 2087 et
1885 2056 2044 2087 sincerum
2068 2056 2162 2087 affec-

1209 2108 1277 2133 tum
1300 2101 1370 2132 Deo
1402 2100 1605 2140 obsequendi.
1650 2099 1736 2130 Sane
1760 2100 1784 2130 si
1809 2109 1826 2129 a
1850 2098 1968 2129 nostris
1992 2098 2160 2130 affectibus

1209 2148 1241 2176 et
1268 2143 1472 2184 passionibus
1503 2142 1541 2173 ad
1572 2142 1746 2173 vindictam
1776 2141 1923 2178 feramur,
1958 2146 2080 2171 eertum
2111 2146 2161 2172 est

1208 2187 1354 2219 illicitam
1383 2186 1471 2217 illam
1500 2196 1567 2216 esse
1598 2184 1730 2215 ultionis
1760 2184 1926 2214 rationem.
1978 2182 2067 2221 Quin
2097 2184 2160 2214 imo

1209 2230 1281 2262 lieet
1306 2239 1438 2260 manum
1462 2227 1616 2259 adversus
1639 2227 1785 2257 inimicos
1809 2237 1871 2256 non
1895 2225 2088 2263 attollamus,
2105 2224 2161 2256 sed

1209 2273 1316 2304 animo
1337 2271 1534 2303 iracundiam
1559 2270 1732 2306 foveamus,
1761 2279 1867 2300 eoram
1892 2268 1961 2299 Deo
1984 2267 2091 2299 caedis
2113 2267 2161 2299 rei

1209 2315 1338 2346 omnino
1362 2325 1483 2345 sumus.
1518 2312 1591 2343 Non
1613 2314 1719 2351 itaque
1742 2310 1922 2342 mirandum
1946 2311 1972 2341 si
1985 2310 2074 2341 Deus
2094 2316 2161 2341 tam

1210 2358 1350 2398 praecise
1373 2367 1500 2387 omnem
1525 2355 1677 2386 ultionem
1690 2354 1848 2394 privatam
1872 2352 2044 2393 prohibuit.
2069 2352 2159 2383 Deus

1209 2402 1292 2432 enim
1317 2399 1461 2430 homines
1485 2408 1555 2429 esse
1575 2398 1623 2428 sui
1646 2397 1779 2427 nimium
1803 2401 1945 2426 amantes
1965 2395 2040 2426 satis
2060 2395 2160 2433 novit,

1209 2448 1240 2474 et
1263 2444 1293 2474 in
1318 2442 1381 2472 iras
1406 2441 1444 2472 ad
1469 2440 1634 2471 minimam
1655 2439 1806 2469 iniuriam
1825 2448 2012 2478 exsurgere:
2037 2449 2071 2468 ac
2095 2437 2162 2469 suis

1209 2484 1374 2517 affectibus
1393 2483 1490 2515 semel
1511 2483 1659 2522 abreptos
1678 2492 1740 2512 non
1760 2491 1852 2520 posse
1872 2480 2002 2511 modum
2023 2491 2162 2518 servare,

1209 2528 1263 2560 sed
1292 2527 1371 2558 iuris
1402 2534 1432 2557 et
1463 2526 1553 2564 acqui
1578 2534 1708 2564 prorsus
1731 2523 1886 2554 oblivisci.
1931 2523 1974 2554 Et
1998 2530 2163 2563 praeterea

1210 2571 1298 2602 Deus
1327 2568 1386 2600 sibi
1417 2579 1433 2598 a
1463 2567 1554 2598 nobis
1585 2567 1670 2598 hunc
1701 2566 1854 2597 honorem
1883 2566 2028 2606 reposcit,
2064 2570 2099 2596 ut
2128 2566 2164 2596 in

207 2613 300 2651 iurat,
324 2615 354 2642 et
377 2616 425 2642 est
447 2611 662 2651 omnipotens,
691 2615 811 2643 certum
836 2616 882 2643 est
904 2612 1010 2653 ipsum
1034 2613 1157 2645 nullam
1182 2611 1185 2638 1
1210 2613 1311 2654 ipsius
1335 2621 1450 2642 manus
1474 2610 1608 2641 iniurias
1633 2608 1723 2640 nobis
1747 2608 1852 2640 illatas
1874 2619 2076 2649 reponamus.
2111 2607 2166 2639 Id-
