2551 3044
428 230 488 261 591

1248 223 1450 256 HOMILIA
1476 222 1600 255 XCIV.

430 324 550 355 nostris
574 322 749 353 benefactis
773 331 856 360 quae
879 321 957 360 ipsis
981 330 1037 359 pro
1062 319 1156 349 malis
1185 319 1323 358 acceptis
1347 328 1396 349 re·
1421 333 1423 344 ι

452 366 611 396 andimus.

430 378 607 439 benefactis
631 407 790 437 cumulari
814 408 970 437 carbones
983 406 1016 436 in
1041 405 1261 444 improborum
1281 404 1396 444 capita.

429 450 647 490 Quamobrem
680 457 849 480 teneamus
879 455 997 480 mente.
1033 457 1091 478 nos
1125 446 1250 478 collatis
1284 447 1316 476 in
1348 447 1397 477 in-

428 495 543 534 dignos
564 493 746 525 benefactis.
771 492 809 522 ad
830 491 996 522 meliorem
1017 498 1159 520 mentem
1172 490 1257 529 ipsos
1271 499 1398 526 vocare,

656 363 752 402 Quod
777 363 910 403 pulchre
935 362 1027 394 docet
1051 361 1192 398 Salomo,
1217 371 1316 400 quum
1341 361 1396 398 ait,
1422 394 1423 400 ἵ

428 544 461 567 et
485 546 620 576 pravum
646 536 791 566 animum
815 545 880 574 quo
911 534 1000 574 prius
1024 532 1216 563 aestuabant
1244 539 1276 563 et
1305 532 1396 562 arde·
1422 546 1423 574 j

428 580 507 610 bant
519 579 663 609 emollire
688 585 718 608 et
738 579 930 608 immutare:
955 577 1006 607 sin
1019 576 1137 614 minus,
1160 574 1397 606 inexcusabiles

428 623 514 653 fieri:
542 622 711 661 Deumque
736 631 798 651 uon
812 630 984 660 passurum
998 620 1129 649 inanem
1145 618 1230 649 hunc
1250 625 1396 649 nostrum
1422 640 1423 651 ,

427 665 579 696 affectum
611 675 681 695 esse
711 669 743 694 et
771 673 905 703 pronam
936 672 1014 702 erga
1045 661 1154 692 hostes
1184 660 1395 695 voluntatem,

428 707 483 739 sed
497 708 687 738 effecturum
710 713 742 736 ut
758 716 837 746 quos
858 705 1033 736 benefactis
1047 703 1218 735 conciliare
1232 701 1395 734 studueri-

429 761 510 784 mus,
535 750 586 780 vel
611 750 791 784 mitescant,
818 749 865 779 vel
891 749 918 779 si
942 752 1079 788 pergant
1101 749 1134 778 in
1158 747 1283 777 malitia
1306 750 1339 775 et
1361 744 1394 774 in

427 804 464 824 ea
495 793 598 833 tnagis
628 803 664 824 ac
695 792 800 831 magis
830 791 1042 827 indurentur,
1077 797 1185 820 tamen
1221 788 1270 819 vel
1302 787 1396 818 inviti

428 847 462 867 se
481 836 568 875 ipsos
591 835 818 871 condemnent,
841 841 874 864 et
896 844 988 865 suam
1012 833 1249 872 improbitatem
1274 832 1395 861 fatean-

428 887 481 909 tur
505 878 625 918 pudore
649 878 774 917 suffusi,
806 876 890 916 quod
915 877 966 908 hie
990 875 1082 907 Sauli
1113 875 1285 912 contigisse
1308 872 1396 903 vide-

427 931 515 952 mus:
548 927 578 952 et
603 921 732 951 tandem
756 920 789 951 id
813 925 923 951 nostro
946 918 1037 950 cedat
1060 918 1226 949 commodo
1257 924 1287 947 et
1312 915 1397 946 utili-

427 965 497 994 tati.
553 965 659 994 'Panto
700 964 803 1003 magis
845 963 947 1003 igitur
987 961 1115 992 incitari
1158 971 1215 991 nos
1250 959 1321 989 istis
1355 957 1395 989 ad

426 1008 616 1046 patientiam
648 1012 784 1046 oportet,
815 1013 847 1036 et
877 1005 916 1036 ad
949 1002 1213 1036 benefaciendum
1246 1001 1396 1034 inimicis,

427 1050 501 1081 licet
525 1049 769 1080 contradicente
793 1049 927 1089 vulgato
952 1047 1132 1088 proverbio,
1162 1046 1215 1085 qui
1246 1055 1279 1075 se
1303 1055 1396 1075 ovem

427 1093 540 1123 fecerit
573 1103 592 1123 a
628 1092 712 1132 lupis
753 1091 946 1122 laniabitur:
988 1090 1074 1130 quod
1109 1090 1215 1120 Deum
1258 1088 1397 1118 sciamus

427 1136 531 1166 nostri
555 1145 667 1166 curam
691 1134 885 1175 peculiarem
910 1144 1016 1173 agere,
1046 1138 1259 1170 nostrumque
1289 1135 1396 1170 pasto-

426 1189 494 1209 rem
529 1188 615 1218 esse,
650 1187 686 1208 ac
720 1178 856 1217 proinde
890 1177 991 1207 vitam
1026 1183 1170 1206 nostram
1206 1172 1397 1204 miraculose

427 1227 710 1257 conservaturum,
746 1230 846 1260 quum
878 1230 935 1250 nos
967 1227 1120 1257 tanquam
1151 1227 1226 1247 oves
1256 1216 1326 1256 regi
1357 1215 1396 1246 ab

426 1265 496 1303 ipso
527 1264 788 1304 permiserimus:
824 1270 855 1293 et
890 1262 981 1301 lupos
1016 1271 1051 1292 ac
1086 1260 1195 1290 leones
1227 1269 1263 1290 ac
1295 1259 1397 1298 tigres

426 1306 636 1346 quantumvis
657 1306 785 1337 rabidos
805 1305 898 1336 facile
916 1306 1176 1341 immutaturum,
1199 1301 1279 1332 adeo
1299 1308 1334 1332 ut
1356 1300 1396 1331 ad
1422 1314 1423 1332 z

427 1357 554 1389 tempus
577 1356 780 1380 terreantur:
805 1349 865 1379 etsi
890 1358 955 1378 non
979 1347 1112 1377 omnino
1136 1345 1301 1385 deponant
1324 1344 1397 1375 feri-

426 1398 527 1423 tatem
556 1402 659 1425 suam,
691 1402 793 1431 neque
825 1397 959 1421 naturae
986 1389 1239 1420 obliviscantur:
1270 1386 1324 1418 sed
1357 1386 1396 1417 ad
1422 1398 1424 1431 ξ,

426 1445 497 1466 earn
522 1435 662 1466 subinde
684 1439 912 1465 revertantur:
934 1433 972 1463 de
990 1431 1176 1463 hominibus
1200 1430 1313 1470 loquor
1333 1440 1396 1461 non
1422 1433 1425 1453 ἶ

428 1478 547 1509 electis.
595 1478 678 1508 Nam
704 1478 836 1507 minime
861 1476 994 1506 dubium
1026 1482 1076 1505 est
1108 1474 1185 1514 quin
1217 1473 1311 1504 multi
1342 1473 1396 1512 qui

427 1521 466 1551 ad
498 1527 627 1560 tempus
659 1521 762 1550 instar
791 1521 942 1559 luporum
978 1528 1013 1549 ae
1046 1518 1176 1548 leonum
1211 1515 1398 1553 saevierint,

430 1564 518 1594 verbi
543 1563 645 1593 divini
670 1563 906 1602 praedicatione
930 1562 1078 1592 conversi
1098 1559 1279 1595 mitescant,
1304 1564 1336 1589 et
1359 1558 1397 1589 ad

430 1606 545 1637 bonam
576 1609 701 1645 frugem
735 1606 885 1642 redeant,
923 1612 954 1635 et
983 1614 1056 1634 cum
1088 1602 1244 1642 proximis
1275 1601 1399 1642 placide

429 1655 674 1679 conversentur.

515 1691 736 1721 Transeamus
767 1691 806 1721 ad
832 1690 972 1722 Davidis
1002 1688 1164 1729 querelas:
1200 1687 1400 1726 Quamobrem
1425 1712 1426 1719 1

425 1735 626 1773 persequitur
648 1734 792 1764 dominus
814 1744 901 1765 meus
925 1742 1047 1763 serrum
1069 1732 1187 1762 suum?
1219 1730 1400 1761 Dominum
1425 1745 1427 1751 ι

430 1785 521 1808 vocat
552 1787 616 1807 non
646 1777 807 1813 simulate,
841 1777 897 1807 sed
928 1787 968 1806 ex
1001 1775 1126 1811 animo,
1161 1774 1230 1805 Deo
1258 1773 1400 1804 debitum
1426 1788 1427 1797 π

431 1820 588 1851 honorem
613 1819 781 1855 exhibens,
806 1829 906 1859 quum
919 1819 948 1849 ei
972 1828 1006 1849 se
1019 1817 1182 1849 submittit
1201 1826 1297 1856 quem
1309 1815 1402 1846 Deus

431 1863 465 1893 in
489 1863 636 1893 altiorem
661 1862 798 1902 gradum
823 1869 986 1893 evexerat.

431 1958 507 1978 nus.-
528 1949 579 1978 sin
603 1951 706 1978 autem
725 1947 870 1985 homines,
893 1947 1047 1978 maledicti
1069 1947 1133 1977 sint
1155 1954 1258 1976 coram
1277 1944 1401 1982 Iehova,

431 1991 506 2029 quia
531 1990 688 2029 expellunt
711 2000 758 2021 me
780 1990 878 2027 hodie,
909 2000 946 2020 ne
975 1991 1132 2028 cooptatus
1159 1988 1306 2019 haeream
1333 1997 1402 2026 pos-

1425 1755 1427 1783 l

1029 1859 1156 1899 Quibus
1177 1859 1327 1898 deinceps
1350 1857 1404 1889 ad·
1426 1857 1428 1896 ἶ,

431 1906 514 1935 iicit:
552 1904 588 1935 Si
613 1904 725 1935 Iclzova
750 1905 888 1936 incitavit
911 1907 937 1935 te
959 1906 1064 1935 contra
1086 1913 1142 1939 me,
1173 1902 1317 1934 odoretur
1338 1911 1403 1932 mu-
1426 1930 1428 1943 ‚

432 2033 564 2064 sessioni
600 2033 746 2072 maome,
779 2033 928 2069 dicentes,
963 2032 1030 2070 abi,
1065 2031 1125 2063 cole
1158 2030 1242 2062 Deos
1276 2030 1401 2062 alienos.
1426 2026 1427 2032 ¹

433 2076 560 2114 Quibus
590 2076 698 2106 verbis
731 2076 879 2116 queritur
913 2086 947 2106 se
977 2075 1082 2114 patria
1112 2080 1284 2111 extorrem,
1318 2079 1351 2104 et
1385 2083 1403 2103 a

433 2119 553 2159 populo
577 2126 688 2150 sancto
712 2119 926 2154 exsulantem,
950 2118 1058 2148 Deum
1082 2117 1188 2148 colere
1212 2126 1276 2146 non
1300 2125 1402 2156 posse,
1427 2140 1429 2160 1

433 2161 519 2199 quod
544 2172 606 2192 non
633 2162 708 2192 alibi
732 2163 793 2192 rite
815 2161 875 2193 coli
900 2161 1010 2201 possit,
1034 2170 1130 2200 quam
1154 2170 1191 2190 eo
1215 2159 1284 2190 loco
1307 2168 1403 2199 quem
1428 2183 1429 2234 1

435 2246 618 2277 idololatria
642 2256 774 2288 regnat:
799 2258 835 2279 ac
854 2246 989 2287 proinde
1008 2245 1145 2276 iniurios
1165 2255 1235 2276 esse
1247 2243 1306 2275 sibi
1319 2243 1403 2284 quod
1428 2247 1429 2285 J

438 2291 542 2328 ipsum
575 2290 678 2321 veluti
710 2291 739 2320 vi
773 2295 890 2329 cogant
919 2288 958 2320 ad
987 2288 1146 2319 idolorum
1176 2287 1301 2318 cultum
1329 2297 1404 2318 con·
1428 2298 1430 2343 ί

436 2205 505 2244 ipse
536 2205 594 2235 sibi
626 2204 760 2235 dicavit:
793 2203 951 2244 siqnidem
989 2203 1061 2233 aliis
1098 2203 1131 2232 in
1171 2202 1247 2233 locis
1284 2201 1401 2241 passim

438 2335 558 2372 sugere,
589 2332 724 2372 ideoque
748 2328 1002 2367 inexcusabiles,
1032 2330 1118 2370 quod
1148 2338 1343 2370 cognoscant
1370 2341 1404 2361 so

438 2377 594 2406 adversus
608 2375 714 2406 Deum
740 2386 896 2416 pugnare,
922 2375 1062 2405 nitentes
1079 2372 1163 2413 quod
1179 2373 1267 2404 Deus
1291 2383 1404 2413 appro-
1430 2397 1431 2416 ,

439 2418 490 2448 bat
522 2419 663 2449 reiicere.
709 2419 748 2449 In
781 2425 848 2449 tota
876 2419 939 2448 ista
970 2415 1106 2447 Davidis
1136 2416 1267 2455 querela
1297 2416 1405 2447 obser-

439 2460 580 2491 vandum
613 2461 697 2501 quod
726 2461 820 2501 paulo
849 2468 924 2491 ante
953 2460 1060 2499 attigi,
1092 2458 1252 2490 Davidem
1286 2459 1405 2489 honore

439 2504 573 2534 Saulem
598 2504 673 2535 licet
694 2504 864 2543 indignum
888 2504 1027 2538 afficere,
1053 2508 1221 2542 propterea
1243 2500 1327 2540 quod
1344 2501 1406 2532 Dei
1430 2498 1431 2537 i

439 2548 640 2577 voluntatem
672 2546 902 2587 ingratitudini
934 2546 1026 2577 Sauli
1059 2543 1228 2584 praeferat.
1282 2543 1405 2582 Quam-

440 2590 549 2619 obrem
576 2590 634 2619 etsi
658 2591 798 2629 regibus,
823 2589 1029 2629 principibus,
1061 2585 1305 2626 magistratibus
1338 2594 1406 2618 uta·
1430 2613 1433 2627 ,ἵ

441 2642 513 2662 mur
536 2632 757 2670 iniquissimis,
790 2633 948 2671 patienter
973 2638 1080 2660 tamen
1105 2628 1237 2660 terenda
1261 2630 1404 2660 domina-

440 2674 492 2713 tio,
519 2674 649 2714 Deoque
673 2676 726 2706 ille
748 2676 850 2705 honor
862 2673 1073 2708 exhibendus,
1098 2679 1131 2702 ut
1145 2671 1404 2712 quandoquidem
1429 2683 1431 2694 ¹

1428 2453 1430 2470 l

2357 221 2419 252 592

1449 317 1606 348 eiusmodi
1630 317 1822 356 dignitatem
1845 323 1877 348 et
1891 315 2178 356 praeeminentiam
2203 315 2367 346 constituit
2390 315 2418 346 ei

1450 371 1508 390 nos
1532 366 1647 399 sponte
1670 359 1895 390 subiiciamur:
1921 358 1981 390 hoc
1997 359 2147 396 scientes,
2163 368 2325 388 summam
2349 368 2419 389 esse

1449 403 1606 433 adversus
1626 402 1733 432 Deum
1753 403 1998 438 contumaciam,
2022 401 2047 432 si
2068 400 2288 441 superioribus
2312 407 2419 439 potes·

1450 445 1570 476 tatibus
1595 455 1659 475 uon
1681 445 1900 481 subjiciamur,
1937 443 1993 474 sed
2025 443 2182 475 adversus
2205 454 2260 474 eas
2284 442 2418 474 rebelle-

1450 498 1531 518 mus.
1577 487 1698 527 Ecquis
1729 498 1806 518 vero
1837 488 1993 518 adversus
2017 495 2144 517 tantum
2168 486 2419 526 antagonistam,

1451 531 1556 561 Deum
1581 540 1707 570 nempe,
1731 530 1798 560 fore
1821 530 1998 561 certamine
2027 540 2060 560 se
2083 529 2286 569 superiorem
2310 538 2420 568 spera-

1450 572 1555 603 verit?
1580 573 1690 611 Quare
1714 573 1870 613 improbis
1893 578 1925 603 et
1950 572 2101 612 malignis
2116 571 2299 603 hominibus
2319 571 2421 601 dorni-

1450 615 1611 653 nantibus,
1635 617 1775 647 sciamus
1789 616 1896 646 Deum
1914 623 2024 646 nostra
2049 619 2180 654 peccata
2203 614 2312 646 ulcisci
2327 614 2420 653 velle,

1449 665 1481 688 ct
1504 658 1658 689 dedecore
1682 668 1718 690 ac
1741 659 1874 689 infamia
1892 658 2036 689 afficere:
2057 664 2089 688 et
2112 663 2221 688 tamen
2238 667 2303 688 non
2323 655 2418 688 modo

1450 701 1531 731 nihil
1567 701 1722 732 adversus
1757 701 1844 741 ipsos
1879 700 2079 738 audendum,
2114 699 2169 731 sed
2204 700 2282 740 ipsis
2319 701 2418 731 etiam

1449 752 1600 784 oportere
1623 743 1738 775 subiici
1759 751 1792 775 et
1816 744 1970 775 honorem
1996 743 2104 774 deberi
2135 743 2280 783 ipsorum
2312 742 2417 784 digni-

1450 787 1519 827 tati,
1542 786 1617 818 licet
1640 786 1702 827 ipsi
1726 786 1796 817 Deo
1823 797 1888 817 non
1914 787 2134 823 subiicientur,
2159 786 2318 826 tantisper
2340 785 2418 816 dum

1449 831 1536 869 ipsos
1559 829 1723 860 Dominus
1746 828 1785 860 de
1809 829 1888 861 solio
1911 828 2111 860 deturbarit:
2135 828 2190 868 qui
2213 839 2272 860 sua
2295 829 2418 860 autori-

1449 878 1516 903 tate
1557 872 1744 910 abutentes,
1785 879 1817 903 et
1853 874 1885 903 in
1926 871 2151 904 crudelitatem
2191 875 2419 903 convertentes

1449 915 1579 946 baltheo
1614 915 1704 946 exuit
1737 919 1770 946 et
1803 925 1877 947 cum
1913 915 2069 946 dedecore
2103 920 2310 952 exauctorat,
2345 914 2420 945 licet

1448 959 1538 998 prius
1580 958 1614 988 in
1653 963 1780 989 tantam
1819 957 2010 999 dignitatem
2052 962 2189 989 evectos.
2249 957 2420 989 Patienter

1449 1001 1549 1041 igitur
1579 1001 1724 1031 divinam
1757 1000 1911 1032 ultionem
1939 1000 2192 1040 praestolemur,
2228 1010 2331 1040 neque
2361 1009 2420 1032 nos

1449 1050 1517 1075 tam
1549 1044 1657 1083 pravis
1685 1051 1717 1074 et
1747 1043 1900 1084 malignis
1930 1043 2116 1074 homiuibus
2147 1042 2263 1074 subiici
2291 1043 2420 1083 pudeat,

1450 1086 1606 1126 quamdiu
1632 1086 1792 1117 Dominos
1816 1087 1903 1126 ipsos
1927 1086 2124 1117 toleraverit.
2171 1086 2226 1118 Sic
2250 1086 2338 1116 enim
2361 1095 2422 1117 nos

1450 1130 1489 1160 de
1511 1129 1661 1160 admissis
1684 1129 1823 1169 peccatis
1846 1130 1992 1170 castigat.
2025 1136 2082 1160 aut
2110 1129 2209 1160 etiam
2232 1129 2422 1160 innoeentes

1449 1173 1598 1212 explorat
1631 1181 1664 1203 et
1696 1172 1888 1212 patientiam
1923 1181 2084 1208 nostram,
2123 1182 2187 1212 qua
2222 1172 2254 1202 in
2290 1181 2324 1202 re
2361 1181 2422 1203 nos

1449 1221 1575 1255 oportet
1597 1216 1839 1254 conquiescere:
1863 1222 1895 1246 et
1917 1216 2044 1246 firmam
2063 1215 2302 1246 conclusionem
2325 1215 2422 1246 istam

1449 1265 1558 1289 mente
1581 1259 1729 1294 retinere,
1754 1268 1820 1288 non
1843 1268 1913 1289 esse
1937 1258 2098 1288 humanae
2117 1257 2349 1289 imbecillitatis
2367 1266 2422 1288 eos

1450 1311 1529 1341 quos
1552 1301 1660 1331 evexit
1685 1301 1774 1331 Deus
1799 1300 1944 1337 deiicere,
1975 1310 2007 1332 et
2029 1300 2115 1340 quod
2139 1301 2308 1331 constituit
2330 1310 2422 1331 ever-

1451 1350 1527 1375 tere.
1566 1343 1707 1383 Ideoque
1732 1354 1824 1383 reges
1847 1349 1879 1374 et
1903 1343 2116 1383 magistratus
2140 1353 2194 1374 eos
2218 1342 2422 1374 venerabiles

1451 1398 1520 1418 csse
1544 1386 1636 1417 nobis
1659 1392 1815 1427 oportere,
1846 1396 1910 1417 non
1943 1392 2070 1417 tantum
2093 1396 2172 1426 quos
2197 1386 2303 1417 virtus
2334 1395 2422 1418 com-

1451 1430 1590 1462 mendat.
1621 1429 1677 1460 sed
1707 1430 1804 1460 etiam
1831 1439 1911 1469 quos
1944 1429 2041 1468 Deus,
2072 1430 2146 1460 licet
2176 1429 2336 1470 indignos,
2363 1428 2424 1459 hoo

1451 1474 1545 1503 titulo
1569 1473 1741 1513 dignatur:
1771 1473 1805 1503 in
1835 1482 1872 1503 eo
1901 1480 2045 1503 nostram
2069 1473 2242 1512 explorans
2269 1471 2422 1503 obedien-

1452 1517 1529 1546 tiam
1554 1526 1719 1546 moremne
1743 1515 1803 1554 ipsi
1827 1525 1978 1556 geramus
2009 1525 2050 1547 an
2075 1526 2139 1546 non
2162 1515 2203 1546 iis
2226 1525 2306 1555 quos
2328 1524 2422 1555 prae-

1451 1559 1536 1595 fecit,
1568 1558 1640 1590 licet
1665 1558 1787 1589 honore
1816 1557 1966 1598 indignos
1996 1558 2186 1597 obsequium
2221 1556 2421 1597 praebentes.

1538 1601 1633 1640 Quod
1658 1612 1752 1641 porro
1767 1601 1874 1632 David
1899 1600 2017 1637 adiicit,
2041 1611 2074 1631 se
2098 1600 2189 1631 nulla
2212 1601 2245 1631 in
2269 1611 2304 1632 re
2323 1600 2422 1631 fuisse

1424 1658 1425 1662 ¹
1451 1645 1608 1675 iniurium
1639 1644 1741 1682 Sauli,
1773 1643 1865 1675 docet
1895 1654 1955 1674 nos
1984 1650 2132 1683 oportere
2163 1650 2308 1674 nostram
2342 1643 2424 1674 inte-

1452 1688 1604 1727 gritatem
1629 1695 1660 1718 et
1684 1687 1906 1718 sinceritatem
1929 1696 2023 1726 posse
2046 1686 2153 1726 palam
2178 1686 2300 1724 testari,
2323 1696 2423 1726 quum

1452 1731 1491 1761 ab
1515 1730 1654 1761 inimicis
1679 1730 1776 1760 variis
1799 1729 1903 1760 modis
1927 1740 2090 1770 urgemur.
2128 1729 2207 1761 Sola
2229 1729 2315 1760 euim
2340 1729 2424 1760 bona

1453 1773 1649 1804 conscientia
1683 1783 1742 1804 nos
1777 1782 1886 1803 coram
1920 1771 1990 1803 Deo
2023 1778 2055 1803 et
2097 1771 2282 1803 hominibus
2323 1771 2423 1803 tutari

1453 1822 1566 1856 potest.
1613 1815 1719 1855 Saepe
1742 1815 1882 1855 quidem,
1907 1814 2019 1850 fateor,
2050 1825 2130 1855 quos
2153 1814 2350 1846 conscientia
2372 1825 2422 1845 re·

1453 1859 1598 1897 darguit,
1630 1869 1721 1890 suam
1752 1858 1912 1889 iustitiam
1943 1859 2049 1889 verbis
2080 1857 2329 1898 praedicabunt,
2367 1856 2424 1889 sed

1453 1904 1548 1942 longe
1578 1901 1672 1932 aliter
1694 1901 1803 1932 David
1835 1901 1889 1940 qui
1918 1911 2025 1931 coram
2050 1901 2120 1932 Deo
2151 1910 2244 1931 suam
2272 1901 2424 1932 innoeen-

1454 1945 1530 1975 tiam
1556 1952 1675 1981 tuetur,
1699 1945 1870 1984 ipsumque
1884 1943 2018 1975 Saulem
2043 1951 2195 1983 tanquam
2215 1943 2302 1975 illius
2326 1943 2425 1983 probe

1453 1988 1616 2019 conscium
1651 1992 1767 2018 testem
1801 1993 1834 2017 et
1868 1986 2006 2018 iudicem
2046 1986 2179 2018 adhibet,
2219 1996 2319 2026 quum
2361 1986 2423 2017 ait:

1454 2031 1530 2069 Asse,
1554 2030 1668 2070 inquit,
1693 2041 1713 2061 a
1734 2039 1782 2060 me
1804 2029 1834 2060 si
1857 2029 1934 2068 quid
1953 2032 2111 2068 peceatum
2131 2031 2174 2060 est
2197 2029 2319 2068 profer,
2348 2028 2426 2068 quid

1455 2074 1537 2104 enim
1559 2073 1619 2112 feci
1641 2076 1668 2104 et
1690 2073 1767 2112 quid
1789 2071 1866 2103 mali
1889 2075 1933 2103 est
1956 2072 1989 2102 in
2011 2082 2107 2103 manu
2131 2071 2227 2103 mea?
2252 2072 2425 2104 Discamus

1455 2117 1564 2156 itaque
1586 2126 1623 2146 eo
1646 2115 1786 2147 candore
1813 2121 1846 2145 et
1879 2126 1916 2146 ea
1944 2115 2134 2155 integritate
2163 2125 2236 2146 cum
2267 2114 2425 2154 proximis

1455 2169 1561 2199 agere,
1597 2169 1637 2189 ue
1672 2169 1767 2198 quam
1801 2158 1859 2189 ulli
1891 2158 2102 2198 praebeamus
2132 2157 2332 2188 occasionem
2365 2167 2425 2188 nos

1456 2210 1587 2242 propter
1610 2202 1790 2237 malefacta,
1822 2200 1874 2231 vel
1898 2201 2104 2232 contumeliis
2128 2199 2179 2230 vel
2203 2201 2330 2231 iniuriis
2352 2199 2424 2231 affi-

1455 2244 1571 2279 ciendi,
1596 2252 1631 2275 ut
1654 2244 1680 2275 si
1704 2245 1777 2284 quis
1797 2243 1942 2283 iniquius
1966 2243 2131 2274 nobiscum
2157 2244 2269 2283 egerit,
2292 2248 2326 2274 et
2346 2252 2425 2274 cou-

1456 2288 1598 2319 tumeliis
1622 2287 1775 2324 affecerit,
1806 2297 1841 2317 re
1871 2287 1941 2325 ipsa
1964 2286 2075 2317 testari
2099 2286 2258 2325 possimus
2282 2295 2340 2317 nos
2363 2285 2425 2316 im·

1456 2331 1571 2361 merito
1606 2330 1646 2361 ab
1680 2330 1756 2370 ipsis
1791 2329 1919 2365 vexari,
1962 2329 2085 2359 nullam
2125 2339 2144 2359 a
2185 2328 2276 2360 nobis
2320 2338 2426 2368 neque

1456 2373 1607 2404 iniuriam
1642 2383 1744 2413 neque
1774 2371 2004 2404 contumeliam
2037 2372 2147 2412 passis.
2192 2370 2276 2402 Nam
2305 2371 2334 2403 si
2364 2371 2426 2403 hae

1456 2415 1653 2447 conscientia
1685 2416 1949 2446 hostesnostros
1981 2415 2172 2450 vicerimus,
2211 2420 2337 2445 certum
2375 2418 2425 2445 est

1457 2458 1563 2489 Deum
1588 2469 1606 2489 a
1629 2458 1748 2489 nostris
1777 2458 1922 2497 partibus
1946 2458 2101 2493 futurum,
2132 2462 2166 2488 et
2195 2457 2245 2488 ius
2277 2461 2426 2488 nostrum

1457 2508 1637 2531 tutaturum
1662 2509 1694 2532 et
1718 2500 1959 2532 misericordem
1982 2510 2060 2540 erga
2078 2500 2214 2531 miseros
2237 2503 2270 2530 et
2288 2499 2425 2531 afflictos

1457 2546 1612 2582 futurum,
1642 2552 1673 2574 ct
1703 2543 1945 2575 crudelissimos
1975 2552 2118 2582 quosque
2149 2541 2258 2574 hostes
2288 2549 2425 2579 nostros,

1458 2587 1508 2617 vel
1542 2587 1758 2622 molliturum,
1801 2585 1852 2616 vel
1887 2586 1983 2616 etiam
2018 2593 2172 2626 perpetuo
2205 2584 2361 2616 dedecore
2393 2589 2426 2616 et

1457 2630 1635 2670 ignominia
1657 2629 1859 2664 obruturum,
1891 2629 1945 2668 qui
1977 2638 2035 2659 nos
2064 2627 2150 2658 ultro
2181 2633 2214 2659 et
2235 2628 2306 2659 sine
2328 2637 2425 2660 causa

1457 2679 1524 2703 tam
1547 2672 1720 2703 crudeliter
1740 2678 1913 2702 vexarunt.
