2551 3044
387 236 450 272 627
1178 239 1381 273 HOMILIA
1404 239 1565 274 XCVIII.

646 336 888 375 HOMILIA
914 336 1101 375 XCVHI.

730 412 829 443 (ἈΡ.
853 411 1017 443 xxvm.

478 506 504 536 1.
530 505 661 536 Factum
684 509 727 536 est
749 509 859 543 autem,
886 507 920 537 in
940 505 1046 537 (liebus
1071 505 1134 537 illis
1162 515 1355 547 conyreqave-
1382 519 1384 527 ν

390 551 464 580 runt
494 548 659 580 I’lrilistuei
689 549 816 589 cymino,
845 559 920 585 sua,
959 551 989 578 ut
1018 552 1286 588 Jwaepararentur
1317 550 1383 580 ad

391 591 498 622 bellum
541 594 645 623 contra
689 592 805 623 JQs-raiz:
852 592 990 630 dicitque
1023 591 1120 622 Acleis
1160 592 1202 623 ad
1234 592 1356 623 David.-

392 634 500 666 Sciens
523 644 628 665 nunc.
618 634 687 665 cito
700 635 845 673 quoniam
868 644 980 665 mecum
994 644 1021 664 e
1009 635 1162 674 stedzeris
1187 636 1217 666 in
1236 636 1356 673 castris

391 680 425 708 tec
446 680 471 708 et
496 677 555 708 riri
587 678 641 707 tui.
688 677 716 708 2.
741 677 894 716 Dixitque
917 677 1025 708 David
1055 677 1097 708 ad
1119 677 1231 709 Aehis:
1265 678 1356 708 λιιιιε

391 721 469 752 scies
486 730 565 760 quae
585 722 730 759 tiu-turus
753 722 796 751 est
817 730 925 751 servus
947 722 1027 750 lwts.
1064 719 1107 751 Et
1128 721 1172 751 aie
1191 720 1290 752 Aeliis
1314 720 1355 751 ad

392 762 516 794 Duum.-
540 763 581 793 Ft
603 773 655 803 ayo
677 763 826 794 custodem
847 763 960 802 cupitis
981 763 1042 794 mei
1053 773 1169 802 ponam
1193 766 1219 794 te
1240 764 1355 794 czmctis
1378 761 1381 805 ξ

391 806 506 837 diebus.
559 806 587 836 3.
622 806 747 836 Samuel
780 809 881 836 atatem
914 807 1053 837 mortuus
1086 809 1142 845 est,
1170 806 1354 846 planxitque

391 859 459 879 eum
489 849 587 879 onmis
618 848 729 886 Isrui'l,
760 851 788 878 et
815 849 1000 888 sepelierunt
1032 858 1101 879 eum
1136 850 1167 880 ιἰι
1200 848 1352 879 ΙιάυιιιίΙιη

391 891 463 922 urbe
485 902 554 929 sna,
577 894 605 922 et
629 891 707 922 Saul
730 891 854 922 abstulit
874 901 979 932 mayos
994 894 1020 922 et
1043 891 1180 923 lim-iocos
1202 892 1238 922 de
1260 894 1352 922 terra.

390 934 419 965 4.
433 934 674 974 Conqregyatiqzce
695 937 766 964 ment
782 934 956 974 Philistum,
979 937 1005 964 et
1029 938 1178 973 venerunt,
1202 937 1227 965 el
1250 937 1352 965 castra

390 977 493 1007 meruti
522 979 593 1007 sunt
624 977 657 1008 in
688 976 824 1008 Sanam:
853 977 1048 1018 conqreqavit
1080 980 1178 1008 autem
1218 979 1243 1007 et
1274 976 1353 1008 Saul

390 1020 570 1051 universum
594 1020 706 1058 Isrcii²l,
731 1022 757 1050 et
787 1021 912 1059 expavit
939 1030 990 1051 cor
1019 1021 1086 1051 eius
1115 1020 1215 1051 nimis.
1262 1020 1290 1050 5.
1311 1019 1355 1050 Ec

388 1063 464 1093 vidit
490 1062 568 1093 Saul
588 1065 694 1094 cestra
721 1061 972 1099 Philistaeorum,
993 1065 1019 1094 et
1041 1063 1149 1100 tini-uit,
1179 1066 1206 1093 et
1229 1063 1354 1101 captivit

388 1115 437 1136 cor
467 1105 534 1136 eius
564 1105 670 1136 nimis.
716 1106 744 1136 6.
772 1105 990 1145 Consuluitqzee
1022 1105 1206 1144 Dominum,
1237 1108 1264 1136 vt
1295 1115 1354 1136 non

388 1148 544 1187 respondit
565 1149 603 1186 ei,
629 1157 724 1187 neque
741 1158 802 1187 per
823 1149 954 1183 sommia,
979 1158 1073 1187 neque
1089 1158 1147 1187 per
1176 1148 1352 1187 sacerdotes,

388 1201 482 1230 neque
504 1200 564 1230 per
580 1191 761 1231 prophetas.
807 1191 835 1222 7.
860 1190 1011 1230 Dixitque
1036 1190 1114 1221 &aab
1136 1191 1236 1222 servis
1268 1191 1351 1221 suis:

394 1234 537 1273 Quaerite
560 1234 636 1264 milei
660 1233 816 1265 mulierem
830 1233 984 1265 habentem
1001 1233 1172 1273 pythonem,
1196 1236 1222 1264 et
1239 1233 1354 1264 eadam

389 1277 430 1308 ad
453 1286 530 1314 eam,
561 1278 587 1307 et
608 1276 786 1308 sciscitabor
804 1287 864 1315 per
888 1277 982 1307 illam.
1028 1275 1069 1306 Et
1097 1276 1242 1307 ‹lixerzmt
1271 1277 1354 1307 servi

389 1319 457 1351 eius
497 1319 539 1349 acl
579 1329 664 1350 enm:
709 1319 768 1350 Est
809 1319 919 1350 mulier
956 1319 1124 1359 Pythonem
1166 1319 1280 1350 habens
1320 1319 1353 1350 in

390 1361 508 1394 Emlor.

476 1446 756 1479 Considerandum
778 1447 828 1477 hic
849 1447 987 1487 primum
1009 1447 1100 1478 nobis
1118 1448 1266 1488 occurrit,
1291 1457 1353 1488 quo

390 1490 484 1521 modo
507 1500 581 1521 snos
607 1490 694 1520 Deus
718 1491 861 1530 castigat.
887 1496 919 1520 ut
944 1491 976 1521 in
1001 1497 1121 1521 rectam
1146 1491 1229 1521 viam
1254 1501 1273 1521 a
1291 1501 1354 1531 qna

392 1533 591 1564 deflexerant
621 1531 763 1564 reducat.
816 1532 943 1563 Deinde
982 1533 1139 1573 quomodo
1176 1544 1239 1564 non
1278 1538 1354 1573 agat

390 1584 463 1607 oum
487 1576 565 1616 ipsis
590 1585 716 1607 summo
740 1576 824 1606 iure:
856 1575 910 1606 sed
943 1576 1056 1607 leniter
1085 1576 1116 1607 in
1142 1577 1226 1616 ipsos
1250 1577 1354 1608 anim-

391 1618 550 1650 advertat.
594 1618 752 1658 Superius
778 1617 934 1649 Davidem
966 1619 1149 1650 audivimus
1180 1619 1356 1650 mendaciis

392 1665 425 1692 et
446 1661 651 1692 simulatione
674 1662 871 1701 persuasisse
885 1661 977 1697 Aelii,
1001 1671 1034 1692 se
1057 1671 1103 1701 pr
1105 1661 1205 1693 iedau
1224 1662 1354 1694 Israeli·

392 1708 451 1742 tas,
475 1714 576 1744 quum
602 1709 708 1735 tamen
733 1705 764 1734 in
788 1703 1008 1735 Hamalecitas
1031 1710 1061 1735 et
1082 1705 1235 1736 finitimos
1254 1714 1355 1754 popu-

393 1746 439 1778 los
464 1747 610 1778 irrueret.
656 1746 729 1786 Qua
759 1747 790 1777 in
822 1756 856 1777 re
879 1747 1012 1777 minime
1041 1747 1170 1778 dubium
1202 1753 1251 1779 est
1280 1748 1355 1788 quin

392 1789 589 1830 peccaverit:
629 1789 787 1829 siquidem
818 1789 971 1821 debemus
1006 1790 1142 1821 candide
1171 1796 1202 1821 et
1231 1791 1356 1822 sincere

393 1841 465 1864 oum
501 1831 650 1863 omnibus
684 1840 796 1871 agere:
835 1839 865 1863 et
900 1832 1083 1870 mendacia,
1124 1833 1196 1864 licet
1236 1834 1356 1864 nemini

394 1875 500 1906 noxia.
525 1875 594 1906 Deo
619 1880 726 1905 tamen
750 1873 929 1915 displicent,
960 1882 1093 1906 nat-urae
1116 1877 1232 1917 quippe
1255 1876 1357 1917 ipsius

395 1918 566 1949 contraria.
612 1918 654 1948 Et
685 1922 853 1958 praeterea
878 1927 986 1958 regem
1024 1918 1122 1949 Aeliis
1153 1929 1171 1949 a
1199 1929 1260 1959 quo
1291 1923 1356 1950 tam

394 1960 581 1991 humaniter
593 1966 752 2001 exceptus
771 1960 884 2001 fuerat,
903 1960 1040 1996 fallebat,
1067 1966 1100 1991 ut
1119 1971 1182 1992 non
1196 1962 1358 1993 immerito

394 2003 637 2035 condemnetur.
693 2003 762 2034 Iam
803 2004 947 2043 sequitur
988 2003 1243 2052 expendendum,
1279 2014 1357 2053 quo-

396 2045 490 2078 modo
513 2046 556 2077 sit
576 2056 595 2076 a
618 2046 759 2077 Domino
783 2046 928 2086 punitus:
954 2054 1048 2086 quem
1072 2046 1102 2076 in
1128 2057 1196 2077 eam
1221 2048 1357 2079 necessi-

398 2093 497 2120 tatem
522 2088 656 2127 inducit,
687 2094 722 2119 ut
745 2089 815 2120 sine
838 2088 910 2119 dolo
933 2088 1127 2129 respondere
1158 2096 1297 2130 coeatur,
1328 2096 1359 2121 et

397 2141 461 2162 non
485 2132 527 2163 sit
549 2131 688 2171 amplius
711 2141 817 2171 neque
835 2131 1019 2170 mendaciis,
1043 2141 1144 2171 neque
1163 2132 1359 2164 simulationi

398 2174 497 2206 locus.
547 2174 629 2205 Nam
662 2173 831 2205 Philistaci
869 2173 1023 2205 adversus
1051 2173 1216 2206 Israelitas
1251 2182 1358 2206 coacto

399 2218 553 2254 exercitu,
577 2217 680 2248 facere
704 2217 734 2247 in
749 2218 835 2257 ipsos
854 2217 1009 2257 impetum
1031 2218 1197 2257 parabant.
1232 2218 1359 2249 Interea

401 2260 507 2291 David
532 2270 565 2290 se
590 2265 694 2290 tutum
725 2260 939 2298 existimabat,
969 2259 1052 2299 quod
1081 2260 1114 2290 in
1143 2260 1245 2300 ipsius
1279 2261 1360 2291 facta

401 2314 464 2334 non
488 2302 626 2342 amplius
650 2302 877 2343 inquireretur,
901 2308 932 2333 et
955 2312 1011 2333 rex
1030 2302 1128 2334 Achis
1151 2307 1276 2333 tantum
1299 2303 1360 2343 ipsi

402 2345 524 2383 fideret,
550 2349 585 2375 ut
608 2344 641 2375 in
666 2345 803 2385 praedae
827 2352 951 2385 partem
974 2346 1115 2383 veniens,
1139 2356 1232 2385 quam
1254 2345 1361 2376 David

402 2388 528 2428 agebat,
551 2387 610 2418 sibi
635 2388 833 2418 satisfactum
858 2388 1074 2419 existimaret:
1097 2387 1152 2419 sed
1172 2388 1261 2419 Deus
1286 2388 1363 2419 hacc

401 2431 447 2462 illi
471 2431 535 2461 otia
559 2429 657 2461 tollit:
689 2430 847 2470 siquidem
881 2431 919 2461 ab
943 2430 1042 2462 Aehis
1075 2435 1206 2462 vocatus
1235 2431 1363 2461 iubetur

403 2474 435 2505 in
471 2479 575 2504 castra
610 2473 718 2504 venire
753 2473 906 2504 adversus
940 2473 1121 2511 Israelitas,
1162 2484 1198 2505 ac
1231 2473 1362 2513 proinde

404 2516 503 2547 armis
526 2515 676 2547 infestare
699 2515 757 2547 Dei
778 2516 950 2556 populum:
974 2515 1064 2546 cuius
1084 2521 1190 2547 tamen
1211 2516 1278 2556 ipse
1297 2515 1362 2546 dux

405 2564 437 2590 et
458 2564 553 2598 caput
574 2570 592 2589 a
612 2558 753 2589 Domino
777 2559 972 2590 constitutus
995 2558 1111 2590 fuerat.
1148 2558 1221 2598 Qua
1241 2558 1363 2589 ratione

404 2601 454 2632 ius
488 2601 654 2642 dignitatis
688 2602 793 2641 regiae
827 2602 996 2632 amittebat
1029 2602 1061 2632 in
1102 2611 1156 2633 eos
1191 2601 1363 2642 insurgens

406 2654 540 2683 quorum
564 2649 660 2683 eaput
683 2648 752 2674 erat
775 2645 979 2675 constitutus.
1023 2643 1134 2684 Neque
1154 2654 1229 2675 vero
1252 2654 1361 2683 super—

405 2686 464 2716 suit
490 2686 574 2717 ullus
599 2687 798 2717 excusationi
830 2687 925 2724 loeus,
955 2686 1215 2727 quandoquidem
1248 2686 1363 2717 millies

1411 337 1518 376 potius
1541 335 1728 366 occumbere
1750 345 1847 376 quam
1872 335 1931 367 hcc
1943 336 2108 377 suscipere
2120 336 2238 369 debuit.
2274 338 2368 380 Cogi·

1412 385 1463 409 tui·
1494 379 1600 419 itaque
1631 377 1670 409 ab
1693 377 1810 409 Achis:
1840 378 1924 418 quod
1955 378 2015 409 sibi
2045 379 2167 410 malum
2199 381 2370 413 accersivit

1410 431 1507 461 quum
1532 431 1565 452 se
1589 421 1658 461 regi
1678 421 1777 452 Achis
1799 422 1890 452 initio
1913 420 2073 459 submisit,
2097 430 2128 453 et-
2147 423 2258 464 iugum
2283 424 2370 456 istud

1383 461 1385 493 l
1409 464 1528 504 imponi
1553 463 1611 495 sibi
1625 446 1795 503 ‘'permisit:
1828 463 1962 495 debebat
1986 464 2072 495 enim
2096 465 2156 496 sibi
2186 476 2308 504 cavere,
2338 471 2371 498 et.

1410 507 1550 546 speciosa
1572 506 1679 546 aliqua
1702 507 1825 538 ratione
1849 517 1882 537 se
1905 517 2075 538 excusare:
2099 508 2154 539 sed
2178 509 2313 540 coniecit
2336 520 2374 541 se

1409 550 1545 589 ipsemet
1569 550 1599 579 in
1625 549 1682 580 hos
1706 548 1842 589 laqueos,
1867 548 2018 580 dictitans
2041 560 2075 580 se
2096 551 2199 590 praed
2202 562 2242 582 im
2266 552 2370 593 egisse

1382 593 1447 622 de
1478 592 1652 630 Israelitis,
1690 592 1775 622 unde
1805 593 1921 623 factum
1950 598 1985 622 ut
2014 592 2115 624 Aehis
2147 593 2206 625 hoc
2235 595 2370 626 credens

1382 642 1383 661 l
1409 634 1549 665 voluerit
1572 634 1731 666 incastris
1754 635 1844 666 illuni
1859 640 2011 674 tanquam
2025 635 2181 667 Israelitis
2205 637 2367 669 infensum

1407 688 1515 708 secum
1552 677 1679 708 habere.
1742 676 1806 709 Sed
1848 688 1885 708 ex
1927 678 2028 708 altera
2069 683 2160 718 parte
2199 680 2367 712 misertum

1407 721 1505 751 fuisse
1536 720 1638 760 ipsius
1669 719 1774 751 Deum
1806 720 1952 751 videmus
1992 720 2076 760 quod
2107 731 2180 752 eum
2212 722 2270 754 hac
2299 733 2368 754 cor-

1407 763 1547 794 rectione
1571 763 1764 803 eastigatum
1790 763 1932 803 periculo
1958 763 2039 803 quod
2065 763 2124 795 sibi
2148 772 2273 796 crearat
2296 776 2368 797 exe-

1405 806 1473 837 mit.
1519 806 1627 845 Atque
1651 806 1730 837 haec
1757 805 1818 836 duo
1841 813 1916 837 sunt
1940 806 2112 846 praecipua
2141 807 2246 847 capita
2277 809 2368 839 initio

1406 848 1502 879 huius
1527 849 1680 879 historiae
1711 848 1924 880 observanda.
1971 848 2036 879 Nos
2067 850 2174 889 itaque
2197 850 2368 891 diseamus,

1406 891 1502 922 variis
1525 901 1584 922 nos
1615 891 1700 922 euris
1723 897 1755 922 et
1778 891 2020 922 difficultatibus
2051 891 2192 931 undique
2223 894 2368 934 urgenti-

1406 934 1472 971 bus,
1497 944 1560 964 non
1586 933 1716 965 iniicere
1739 938 1849 965 tamen
1869 935 2070 966 conscientiis
2091 936 2207 966 nostris
2228 936 2368 977 laqueos,

1406 987 1507 1016 neque
1531 976 1570 1007 ad
1594 976 1706 1008 illicita
1730 977 1871 1007 remedia
1890 976 2082 1017 confugere:
2106 977 2367 1018 quandoquidem

1405 1020 1526 1050 malum
1552 1020 1659 1059 potius
1682 1030 1719 1050 ea
1738 1020 1861 1050 latione
1881 1020 2014 1060 gravius
2033 1020 2220 1052 faceremus.
2260 1021 2369 1053 David

1405 1062 1533 1102 quidem
1565 1063 1705 1102 profecto
1735 1062 1901 1093 hominum
1930 1061 2047 1094 iudicio
2087 1073 2150 1094 non
2181 1069 2307 1103 poterat
2333 1073 2369 1095 se

1405 1104 1498 1135 aliter
1529 1104 1612 1145 apud
1640 1105 1834 1136 Philistaeos
1869 1105 1961 1143 tueri,
1993 1115 2087 1144 quam
2120 1106 2308 1137 mentiendo
2337 1112 2370 1138 et

1405 1147 1588 1178 simulando
1611 1158 1645 1178 se
1669 1147 1798 1178 Iudaeis
1822 1148 1974 1178 infestum
1999 1149 2086 1187 ipsos
2111 1149 2268 1188 praedari,
2290 1149 2370 1181 adeo

1405 1197 1440 1220 ut
1473 1190 1646 1221 difficultas
1688 1191 1718 1220 in
1753 1200 1848 1230 quam
1884 1191 1991 1221 fuerat
2023 1192 2187 1222 coniectus
2222 1191 2370 1223 videatur

1406 1232 1495 1264 illum
1520 1232 1606 1274 apud
1630 1232 1776 1264 homines
1800 1243 1963 1271 excusare,
1987 1233 2041 1264 sed
2066 1234 2149 1273 apud
2174 1234 2279 1266 Deum
2305 1244 2369 1266 non

1406 1282 1454 1307 est
1488 1275 1686 1307 simulationi
1721 1285 1826 1315 neque
1861 1275 2027 1306 mendacio
2061 1276 2158 1316 locus,
2193 1278 2247 1317 qui
2283 1279 2373 1309 vitae

1405 1318 1624 1357 integritatem
1645 1325 1676 1349 et
1694 1318 1910 1349 innocentiam
1933 1319 2086 1358 requirit:
2110 1319 2245 1360 ideoque
2262 1319 2371 1352 David

1407 1362 1543 1401 pessime
1566 1361 1625 1392 sibi
1657 1359 1741 1408 apud
1765 1361 1870 1391 Deum
1900 1361 2068 1398 consuluit,
2100 1362 2370 1401 quemadmodum

1408 1416 1447 1435 ex
1471 1405 1539 1444 ipso
1561 1404 1651 1435 exitu
1675 1404 1752 1435 satis
1775 1410 1918 1443 apparet.
1965 1403 2183 1442 Quamobrem
2207 1414 2370 1445 quaecun-

1408 1457 1470 1487 que
1494 1446 1698 1478 difficultates
1722 1456 1780 1477 nos
1804 1446 1943 1486 undique
1972 1447 2206 1487 constringant,
2238 1459 2278 1479 ex
2302 1449 2370 1489 qui-

1409 1490 1468 1521 bus
1491 1489 1603 1520 nullus
1632 1489 1728 1520 detur
1757 1489 1880 1526 exitus,
1913 1494 1945 1520 et
1975 1489 2116 1529 undique
2145 1497 2283 1531 urgeant
2312 1501 2371 1523 an-

1408 1533 1552 1573 gustiae:
1577 1542 1779 1572 summopere
1803 1536 1909 1562 tamen
1923 1541 2095 1564 caveamus
2108 1543 2148 1563 ne
2160 1533 2371 1565 simulationi-

1409 1576 1468 1606 bus
1491 1581 1523 1606 et
1545 1575 1729 1610 mendaciis,
1752 1574 1869 1614 quibus
1893 1574 1984 1606 Deus
2012 1574 2158 1615 graviter
2188 1576 2371 1616 offenditur,

1408 1628 1447 1649 ex
1482 1618 1546 1649 illis
1579 1628 1744 1658 emergere
1777 1617 1980 1655 studeamus,
2020 1628 2060 1648 ne
2096 1618 2244 1658 laqueum
2279 1619 2374 1652 nobie

1408 1661 1528 1693 arctius
1552 1666 1729 1697 nectamus,
1753 1665 1786 1691 et
1809 1669 1872 1700 quo
1896 1661 1999 1701 magis
2024 1660 2116 1692 nobis
2148 1661 2331 1693 videbimur
2353 1671 2372 1694 a

1410 1704 1550 1744 periculo
1575 1704 1646 1741 tuti,
1669 1714 1705 1734 eo
1729 1703 1920 1743 profundius
1944 1703 1975 1734 in
1999 1703 2078 1734 illud
2103 1713 2120 1734 a
2144 1703 2288 1736 Domino
2311 1705 2375 1736 im-

1410 1757 1593 1787 mergamus
1624 1751 1657 1776 et
1686 1746 1801 1776 merito
1831 1745 1970 1785 quidem.
2024 1745 2134 1784 Quare
2167 1757 2230 1786 quo
2259 1757 2373 1778 sumus

1410 1790 1448 1820 ad
1481 1790 1540 1821 hoc
1572 1789 1686 1819 vitium
1718 1794 1832 1819 natura
1861 1789 2079 1828 procliviores,
2115 1799 2151 1820 eo
2182 1789 2374 1830 diligentius

1410 1832 1596 1863 meditanda
1626 1837 1675 1862 est
1699 1831 1778 1862 haec
1807 1830 1959 1868 doctrina,
1991 1836 2023 1862 et
2052 1832 2135 1863 serio
2159 1831 2248 1863 Deus
2278 1832 2373 1864 invo-

1409 1875 1531 1906 candus
1554 1880 1592 1906 ut
1613 1884 1670 1905 suo
1693 1874 1811 1914 spiritu
1843 1884 1902 1905 nos
1932 1880 2033 1914 regat,
2061 1880 2093 1905 et
2122 1875 2154 1905 in
2186 1875 2375 1915 integritate*

1410 1917 1502 1949 acin
1527 1917 1714 1948 innocentia
1744 1916 1830 1948 vitae
1860 1922 2038 1954 conservet,
2070 1927 2111 1947 ne
2140 1927 2282 1957 unquam
2314 1922 2371 1949 aut

1410 1961 1449 1992 ad
1474 1960 1597 1991 laevam
1620 1964 1677 1990 aut
1700 1959 1740 1990 ad
1763 1958 1909 1990 dextram
1933 1958 2139 1998 declinemus,
2168 1966 2200 1991 et
2228 1969 2268 1991 ne
2296 1969 2372 2001 pra·

1412 2004 1460 2034 vis
1483 2002 1626 2034 consiliis
1648 2007 1680 2033 et
1709 2001 1968 2034 simulationibus
1991 2002 2106 2033 abduci
2130 2012 2187 2034 nos
2211 2003 2376 2042 patiamur*

1411 2058 1429 2077 a
1453 2052 1541 2077 recta
1570 2044 1693 2082 semita,
1725 2044 1781 2076 sed
1813 2051 1846 2075 ut
1876 2045 1944 2085 ipse
1974 2045 2079 2085 potius
2109 2051 2261 2086 suggerat
2291 2055 2375 2086 quae

1411 2088 1557 2121 facienda
1580 2094 1611 2119 et
1634 2087 1768 2119 dicenda
1791 2093 1876 2118 sunt.
1913 2088 1957 2118 Et
1980 2087 2074 2118 hodie
2097 2089 2286 2128 praesertim
2310 2089 2372 2120 uti-

1411 2132 1451 2163 lis
1474 2135 1522 2162 est
1541 2131 1620 2162 haec
1639 2130 1795 2168 doctrina,
1819 2141 1917 2170 quum
1939 2130 2086 2161 videmus
2109 2129 2187 2161 adeo
2206 2138 2375 2171 corruptos

1412 2174 1561 2206 homines
1589 2178 1625 2204 ut
1654 2172 1880 2211 simulationis,
1909 2173 2060 2213 malitiae,
2092 2172 2261 2212 perfidiae,
2291 2173 2373 2205 invi-

1412 2216 1482 2248 diae
1505 2216 1642 2256 denique
1665 2215 1752 2256 pleni
1776 2215 1856 2251 sint,
1887 2220 1922 2246 ut
1944 2214 2034 2247 bonis
2058 2215 2136 2247 viris
2160 2215 2302 2256 undique
2325 2216 2374 2247 in-

1413 2260 1513 2291 sidiae
1543 2264 1722 2297 struantur,
1756 2262 1790 2288 et
1823 2259 1877 2289 vix
1911 2267 1945 2289 os
1980 2258 2104 2298 aperire
2138 2259 2263 2298 possint
2295 2259 2374 2299 quin

1413 2301 1707 2342 deprehendantur.
1760 2300 1851 2331 Tune
1879 2299 1979 2341 igitur
2014 2300 2156 2331 maxime
2185 2300 2375 2341 usurpanda.

1414 2345 1506 2377 nobis
1529 2348 1579 2376 est
1600 2343 1746 2375 doctrina
1772 2343 1851 2375 haec
1874 2348 1905 2374 et
1928 2342 2019 2374 Deus
2041 2343 2251 2384 invocandus,
2283 2349 2320 2375 ut
2345 2343 2375 2376 si

1415 2388 1506 2419 nobis
1529 2396 1601 2419 cum
1628 2385 1854 2429 versipellibus
1884 2389 1915 2416 et
1945 2384 2062 2417 dolosis
2091 2385 2274 2417 hominibus
2304 2396 2376 2418 con·-

1415 2430 1608 2462 versandum
1643 2433 1706 2466 est,
1747 2438 1818 2460 eam
1854 2428 1944 2459 nobis
1983 2428 2186 2469 prudentiam
2221 2433 2377 2470 suggerat

1415 2483 1497 2514 quae
1518 2473 1560 2504 sit
1583 2481 1601 2503 u
1624 2471 1746 2503 malitia
1770 2469 1934 2502 fraudibus
1958 2477 1990 2502 et
2012 2471 2094 2503 dolis
2115 2470 2230 2510 aliena,
2253 2479 2376 2513 nosque

1415 2521 1536 2547 rectam
1559 2515 1645 2546 viam
1670 2512 1866 2551 insistentes,
1889 2513 1935 2545 sic
1958 2519 2090 2545 tueatur
2107 2523 2169 2546 suo
2187 2514 2312 2554 spiritu,
2336 2518 2376 2546 ut

1416 2559 1512 2590 nullis
1535 2557 1617 2589 dolis
1647 2557 1853 2597 decipiamur
1900 2556 2074 2588 Caeterum
2103 2557 2129 2588 si
2158 2556 2286 2597 quando
2315 2566 2375 2589 nos

1414 2610 1433 2632 a
1462 2605 1548 2632 recto
1577 2599 1764 2631 aberrantes
1795 2599 1952 2639 punierit,
1989 2600 2128 2631 sciamus
2165 2608 2228 2630 non
2264 2598 2374 2631 deberi

1416 2643 1506 2675 nobis
1535 2642 1621 2674 aliud
1655 2642 1860 2683 privilegium
1888 2652 1982 2682 quam
2016 2642 2152 2680 Davidi,
2185 2642 2235 2674 cui
2267 2642 2374 2674 Deum

1417 2686 1549 2717 minime
1580 2686 1761 2726 pepercisse
1788 2684 1952 2716 videmus:
1986 2684 2121 2726 ideoque
2151 2684 2268 2716 collum
2299 2683 2375 2716 sub-

2308 241 2374 277 628

2540 1351 2542 1353 -
2539 1326 2541 1338 —
2531 1291 2544 1302 ι’
2531 1198 2546 1281 v-s
2528 528 2551 1185 mmmm-m-
