2551 3044
374 213 435 243 353

376 305 502 345 quidem
535 312 651 332 1101000
679 301 823 331 divinum
856 301 1057 333 advocatum,
1089 308 1151 328 000
1181 297 1265 329 sinet
1287 298 1359 329 in-=

377 348 442 378 ulta
466 346 612 385 periuria.

1174 202 1377 235 HOMILIA
1402 201 1541 234 LXXV.

2273 196 2336 227 364

1384 305 1458 328 sunt
1478 296 1646 335 diligenter
1665 292 1890 334 expendenda:
1918 292 2024 333 Usque
2043 293 2076 323 in
2095 299 2336 330 sempiternum.

1385 339 1500 379 quibus
1535 338 1684 368 doeemur
1721 336 1788 366 Deo
1831 336 1903 367 licet
1943 345 2062 375 poenas
2095 334 2263 364 differente
2297 330 2337 362 ad

462 388 571 427 Pergit
606 386 807 417 Ionathunus
843 385 981 415 adiicere
1018 393 1137 414 novum
1175 382 1333 414 iusiuran-
1357 386 1360 426 1
1387 391 1519 421 teinpus,
1544 388 1650 410 tamen
1675 379 1831 409 rationem
1864 378 1940 409 olim
1964 377 2176 418 repetiturum
2205 381 2237 406 et
2266 384 2336 414 per-

378 432 470 462 dum:
497 431 549 461 Sic
572 430 726 461 Dominus
758 429 836 458 init-r
863 437 909 457 me
940 429 966 456 et
995 429 1022 456 te
1052 435 1146 464 usque
1168 425 1202 456 in
1223 426 1334 464 sempi-

376 479 504 505 ternum.
533 483 594 512 quo
626 471 728 512 magis
759 482 794 502 :ic
825 469 926 510 magis
957 468 1105 499 ostendat
1134 478 1168 499 se
1191 468 1334 499 alienum

378 528 447 548 esse
469 516 509 546 ab
533 514 596 546 illis
619 515 768 545 omnibus
792 512 958 544 fraudibus
981 519 1011 541 et
1034 510 1116 541 dolis
1138 511 1253 550 quibus
1276 510 1333 541 ho-

379 561 481 591 mines
506 558 693 598 plerumque
716 567 774 587 sua
796 555 935 595 periuria
958 561 1066 594 tegere
1088 562 1333 590 consueverunt,

378 602 511 643 pulchre
535 610 642 631 seeum
667 600 718 640 agi
743 599 976 634 existimantes,
1008 597 1034 627 si
1058 606 1165 628 coram
1197 596 1333 626 homini-

377 646 434 676 bus
458 643 600 675 occultae
620 650 696 673 sunt
719 642 861 681 ipsorum
887 640 1024 676 fraudes,
1048 639 1086 670 de
1107 639 1222 679 quibus
1241 639 1333 679 argui

380 699 443 719 non
467 688 599 727 possint.
629 696 707 724 quos
739 691 845 715 tamen
870 683 1036 722 opertebat
1058 682 1198 722 cogitare
1228 691 1333 712 corani

381 731 450 762 Deo
474 739 537 760 non
557 738 627 759 csse
647 727 795 761 occultas.
819 725 874 756 sed
898 725 936 756 de
960 725 1023 756 illis
1041 724 1116 756 olim
1138 724 1334 755 reddendam

379 774 437 813 ipsi
469 782 536 803 esse
565 772 732 801 rationem.
778 769 901 800 Idcirco
930 768 1027 799 etiam
1056 767 1201 798 adhiberi
1231 767 1335 798 solent

380 819 418 847 ab
452 814 634 845 hominibus
666 814 846 843 iuramenta
882 820 1033 850 tanquam
1065 809 1206 841 remedia
1239 819 1334 849 quae-

378 858 460 894 dam,
496 866 593 896 quum
629 866 679 887 res
712 855 855 886 occultae
890 860 965 884 sunt
998 859 1029 884 et
1063 853 1160 883 nullis
1192 852 1335 887 testibus,

380 902 441 932 nisi
468 900 527 930 Dei
553 899 681 930 nomine
703 897 867 931 advocato.
892 896 997 936 detegi
1021 902 1164 936 possunt.
1212 894 1334 925 Verum

381 944 493 981 hodie⁷
535 941 614 982 proh
650 940 756 971 dolor!
797 950 894 980 quam
936 939 1014 970 haee
1047 938 1191 969 doctriua
1224 948 1335 977 parum

382 985 466 1026 apud
490 985 635 1016 homines
659 983 752 1020 valet,
783 983 835 1022 qui
867 983 894 1013 si
918 984 956 1013 de
979 981 1074 1012 rebus
1097 980 1230 1012 occultis
1252 980 1336 1010 iura-

381 1029 500 1065 verint,
535 1038 599 1058 non
630 1027 739 1067 magni
770 1026 891 1057 faciunt
921 1023 1154 1057 iusiurandum.
1188 1023 1248 1054 nisi
1267 1023 1337 1061 qui—

1387 425 1466 455 iuria
1496 424 1528 454 10
1559 421 1699 452 medium
1724 421 1965 461 producturum.
2010 419 2097 452 Sane
2126 427 2225 458 quum
2248 416 2338 448 Deus

1386 468 1427 497 sit
1451 476 1556 496 rerum
1581 465 1726 494 omnium
1746 470 1845 500 testis,
1870 474 1932 495 000
1952 463 2060 495 statim
2084 462 2153 502 ipso
2177 466 2339 490 1110010010

1387 518 1417 540 01
1449 520 1488 539 ex
1521 516 1662 546 tempore
1696 507 1727 537 10
1760 514 1941 546 peccatores
1972 503 2220 537 animadvertit:
2255 501 2339 542 quod

1358 587 1360 590 y
1387 552 1472 591 ipsos
1493 550 1604 580 divina
1633 549 1787 589 patientia
1817 556 1849 580 et
1872 548 1998 580 bonitas
2027 547 2080 578 diu
2105 551 2279 586 exspectet,
2309 550 2341 574 et

384 1071 517 1102 busdam
541 1069 694 1101 adhibitis
724 1068 848 1104 ritihus,
889 1074 921 1098 et
951 1067 1086 1098 testibus
1118 1065 1339 1107 praesentibus
1364 1064 1365 1070 ¹

384 1125 402 1145 a
438 1113 561 1144 notario
599 1113 630 1143 in
661 1117 733 1143 acta
763 1111 886 1151 publica
925 1109 1129 1150 redigantur:
1164 1116 1258 1148 atque
1289 1107 1338 1138 hie

385 1158 639 1188 iuramentorum
662 1161 864 1193 contemptus
895 1159 1003 1184 tantus
1033 1160 1080 1183 est
1110 1159 1145 1182 ut
1167 1161 1220 1182 eos
1244 1151 1338 1181 etiam

386 1200 438 1240 qui
463 1210 496 1230 se
520 1198 700 1239 gloriantur
719 1197 828 1228 fideles
851 1195 1037 1236 pervaserit.
1071 1195 1115 1226 At
1149 1204 1206 1225 nos
1228 1201 1340 1224 contra

386 1243 479 1273 docet
512 1241 563 1272 hic
599 1241 696 1277 locus,
731 1239 874 1279 periuros
910 1238 982 1269 licet
1011 1239 1132 1268 centies
1162 1237 1366 1276 periurium·

386 1284 591 1320 occultarint,
635 1294 697 1314 non
738 1282 808 1313 ideo
843 1289 947 1312 tamen
989 1290 1006 1310 a
1040 1291 1139 1320 poena
1171 1280 1339 1314 immunes,

387 1327 469 1368 quod
506 1326 565 1357 Dei
608 1325 722 1357 iudicis
752 1324 859 1356 oculos
899 1330 932 1355 et
966 1323 1139 1354 vindictam
1174 1331 1340 1360 nunquam

387 1370 553 1410 effugiant,
577 1369 632 1408 qui
657 1375 818 1408 pastorum
842 1374 874 1398 et
892 1372 1124 1398 conventorum
1144 1365 1262 1395 arbiter
1284 1369 1341 1401 est,

388 1420 418 1444 et
443 1414 526 1443 inter
548 1411 776 1442 contrahentes
801 1409 969 1450 praesidet.
1010 1408 1055 1439 At
1078 1408 1194 1439 mirum
1217 1413 1266 1438 est
1288 1416 1341 1436 eos

388 1456 441 1495 qui
466 1454 596 1485 nomine
619 1453 793 1485 christiano
812 1452 992 1493 gloriantur
1009 1450 1088 1482 adeo
1111 1449 1255 1490 stupidos
1274 1459 1342 1480 esse

389 1505 425 1528 ut
461 1497 554 1528 huius
594 1496 723 1527 sceleris
765 1494 1018 1535 magnitudinem
1059 1505 1124 1524 000
1158 1499 1342 1533 agnoscant,

390 1550 487 1579 quum
511 1544 618 1569 tamen
643 1539 728 1579 ipsos
749 1538 892 1569 ethnicos
920 1536 979 1568 hac
1002 1536 1155 1577 religione
1178 1534 1343 1565 videamus

392 1583 489 1613 fuisse
524 1586 681 1613 retentos:
725 1581 893 1620 Deumque
927 1579 1010 1611 hanc
1051 1578 1195 1610 omnium
1229 1577 1344 1607 animis

393 1632 507 1656 natura
531 1624 633 1665 legem
654 1623 862 1663 inscripsisse,
887 1633 950 1654 000
972 1632 1040 1653 esse
1064 1622 1207 1661 proximo
1231 1621 1344 1650 facien-

392 1667 465 1698 dani
488 1667 653 1697 iniuriam:
679 1665 784 1697 Deum
804 1671 917 1696 testem
941 1665 1071 1696 unicum
1096 1674 1163 1695 0880
1186 1663 1344 1694 sufficien-

393 1716 468 1746 tem,
493 1709 566 1740 licet
585 1719 634 1740 res
655 1719 765 1739 omnes
783 1714 908 1739 creatas
928 1707 1103 1747 periurium
1124 1706 1228 1737 lateat.
1260 1704 1345 1736 Sane

393 1752 564 1783 Labanum
589 1751 788 1782 idololatram
812 1750 911 1782 fuisse
934 1751 1063 1789 scimus,
1093 1757 1124 1780 et
1149 1748 1268 1788 rapinis
1292 1747 1345 1778 de-

394 1795 496 1825 ditum
520 1794 588 1825 sine
611 1793 673 1825 fide
694 1799 725 1825 et
747 1793 920 1833 aequitate:
953 1803 1062 1823 verum
1086 1799 1192 1822 tamen
1216 1790 1269 1821 ille
1292 1800 1346 1830 pa-

394 1837 456 1867 lam
494 1837 678 1877 profitetur,
720 1846 873 1876 generum
908 1836 1087 1875 alloquens,
1128 1834 1211 1870 fore,
1251 1839 1287 1863 ut
1320 1833 1346 1863 si

393 1880 501 1911 nullus
523 1879 605 1910 alius
628 1879 770 1916 iniurias,
800 1878 827 1909 si
849 1889 932 1918 quae
955 1878 1082 1909 filiabus
1104 1877 1268 1912 inferatur,
1299 1875 1345 1906 ul-

394 1923 540 1960 ciscatur,
564 1921 653 1953 Deus
676 1926 783 1952 tamen
814 1931 868 1952 eas
897 1920 1043 1951 vindicet.
1087 1918 1182 1951 Unde
1205 1919 1258 1949 isti
1281 1918 1347 1948 ido-

394 1964 529 1996 lolatrae
565 1964 617 1996 hic
650 1974 773 2000 sensus,
804 1964 864 1994 nisi
895 1973 913 1994 a
942 1962 1081 1994 natura?
1117 1961 1248 1992 Ethnici
1273 1971 1347 1991 sane

395 2007 434 2038 de
465 2007 656 2038 iuramentis
689 2006 868 2047 magnificis
904 2006 1007 2037 verbis
1041 2005 1162 2044 loquuti
1197 2011 1280 2041 sunt,
1315 2010 1347 2033 ut

395 2049 455 2081 Dei
484 2050 684 2081 maiestatem
715 2049 974 2089 magnifacerent.
1027 2047 1135 2086 Quare
1164 2057 1262 2086 quum
1292 2046 1347 2076 ho-

395 2092 501 2124 mines
535 2092 567 2123 in
601 2092 790 2123 iuramentis
820 2090 1034 2130 concipiendis
1064 2096 1128 2120 tam
1159 2089 1246 2120 leves
1276 2089 1350 2125 sint,

395 2141 428 2166 et
451 2142 515 2166 tam
541 2135 632 2175 proni
664 2133 704 2165 ad
737 2134 865 2165 divinae
888 2134 1062 2165 maiestatis
1084 2138 1282 2172 conceptum.
1315 2141 1350 2161 eo

397 2178 518 2208 maiore
547 2187 623 2208 cura
652 2183 685 2207 et
717 2175 824 2208 studio
854 2175 1037 2207 meditanda
1067 2181 1114 2206 est
1148 2174 1238 2205 nobis
1271 2184 1350 2213 quae

399 2220 460 2251 hoc
483 2219 552 2251 loco
576 2219 713 2250 traditur
736 2218 888 2255 doctrina,
913 2228 1042 2259 nempe:
1067 2218 1242 2248 Dominum
1267 2217 1351 2246 inter

398 2262 625 2294 contrahentes
656 2261 766 2293 sedere
787 2262 942 2293 arbitrum
973 2269 1004 2292 et
1034 2260 1190 2292 iudicem:
1221 2270 1256 2291 ac
1279 2269 1351 2298 pro-

398 2306 473 2336 inde
497 2305 583 2336 nulla
606 2315 771 2345 superesse
792 2303 974 2335 hominibus
997 2303 1124 2344 effugia,
1146 2303 1222 2342 quin
1245 2311 1352 2333 coram

400 2348 499 2388 ipsius
522 2347 639 2379 iudicio
661 2347 811 2379 standum
835 2347 886 2379 sit.

486 2390 643 2430 Magnum
684 2395 792 2421 autem
834 2389 956 2429 pondus
990 2388 1108 2419 habent
1150 2387 1206 2419 illa
1238 2386 1352 2418 verba:

403 2433 443 2464 In
465 2434 688 2471 sempiternum,
719 2438 750 2463 et
774 2443 838 2463 000
858 2432 971 2463 leviter
1002 2429 1243 2471 praetereunda.
1288 2429 1352 2468 Qui

402 2476 439 2506 fit
471 2475 566 2512 enim,
601 2475 740 2512 obsecro,
781 2481 818 2505 ut
851 2474 970 2515 periuri
1003 2473 1094 2514 parvi
1130 2472 1247 2504 faciant.
1279 2482 1354 2504 suas

402 2518 621 2553 deierationes,
651 2524 683 2549 et
711 2516 832 2548 malum
862 2517 946 2548 malo
976 2516 1151 2553 cumulent,
1180 2515 1242 2546 nisi
1270 2514 1353 2554 quod

404 2560 474 2592 Deo
497 2570 615 2600 poenas
647 2559 816 2591 differente
846 2559 1017 2591 videantur
1045 2558 1105 2590 sibi
1134 2559 1200 2589 fore
1237 2557 1354 2588 immu-

405 2602 482 2634 nes?
530 2602 618 2634 Hinc
647 2603 755 2643 itaque
793 2602 1007 2642 periuriorum
1039 2606 1132 2633 tanta
1165 2600 1353 2640 frequentia,

405 2644 606 2685 impunitatis
627 2655 684 2686 spe
707 2645 871 2676 nimirum.
917 2644 1135 2683 Quamobrem
1160 2643 1238 2675 haec
1256 2643 1355 2674 verba

1387 594 1426 625 ad
1451 593 1678 633 poenitentiam
1703 593 1819 622 invitet
1842 599 1875 622 ut
1899 591 2075 622 reddantur
2098 586 2339 620 inexcusabiles.

1386 638 1478 675 Quae
1506 646 1606 675 quum
1635 634 1680 665 ita
1711 634 1790 671 sint,
1821 633 1981 666 discamus
2007 633 2069 664 Dei
2101 641 2215 663 11011100
2245 629 2341 661 advo-

1385 686 1503 716 cantes,
1535 688 1597 708 000
1628 677 1786 717 respicere
1816 677 1909 708 amici
1939 682 1994 707 aut
2016 674 2246 715 consanguinei
2270 682 2341 713 per-

1387 732 1506 756 sonam.
1535 728 1570 751 ut
1601 720 1742 759 periurio
1771 721 1890 751 factum
1921 720 2022 759 ipsius
2052 716 2180 757 aliquod
2203 716 2341 756 flagitio-

1386 775 1456 796 sum
1482 771 1636 803 tegamus,
1667 762 1723 794 sed
1750 763 1857 794 Deum
1885 761 2127 793 meminerimus
2151 761 2219 791 fore
2247 766 2280 790 et
2310 760 2342 788 in

1388 808 1452 838 vita
1493 815 1525 836 et
1562 806 1596 836 in
1633 812 1736 836 morte
1773 804 1931 836 dictorum
1963 803 2107 835 omnium
2137 801 2276 833 iudicem
2311 807 2344 832 et

1390 850 1556 885 vindicem,
1588 859 1624 879 ac
1659 848 1733 879 licet
1762 847 1851 879 nulla
1874 848 1906 878 in
1931 847 1982 878 his
2005 846 2101 877 terris
2128 845 2343 886 periuriarum

1389 898 1562 932 appareant
1586 890 1751 931 supplicia,
1779 901 1814 922 10
1835 891 1904 931 ipsa
1927 895 2034 921 tamen
2057 893 2246 928 experturos
2268 886 2344 918 olim

1391 935 1534 966 110011οε8
1564 934 1674 973 quanti
1704 944 1797 965 suum
1827 943 1944 964 nomen
1975 932 2043 963 fieri
2075 932 2165 962 Deus
2199 930 2344 966 volverit,

1389 986 1420 1009 et
1442 988 1503 1017 quo
1527 977 1560 1007 in
1583 976 1704 1007 honore
1727 976 1851 1007 haberi:
1883 985 1988 1015 neque
2014 983 2155 1014 unquam
2185 973 2345 1014 impunita

1390 1022 1454 1051 fore
1479 1027 1569 1050 tanta
1596 1019 1726 1060 flagitia,
1757 1019 1966 1059 quantumvis
1997 1027 2116 1058 poenas
2146 1016 2180 1047 in
2210 1015 2344 1056 longum

1391 1072 1514 1102 tempus
1540 1063 1628 1093 Deus
1652 1061 1789 1093 differat.
1835 1060 1943 1092 David
1967 1070 2042 1091 vero
2066 1070 2124 1099 pro
2147 1069 2182 1090 se
2205 1058 2345 1090 vicissim

1391 1107 1520 1145 exeipit:
1545 1104 1700 1136 Dominus
1722 1105 1860 1143 requirat
1881 1104 1918 1135 de
1940 1114 2035 1134 manu
2058 1102 2254 1133 inmn'corum
2275 1100 2344 1133 Da-

1392 1149 1480 1185 vidis,
1502 1158 1582 1188 quac
1607 1148 1703 1178 verba
1726 1147 1963 1178 vehementiam
1993 1145 2093 1176 animi
2117 1146 2216 1184 ipsius
2237 1145 2345 1184 expri-

1392 1197 1496 1222 munt:
1520 1190 1634 1230 quibus
1657 1201 1691 1221 se
1714 1194 1863 1230 paratum
1888 1195 2024 1221 testatur
2046 1198 2164 1228 poenas
2187 1197 2250 1218 non
2274 1194 2346 1218 tan-

1392 1242 1459 1264 tum
1491 1243 1567 1273 quas
1592 1232 1683 1264 Deus
1711 1234 1779 1272 ipse
1809 1242 1866 1264 sua
1896 1242 1992 1263 manu
2015 1231 2155 1262 voluerit
2184 1230 2345 1270 infligere:

1391 1276 1445 1308 sed
1469 1275 1554 1315 quod
1578 1276 1636 1315 ipsi
1661 1276 1764 1315 magis
1788 1275 2038 1316 ignominiosum
2062 1273 2182 1310 suisset,
2207 1272 2246 1303 ab
2269 1272 2347 1312 ipsis

1393 1319 1536 1350 hostibus
1567 1318 1658 1349 serre.
1715 1318 1815 1357 Quasi
1850 1317 1951 1349 dicat:
1991 1316 2040 1348 Ne
2073 1326 2123 1347 me
2158 1316 2246 1347 Deus
2279 1316 2346 1355 ipse

1392 1367 1518 1393 tantum
1539 1372 1597 1392 sua
1627 1372 1725 1392 manu
1757 1361 1878 1401 puniat,
1906 1359 1962 1391 sed
1992 1360 2079 1399 ipsos
2106 1357 2268 1399 improbos
2290 1357 2346 1389 ho·

1393 1405 1494 1436 mines
1517 1410 1549 1435 et
1571 1404 1747 1444 flagitiosos
1779 1403 1951 1435 adversum
1975 1412 2025 1433 me
2050 1402 2195 1437 concitet,
2224 1405 2257 1432 et
2278 1400 2348 1432 illo-

1393 1459 1464 1478 rum
1495 1447 1672 1478 ministerio
1704 1457 1754 1478 me
1784 1446 1966 1483 ulciscatur,
1995 1450 2027 1476 et
2050 1444 2171 1475 maiore
2194 1442 2349 1475 dedecore

1393 1491 1515 1521 obruat.
1557 1490 1663 1521 Deum
1688 1490 1774 1520 enim
1797 1489 1914 1521 scimus
1937 1498 2032 1528 saepe
2054 1487 2093 1518 ad
2117 1486 2349 1526 suppliciorum
2395 1503 2402 1510 -

1368 1534 1585 1573 ¹gravitatem
1626 1532 1763 1564 adiicere
1804 1531 1940 1563 dedecus
1979 1536 2011 1562 et
2050 1529 2273 1571 ignominiam,
2313 1535 2350 1560 ut

1394 1580 1576 1616 peccatores
1615 1575 1719 1616 magis
1756 1585 1792 1606 ac
1834 1574 1937 1615 magis
1976 1573 2196 1605 humilientur.
2252 1571 2350 1604 Multi

1396 1619 1481 1650 enim
1511 1619 1584 1649 forti
1618 1619 1725 1650 animo
1758 1618 1914 1658 quaedam
1949 1616 2087 1648 adversa
2128 1615 2211 1646 ferre
2245 1614 2350 1655 parati

1397 1668 1480 1697 sunt,
1515 1660 1608 1693 modo
1638 1662 1840 1693 fortunarum
1871 1665 1996 1691 tantum
2028 1660 2184 1690 iacturam
2210 1657 2349 1698 aliquam

1396 1705 1515 1736 faciant
1541 1710 1597 1735 aut
1626 1705 1657 1735 in
1689 1704 1877 1744 corporibus
1908 1702 2027 1742 aliquid
2059 1702 2128 1732 sine
2157 1700 2351 1732 contumelia

1396 1754 1428 1779 et
1450 1747 1625 1788 ignominia
1649 1747 1822 1786 patiantur,
1852 1746 1968 1786 quibus
1994 1744 2130 1776 dedecus
2160 1750 2192 1774 et
2214 1743 2350 1784 ignomi-

1398 1791 1482 1821 niam
1506 1790 1590 1821 ferre
1613 1789 1730 1821 durum
1754 1795 1802 1820 est
1825 1794 1856 1819 et
1879 1786 2089 1819 intolerabile.
2134 1786 2228 1818 Hanc
2251 1786 2352 1827 igitur

1397 1833 1436 1864 ob
1459 1843 1585 1864 causam
1610 1832 1717 1863 David
1742 1832 1800 1863 1100
1824 1831 1890 1862 1000
1921 1829 2110 1862 nominatim
2135 1829 2282 1860 meminit
2304 1829 2352 1860 ul-

1398 1877 1493 1907 tionis
1522 1875 1650 1906 divinae
1685 1886 1742 1915 per
1776 1884 1907 1906 manum
1941 1873 2144 1905 inimicorum
2178 1871 2351 1903 faciendae.

1398 1919 1499 1949 Porro
1519 1918 1594 1950 hinc
1614 1919 1710 1949 etiam
1733 1916 1960 1958 colligendum,
1982 1915 2052 1947 Deo
2071 1915 2189 1946 nostris
2208 1914 2354 1946 hostibus

1398 1961 1485 1992 illam
1510 1961 1542 1991 in
1565 1971 1622 1992 nos
1642 1966 1830 2001 potestatem
1849 1959 1956 1997 dante,
1979 1969 2036 1989 nos
2058 1957 2155 1989 officii
2177 1957 2353 1995 admoneri,

1400 2011 1550 2043 tanquam
1581 2004 1607 2035 si
1631 2003 1823 2035 sententiam
1855 2003 1923 2042 ipse
1952 2000 2124 2032 adversum
2154 2010 2212 2031 nos
2241 1998 2352 2031 ferret.

1400 2046 1482 2077 Nam
1507 2046 1695 2078 afflictiones
1718 2056 1798 2086 quas
1822 2045 1913 2076 nobis
1934 2044 2024 2075 Deus
2047 2042 2201 2080 immittit,
2230 2042 2258 2074 si
2286 2052 2353 2074 non

1400 2090 1588 2121 coniunctae
1618 2095 1693 2120 sunt
1715 2099 1787 2120 cum
1812 2087 1962 2119 dedecore
1992 2090 2049 2117 aut
2071 2085 2255 2124 ignominia,
2285 2084 2354 2117 loco

1401 2139 1475 2163 sunt
1505 2139 1630 2163 tantum
1661 2131 1797 2163 mulctae
1825 2129 1989 2161 cuiusdam
2022 2128 2060 2160 ab
2091 2129 2159 2167 ipso
2183 2126 2275 2158 nobis
2296 2128 2354 2159 im-

1402 2175 1531 2215 positae.
1576 2174 1639 2207 Sed
1668 2183 1764 2213 quum
1789 2173 1828 2203 ad
1857 2171 2047 2204 afflictiones
2074 2169 2210 2202 dedecus
2233 2171 2354 2204 accedit.

1403 2225 1433 2248 et
1456 2218 1639 2257 ignominia,
1673 2217 1760 2247 Deus
1791 2214 1932 2246 ostendit
1962 2225 2023 2245 non
2055 2213 2140 2244 leves
2168 2214 2306 2245 offensas
2335 2225 2355 2246 a

1404 2261 1492 2291 nobis
1521 2260 1691 2291 admissas:
1723 2257 1776 2289 sed
1806 2258 1970 2299 graviores
2000 2266 2079 2297 quas
2109 2255 2234 2296 publica
2263 2257 2355 2296 igno-

1405 2303 1501 2333 minia
1535 2303 1641 2342 puniri
1683 2311 1810 2332 necesse
1843 2301 1885 2332 sit
1925 2300 1958 2331 in
1992 2299 2126 2330 aliorum
2161 2298 2354 2339 exemplum.

1405 2345 1500 2377 Utilis
1533 2355 1610 2376 sane
1642 2343 1788 2375 doctrina
1817 2343 1896 2375 haec
1927 2347 1975 2374 est
2005 2352 2044 2373 ex
2078 2341 2138 2373 hoo
2167 2341 2235 2374 1000
2265 2343 2357 2375 nobis

1404 2387 1552 2425 eruenda,
1583 2393 1615 2419 et
1643 2388 1676 2418 in
1706 2396 1798 2418 usum
1829 2390 1975 2417 nostrum
2004 2383 2227 2416 convertenda.
2271 2384 2355 2417 Nam

1405 2430 1470 2460 fere
1501 2431 1652 2470 improbis
1685 2435 1718 2460 et
1745 2428 1912 2469 flagitiosis
1942 2427 2125 2459 hominibus
2155 2427 2186 2458 in
2217 2437 2274 2459 nos
2303 2438 2356 2468 po-

1406 2478 1552 2503 testatem
1576 2480 1608 2504 ct
1629 2472 1805 2503 dominium
1834 2470 2066 2507 exercentibus,
2097 2469 2304 2510 indignamur
2326 2476 2358 2502 et

1406 2515 1504 2545 veluti
1536 2515 1685 2546 dentibus
1718 2514 1904 2545 frendentes
1941 2513 2096 2544 adversus
2130 2512 2236 2544 Deum
2268 2512 2356 2544 oblo-

1405 2557 1533 2597 quimur
1563 2565 1594 2588 et
1624 2558 1826 2590 altercamur.
1877 2555 1985 2595 Quare
2014 2555 2103 2587 Deus
2130 2555 2217 2586 111100
2238 2554 2358 2596 impro-

1406 2600 1481 2631 bum
1505 2601 1538 2630 in
1562 2611 1613 2631 me
1636 2600 1835 2631 dominatum
1860 2598 1978 2630 habere
2000 2596 2183 2638 permittit?
2206 2607 2265 2629 cur
2287 2597 2357 2630 istis

1407 2642 1546 2674 habenas
1575 2642 1614 2673 ad
1644 2653 1695 2674 me
1717 2640 1904 2674 vexandum
1926 2639 2036 2672 laxat?
2077 2640 2174 2672 Mene
2196 2640 2358 2680 perpetuis
