2551 3044
415 227 483 259 -635
1214 226 1316 258 Hom
1323 226 1419 258 [MA
1441 227 1471 258 X
1479 227 1503 257 C
1510 226 1602 258 VIII.
2330 230 2399 262 63ss

423 324 517 361 tibus,
552 331 706 360 suamque
735 320 768 351 in
793 320 860 360 ipso
885 319 1034 351 fiduciam
1059 319 1298 368 collocantibus,
1323 321 1382 351 im—

421 364 510 406 probi
540 369 652 395 contra
683 362 722 393 ad
747 363 946 394 levissimum
971 362 1149 403 strepitum,
1181 362 1230 394 vel
1255 362 1294 394 ad
1317 373 1384 394 mo-

421 414 490 438 tum
515 406 579 437 folii
611 405 782 446 trepidant,
815 410 845 436 et
873 405 1036 445 quiescere
1068 416 1132 435 non
1156 412 1299 445 possunt,
1325 415 1383 437 nee

420 450 524 482 sedari
557 450 699 489 ipsorum
732 454 836 480 metus
866 447 1091 489 periculorum,
1123 458 1203 488 quae
1225 449 1384 489 capitibus
1410 484 1411 490 ἵ

420 493 562 540 ipsorum
594 492 762 522 imminete
793 490 962 529 videntur,
993 502 1058 521 nou
1082 501 1173 522 secus
1204 501 1239 522 ac
1263 492 1288 523 si
1308 502 1383 522 coe-

420 535 487 566 lum
522 535 628 575 ipsum
664 535 696 565 iu
732 535 872 574 ipsorum
897 534 1002 573 capita
1025 538 1207 571 corrueret,

420 577 503 619 quod
536 587 601 607 non
633 583 679 608 est
709 576 888 616 periculum
913 576 1098 608 lormidant.
1143 578 1192 608 Ac
1214 587 1291 608 sane
1315 588 1384 616 spe-

420 621 501 652 ciale
532 620 671 651 filiorum
696 619 757 650 Dei
782 619 987 659 privilegium
1012 627 1058 650 cst
1083 630 1146 660 pax
1170 625 1201 650 et
1224 619 1383 659 tranquil-

421 664 493 694 litas
517 663 707 698 animorum,
732 673 828 702 quam
852 662 890 693 ob
914 672 1043 693 causam
1057 662 1178 693 Paulus
1202 663 1245 693 ait
1271 673 1382 702 pacem

420 706 509 738 illam
541 705 666 736 adferre
698 705 863 736 victoriam
890 705 1040 736 omnibus
1064 706 1223 745 superatis
1247 704 1382 736 difficul-

421 749 549 780 tatibus.

421 792 552 832 quillam
567 797 708 821 mentem
730 801 799 821 esse
816 790 952 830 speciale
973 790 1034 821 Dei
1058 791 1262 831 privilegium
1283 801 1381 830 quum

420 834 460 866 ad
493 845 566 865 eum
603 833 817 874 confugimus,
852 838 884 864 et
912 833 944 864 in
976 834 1045 873 ipso
1076 833 1223 865 fiduciam
1254 843 1381 864 omnem
1408 865 1410 871 .

845 876 968 907 Contra
991 887 1066 908 vero
1089 877 1322 907 contumaciam
1347 886 1383 906 ae
1406 874 1408 880 ⁴

419 920 628 951 rebellionem
648 919 680 949 in
702 919 808 950 Deum
833 918 960 950 adferre
981 920 1080 950 animi
1106 919 1382 959 perturbationem
1408 934 1410 942 v

420 883 564 908 nostram
596 876 799 907 collocamus.

420 969 618 1004 perpetuam,
643 971 777 1002 eamque
790 962 888 992 talem
898 967 1091 1002 tantumque
1111 968 1231 992 metum
1253 962 1382 992 iniicere

419 1005 669 1043 contumacibus,
699 1011 736 1036 ut
766 1005 835 1036 sine
859 1005 1023 1036 occasione
1046 1005 1148 1035 veluti
1173 1011 1279 1035 oestro
1304 1014 1382 1044 quo-

419 1049 492 1080 dam
528 1048 641 1088 perciti
676 1055 706 1079 et
740 1047 833 1078 furiis
867 1048 980 1088 agitati
1013 1048 1176 1088 quiescere
1210 1053 1381 1087 nequeant,

419 1092 488 1123 Deo
502 1091 591 1121 varia
611 1091 735 1122 obiecta
759 1091 917 1130 mittente,
941 1097 976 1121 ut
1001 1101 1157 1130 nusquam
1183 1091 1282 1130 quieti
1308 1100 1382 1121 nus-

420 1145 516 1175 quam
537 1134 595 1164 tuti
617 1144 686 1165 esse
705 1133 836 1173 possint.
862 1133 957 1164 Hanc
976 1134 1014 1164 ob
1039 1144 1167 1164 eausam
1189 1133 1382 1164 nominatim

420 1178 453 1208 in
485 1177 555 1217 lege
579 1176 668 1207 Deus
692 1176 836 1207 minatur
859 1176 926 1206 foro
949 1181 983 1206 ut
1007 1176 1141 1215 improbi
1166 1175 1305 1206 habeant
1329 1185 1384 1207 cor

419 1220 593 1251 tremulum
614 1225 645 1250 et
665 1227 836 1259 quaerant:
862 1218 943 1257 Quis
960 1219 1134 1250 erastinum
1149 1218 1292 1255 reducat,
1312 1218 1383 1258 quis

420 1269 546 1294 noctem
561 1262 699 1293 transire
715 1261 833 1292 faeiat?
859 1261 930 1292 Non
955 1262 1010 1291 abs
1034 1272 1067 1292 re
1093 1261 1192 1301 igitur
1217 1262 1382 1292 immissus

419 1312 469 1337 est
499 1310 608 1336 tantus
632 1304 723 1336 Sauli
755 1314 872 1344 pavor,
909 1304 992 1343 quod
1029 1311 1122 1335 antea
1152 1309 1219 1335 tam
1249 1304 1383 1335 licenter

422 1355 551 1388 tamque
579 1353 770 1388 arroganter
796 1347 898 1377 veluti
924 1347 1004 1377 laxis
1028 1346 1163 1378 habenis
1187 1347 1247 1378 Dei
1272 1347 1382 1385 iugum

419 1392 630 1427 excussisset,
663 1395 695 1421 et
725 1389 785 1419 sibi
816 1389 887 1429 plus
912 1400 1007 1429 quam
1034 1389 1149 1421 licebat·
1172 1390 1382 1430 permisisset.

419 1433 515 1473 Quod
540 1443 618 1463 vero
639 1433 727 1463 Deus
747 1433 809 1462 iam
833 1432 872 1462 ad
896 1433 996 1472 ipsius
1019 1443 1128 1472 preces
1150 1432 1327 1471 obsurduit,
1352 1437 1382 1463 et

419 1485 610 1517 responsum
641 1476 679 1506 ab
709 1476 778 1515 ipso
810 1485 870 1506 nou
897 1476 1025 1514 aceepit,
1056 1476 1171 1506 merito
1193 1476 1295 1516 ipsius
1313 1476 1383 1507 fac-

421 1524 488 1550 tum
506 1523 570 1550 est.

506 1560 599 1600 Quod
637 1566 743 1591 autem
783 1560 900 1591 dicitur
928 1560 1035 1598 Deus,
1072 1571 1175 1601 neque
1203 1572 1260 1601 per
1288 1561 1382 1593 Urim

418 1616 521 1644 neque
555 1614 612 1643 per
645 1603 798 1634 'Phumim
837 1603 883 1633 illi
919 1603 1140 1644 respondisse,
1175 1606 1314 1635 refertur
1343 1604 1383 1634 ad

417 1657 540 1678 morem
564 1646 665 1678 illum.
689 1645 727 1676 de
751 1656 813 1685 quo
837 1646 921 1686 apud
938 1646 1059 1677 Mosem
1085 1647 1118 1677 in
1139 1647 1291 1678 Numeris
1315 1647 1382 1687 agi-

420 1697 489 1728 tur,
518 1699 581 1737 quo
612 1688 733 1720 solebit
757 1688 847 1719 Deus
876 1699 945 1719 sese
970 1689 1131 1729 revelare,
1162 1700 1220 1730 per
1244 1690 1383 1721 visiones

419 1739 451 1764 et
467 1732 591 1763 somnia
613 1731 794 1772 prophetiis
817 1731 988 1763 adiunctis.
1012 1732 1091 1763 Fuit
1113 1740 1222 1763 autem
1245 1732 1381 1773 prophe—

419 1781 523 1807 tarum
559 1775 688 1815 propria
724 1774 806 1804 visio
841 1784 896 1813 per
926 1774 1020 1806 Urim
1055 1783 1086 1805 ct
1115 1775 1267 1806 Thumim
1299 1775 1382 1815 quod

417 1823 549 1860 possent
572 1817 618 1848 illi
643 1818 798 1847 rationem
823 1827 932 1847 eorum
954 1828 1040 1865 quae
1065 1817 1214 1849 viderant
1238 1817 1381 1856 reddere,

419 1871 519 1901 quum
550 1859 603 1891 alii
635 1865 763 1890 tautum
794 1859 826 1890 in
857 1860 990 1891 somniis
1018 1861 1164 1892 riderent
1189 1872 1269 1900 quae
1292 1861 1383 1893 Deus

421 1903 592 1935 revelabat.
638 1902 707 1933 Iam
731 1901 830 1942 igitur
852 1901 930 1933 Saul
956 1902 994 1932 ad
1020 1903 1123 1934 Deum
1148 1904 1322 1941 contendit,
1350 1909 1383 1935 et

421 1954 491 1978 orat
513 1952 548 1976 ut
571 1945 631 1976 sibi
656 1945 821 1984 patefaciat
847 1944 922 1984 quid
948 1945 1030 1975 facto
1054 1946 1094 1976 sit
1118 1957 1206 1986 opus.
1234 1947 1301 1978 sive
1325 1958 1382 1988 per

421 1989 590 2026 somnium.
620 1994 657 2018 ut
687 1997 782 2027 saepe
813 1987 900 2022 alias
931 1988 998 2019 sive
1025 1999 1081 2028 per
1105 1989 1317 2029 prophetiz‚1m
1347 1996 1383 2021 ut

420 2043 482 2063 non
498 2031 630 2062 dubium
651 2031 693 2061 sit
713 2030 791 2070 quin
811 2040 865 2060 eos
884 2030 1092 2063 consuluerit
1116 2033 1169 2070 qui
1195 2032 1381 2081 prophetiae

420 2075 539 2106 donum
569 2073 748 2110 habebant
781 2077 816 2103 ut
844 2073 980 2113 gratiam
1012 2073 1094 2113 apud
1122 2074 1298 2105 Dominum
1323 2076 1382 2106 im-

422 2123 571 2158 petraret
607 2115 788 2156 Prophetas
812 2116 920 2156 igitur,
945 2122 1071 2147 mortuo
1090 2115 1241 2147 Samuele
1264 2129 1381 2149 convo

421 2171 510 2192 casse
524 2159 660 2195 videtur,
684 2159 768 2189 etad
788 2169 950 2189 summum
971 2158 1168 2190 sacerdotem
1188 2160 1282 2190 etiam
1306 2172 1382 2192 eon-

420 2203 541 2243 fugisse
565 2213 625 2242 quo
649 2207 792 2241 spectare
818 2200 946 2232 videtur
969 2202 1023 2232 illa
1048 2212 1112 2232 vox
1135 2202 1237 2233 Urim.
1273 2202 1381 2241 Quare

421 2256 499 2276 vero
524 2245 623 2283 Deus,
645 2245 783 2278 obsecro,
814 2244 905 2274 illum
936 2244 975 2275 ad
1000 2256 1033 2275 se
1057 2245 1293 2285 confugientem
1318 2257 1381 2277 non

422 2288 546 2320 audiit?
589 2288 677 2318 Saue
700 2298 764 2317 non
787 2287 938 2327 apparuit
961 2297 1018 2327 per
1039 2288 1172 2318 somnia.
1219 2287 1380 2326 Quoniam

423 2332 508 2362 enim
533 2330 612 2361 Saul
646 2331 676 2359 in
703 2330 879 2369 pertinacia
902 2341 960 2361 sua
983 2330 1173 2366 oeealuerat‚
1197 2335 1229 2360 et
1252 2331 1283 2361 in
1309 2342 1379 2371 per·
1407 2361 1409 2372 Α

424 2374 545 2405 vic-aeia
569 2372 787 2409 indormierat,
811 2383 910 2412 quare
926 2373 1013 2403 Deus
1036 2383 1104 2403 sese
1128 2372 1174 2403 illi
1187 2372 1379 2405 subiiceret?

423 2427 521 2457 quare
556 2415 600 2446 illi
635 2414 842 2455 responderet
877 2416 928 2455 qui
966 2415 1122 2446 Davidem
1159 2415 1257 2452 ultro,
1287 2416 1381 2447 vnulla

422 2466 612 2500 provocatus
641 2458 767 2494 iniuria,
800 2465 865 2488 tam
897 2458 960 2495 diu,
992 2463 1056 2489 tam
1088 2457 1260 2489 crudeliter
1282 2465 1312 2489 et
1337 2459 1382 2489 in-
1407 2474 1408 2480 ι

416 2503 562 2533 'humane
576 2507 788 2540 persequutus
808 2500 931 2531 fuerat?
957 2501 1087 2531 Deusne
1107 2501 1294 2541 dignaretur
1318 2502 1380 2532 foe-

423 2544 499 2575 dum
521 2543 598 2574 illud
620 2550 649 2574 et
674 2543 820 2583 putidum
845 2554 900 2574 vas
922 2544 1026 2583 gratia
1049 2544 1151 2574 sancti
1175 2543 1224 2575 sui
1249 2544 1380 2583 spiritus

422 2586 590 2618 imbuere?
622 2586 720 2616 nimia
751 2596 828 2617 sane
858 2586 913 2616 illa
939 2586 998 2617 Dei
1019 2586 1174 2616 donorum
1200 2587 1379 2626 profanatio

422 2630 543 2661 fuisset.
571 2629 666 2659 Hanc
688 2629 787 2669 igitur
809 2628 848 2659 ob
871 2639 1000 2660 causam
1027 2630 1114 2660 Deus
1140 2629 1261 2660 vultum
1287 2641 1379 2661 suum

422 2672 529 2703 abillo
549 2671 722 2708 abscondit,
747 2677 777 2702 et
796 2682 814 2702 a
837 2682 871 2702 se
893 2672 992 2703 reiicit
1017 2682 1119 2711 neque
1142 2682 1199 2712 per
1221 2683 1379 2710 somnum,

1250 534 1320 565 ideo
1347 545 1384 564 uo
1410 531 1411 563 Ῐ

1323 545 1342 574 q
1410 610 1411 615 ¹
1437 586 1527 607 suam
1559 578 1744 608 concoxisse
1771 586 1801 609 et
1832 578 1985 608 malitiam
2017 577 2135 610 fovisse
2157 583 2300 618 apparet,
2326 578 2400 610 licet

596 747 748 779 Ostendit
779 747 878 788 igitur
909 747 1031 779 Paulus
1063 749 1203 788 quietam
1233 755 1263 778 et
1295 753 1383 778 tran·
1408 770 1411 776 .

1410 356 1411 367 ἵ
1438 331 1540 360 neque
1569 331 1626 360 per
1656 321 1752 352 aliam
1783 321 1879 353 ullam
1912 322 2067 353 visionem
2098 322 2159 362 ipsi
2191 322 2399 372 respondens.

1437 362 1531 402 Quod
1564 374 1639 394 vero
1663 364 1742 395 Saul
1766 364 1939 404 prophetas
1963 364 2092 396 videtur
2115 365 2283 403 reveritus.
2307 370 2343 398 et
2365 367 2400 398 in

1437 406 1593 446 primis
1574 406 1770 444 Samuelem,
1802 417 1889 438 mera
1915 407 1975 438 fuit
1998 407 2052 438 illa
2072 407 2247 440 simulatio.
2278 408 2398 440 Annon

1437 448 1523 479 enim
1555 447 1711 480 adversus
1735 448 1919 481 Samuelem
1951 450 2171 482 stomachatus
2193 456 2241 483 est
2265 450 2326 482 Dei
2350 451 2398 482 iu-

1437 490 1555 522 dicium
1597 492 1655 532 ipsi
1687 491 1961 524 denunciantem?
2018 492 2086 524 Nae
2119 492 2211 524 illum
2245 498 2400 533 perpetuo

1438 533 1585 564 fraenum
1616 534 1766 566 dentibus
1794 536 1860 566 suis
1890 534 2058 573 arrodisse,
2089 541 2121 566 et
2149 535 2233 576 apud
2259 546 2294 567 se
2316 536 2399 567 iram

1438 619 1514 650 feris
1546 620 1654 651 neseio
1685 630 1780 660 quam
1814 621 1947 651 honoris
1976 626 2009 652 et
2040 622 2238 652 reverentiae
2260 621 2400 661 speeiem

1409 674 1411 699 2
1437 672 1513 702 prae
1547 673 1580 693 se
1610 662 1719 701 ferret,
1749 673 1826 704 erga
1857 674 1930 694 eum
1961 674 2055 703 quem
2077 663 2176 695 nullis
2198 663 2302 695 modis
2321 674 2400 696 con-

1438 711 1580 736 temnere
1605 710 1740 745 poterat,
1764 706 1897 746 ideoque
1921 706 2092 746 iudignum
2117 706 2216 738 fuisse
2238 707 2289 738 cui
2308 706 2400 739 Deus

1438 758 1493 787 per
1517 748 1691 788 prophetas
1713 749 1931 788 responderet,
1955 748 2011 780 sed
2033 759 2052 779 a
2071 748 2132 780 Dei
2155 749 2261 789 gratia
2283 749 2398 781 merito

1436 790 1595 822 excidisse
1615 797 1757 832 apparet,
1782 802 1881 831 quum
1901 791 2091 832 praesertim
2115 797 2249 823 eruenta
2271 791 2326 823 illa
2345 801 2400 824 sa-

1436 833 1600 864 cerdotum
1625 834 1722 865 caede
1745 844 1860 866 manus
1884 834 2058 874 polluisset.
2090 834 2192 865 Porro
2216 834 2307 866 Urim
2326 840 2400 868 terat

1436 877 1468 906 in
1499 876 1692 908 sacerdotali
1723 878 1916 908 vestimento
1945 877 2082 917 insignis
2111 877 2210 917 lapis,
2241 877 2401 918 singulari

1436 919 1574 958 quodum
1605 919 1727 951 lumine
1754 919 1939 960 splendens,
1970 919 2239 960 quemadmodum
2271 926 2303 951 et
2333 921 2401 960 ipsa

1437 972 1499 992 vox
1537 961 1659 994 indicat
1693 973 1774 1002 quae
1808 963 2013 1003 splendorem
2048 963 2216 1001 signifieat.
2270 963 2315 995 Et
2348 963 2402 995 hio

1436 1004 1588 1044 splendor
1608 1004 1722 1044 lapidis
1741 1010 1810 1036 erat
1832 1007 1962 1046 signum
1987 1005 2174 1045 prophetiae
2197 1005 2401 1046 accipiendae

1437 1054 1534 1088 prout
1548 1048 1721 1079 necessitas
1745 1049 1930 1088 postularet,
1954 1049 2025 1080 Deo
2046 1049 2114 1089 ipso
2138 1048 2238 1080 veluti
2260 1049 2403 1080 «micante

1408 1093 1410 1098 ‘
1437 1092 1470 1121 in
1495 1091 1638 1122 tenebris
1661 1091 1695 1121 in
1719 1101 1782 1131 quo
1801 1091 1869 1122 solo
1883 1092 1994 1122 ¹omnis
2019 1091 2173 1130 perfectio
2193 1098 2242 1122 est
2258 1098 2297 1122 -et-
2319 1092 2403 1123 inte-

1436 1133 1548 1174 gritas.
1594 1134 1673 1164 Erat
1704 1140 1810 1164 autem
1841 1133 2014 1166 sacerdotis
2039 1134 2205 1174 proprium
2230 1145 2286 1174 per
2307 1134 2404 1167 :Urim

1435 1182 1465 1207 et
1479 1176 1634 1207 Thumim
1654 1176 1873 1217 inrerrogare:
1896 1177 1923 1208 si
1940 1176 2069 1217 quidem
2087 1187 2233 1208 summus
2253 1176 2402 1208 sacerdos

1437 1225 1505 1250 erat
1520 1219 1654 1250 Domini
1679 1220 1780 1250 nostri
1800 1219 1875 1251 Iesu
1895 1219 2028 1251 Chi-istu
2054 1221 2167 1260 figura,
2191 1230 2271 1260 quae
2294 1226 2403 1252 tamen

1437 1262 1644 1293 revelationis
1674 1262 1779 1302 gratia
1801 1262 1872 1294 aliis
1894 1263 1990 1293 etiam
2015 1262 2237 1294 sacerdotibus
2254 1272 2404 1294 ¹eommu-

1438 1305 1615 1336 nicabatur.
1661 1304 1825 1344 Quantam
1857 1315 1935 1336 vero
1964 1305 2166 1336 sacerdotum
2199 1312 2341 1346 stragem
2371 1308 2404 1336 et

1437 1348 1599 1379 lanienam
1631 1358 1695 1378 uno
1725 1347 1775 1378 die
1807 1347 1884 1379 Saul
1919 1348 2054 1386 fecerat,
2083 1358 2119 1378 ea
2150 1348 2274 1379 ratione
2301 1347 2404 1378 veluti

1436 1390 1498 1421 Dei
1523 1391 1743 1421 sanctuarium
1768 1391 1912 1422 foedarat
1935 1397 1967 1421 et
1989 1390 2143 1422 adversus
2167 1392 2271 1430 ipsum
2296 1390 2403 1422 Deum

1436 1444 1565 1464 summa
1574 1434 1760 1474 arrogantia
1769 1440 1800 1464 et
1813 1439 1999 1482 contemptu
2012 1434 2244 1471 insurrexerat,
2257 1443 2403 1465 omnem·

1437 1487 1497 1516 que
1522 1476 1710 1517 religionem
1732 1477 1907 1517 profligare
1927 1476 2016 1507 visus
2038 1475 2167 1507 fuerat?
2192 1475 2266 1514 Quo
2290 1475 2403 1516 igitur,

1438 1519 1577 1556 obsecre,
1582 1504 1718 1559 ”pudore
1738 1519 1890 1559 profanus
1907 1519 1966 1550 ille
1986 1518 2093 1550 Deum
2117 1518 2305 1550 consulebat
2327 1518 2404 1550 sibi-

1438 1573 1497 1601 que
1518 1562 1567 1593 vel
1587 1573 1642 1602 per
1661 1562 1794 1599 somnia,
1820 1562 1870 1593 vel
1891 1573 1947 1601 per
1969 1561 2150 1593 sacerdotes
2173 1565 2206 1592 et
2223 1560 2403 1610 prophetas

1437 1605 1606 1636 eonsilium
1624 1604 1700 1635 dari
1723 1604 1930 1644 postulabat?
1972 1604 2084 1644 Neque
2107 1605 2193 1635 enim
2218 1614 2274 1643 per
2296 1604 2403 1644 ipsum

1437 1653 1571 1679 steterat
1602 1647 1677 1687 quin
1710 1647 1815 1687 proles
1844 1647 1948 1678 omnis
1979 1646 2201 1684 sacerdotalis,
2229 1647 2403 1687 ipsumque

1437 1689 1654 1721 sacerdotium
1690 1690 1890 1728 aboleretur,
1925 1690 2027 1721 caesis
2061 1689 2300 1728 sacerdotibus,
2334 1688 2403 1723 selo

1438 1733 1617 1765 Abiatbare
1641 1732 1759 1773 elapso,
1791 1734 1882 1765 cuius
1906 1732 2085 1764 ministerio
2105 1731 2268 1764 Davidem
2292 1731 2401 1763 voluit

1438 1776 1527 1808 Deus
1561 1777 1594 1807 in
1625 1776 1759 1807 summis
1789 1776 1852 1807 illis
1883 1775 2143 1813 difficultatibus,
2181 1780 2214 1806 et
2243 1774 2403 1815 angustiis

1436 1819 1542 1859 aliquo
1555 1818 1650 1850 modo
1670 1829 1823 1850 recreare.
1847 1818 1916 1850 Nae
1926 1818 2057 1850 sublato
2075 1817 2262 1856 sacerdotis,
2288 1818 2321 1849 iu
2339 1826 2403 1857 quo

1437 1863 1535 1893 totius
1553 1861 1664 1893 mundi
1683 1862 1771 1893 salus
1790 1862 1946 1897 consistit,
1969 1861 2103 1892 salutari
2125 1860 2268 1898 consilio,
2286 1859 2404 1892 fideles

1436 1915 1548 1935 omnes
1573 1905 1671 1935 variis
1696 1904 1941 1936 difficultatibus
1965 1904 2092 1944 privare
2117 1903 2200 1934 velle
2217 1902 2403 1934 videbatur.

1436 1947 1496 1986 Qu
1492 1959 1509 1978 ιι
1521 1948 1622 1988 igitur
1639 1947 1746 1978 fronte
1764 1947 1943 1988 flagitiosus
1962 1946 2016 1978 ille
2035 1946 2203 1978 eonsilium
2227 1955 2255 1976 8
2260 1945 2401 1978 Domino

1436 1991 1564 2030 petebat
1596 2001 1651 2030 per
1680 1990 1863 2030 prophetas,
1893 2000 1971 2030 quos
1994 1999 2120 2020 summo
2143 1988 2268 2029 flagitio
2283 1997 2402 2019 caesos

1434 2034 1688 2073 profligatosque
1712 2032 1883 2064 voluerat?
1920 2031 1983 2064 Sed
2007 2033 2053 2064 ita
2075 2031 2181 2063 solent
2204 2041 2315 2061 omnes
2339 2029 2403 2061 Dei

1435 2081 1688 2124 contemptores
1724 2076 1778 2115 qui
1815 2082 1984 2115 postquam
2019 2075 2057 2105 ad
2089 2073 2248 2114 quaelibet
2277 2073 2400 2113 flagitia

1435 2119 1575 2149 animam
1598 2119 1803 2158 addixerunt*⁷
1826 2128 1880 2148 ore
1904 2117 2084 2157 impudenti
2108 2127 2170 2147 non
2195 2121 2347 2146 metuunt
2365 2116 2398 2146 in

1435 2163 1562 2202 magnis
1582 2161 1826 2193 difficultatibus
1841 2161 1900 2191 Dei
1921 2160 2076 2191 auxilium
2101 2159 2291 2198 implorare:
2314 2157 2398 2198 quod

1436 2204 1496 2235 nisi
1522 2204 1611 2235 Deus
1642 2215 1680 2235 ex
1712 2204 1852 2243 ipsorum
1883 2203 2016 2234 arbitrio
2047 2201 2208 2238 attulerit,
2233 2206 2399 2242 anguntur

1435 2252 1465 2277 et
1489 2247 1731 2278 stomachantur
1750 2246 1904 2277 adversus
1923 2245 2110 2278 Dominum
2132 2249 2302 2284 querentes
2326 2243 2398 2276 nul-

1434 2289 1501 2319 lum
1525 2300 1595 2320 esse
1614 2288 1697 2329 apud
1710 2289 1816 2319 Deum
1840 2287 2076 2319 misericordiae
2100 2287 2212 2318 locum.
2237 2286 2293 2321 Sie
2315 2285 2399 2319 mul-

1435 2337 1484 2362 tos
1500 2331 1593 2363 hodie
1613 2332 1723 2363 videas
1747 2331 1920 2362 multorum
1946 2330 2141 2369 flagitiorum
2166 2339 2246 2367 reos,
2270 2333 2302 2360 et
2323 2339 2398 2370 gra-

1435 2375 1566 2405 vissima
1596 2374 1754 2414 supplicia
1783 2373 1993 2411 commentos,
2023 2373 2047 2403 si
2082 2372 2131 2403 vel
2155 2371 2253 2403 verbo
2275 2372 2398 2403 crimen

1436 2418 1606 2454 fateantur,
1638 2423 1668 2448 et
1692 2416 1840 2447 nonnihil
1866 2416 2096 2456 lacrymentur,
2122 2415 2307 2446 existimare
2330 2424 2397 2445 ma-

1435 2470 1533 2499 gnam
1565 2459 1624 2491 sibi
1656 2459 1806 2490 iniuriam
1831 2459 1909 2493 fieri.
1943 2458 2005 2489 nisi
2029 2458 2138 2489 statim
2162 2457 2296 2488 crimine
2319 2456 2396 2488 libe-

1434 2509 1546 2532 rentur
1576 2509 1607 2533 et
1636 2501 1856 2533 absolvantur.
1901 2500 1995 2540 Quod
2020 2500 2110 2533 Sauli
2141 2500 2314 2541 contigisse
2337 2499 2396 2532 hoc

1434 2543 1501 2575 loco
1526 2544 1681 2579 videmus,
1706 2555 1803 2583 quum
1832 2544 2008 2575 effraenata
2032 2543 2170 2584 quadam
2194 2542 2396 2583 impudentia

1434 2586 1580 2618 divinum
1607 2586 1770 2618 oraculum
1797 2597 1852 2626 per
1877 2586 2050 2626 prophetas
2073 2585 2294 2618 sciscitabatur
2317 2595 2396 2625 quo-

1432 2639 1505 2660 rum
1519 2635 1626 2661 tamen
1646 2630 1802 2669 sanguine
1821 2640 1936 2660 manus
1955 2629 2107 2666 foedarat,
2132 2633 2167 2660 ut
2189 2638 2253 2660 non
2277 2628 2395 2660 mirum

1432 2672 1475 2703 sit
1505 2682 1560 2712 spe
1588 2683 1646 2703 sua
1677 2672 1767 2703 illum
1797 2672 1964 2704 excidisse.
2016 2672 2088 2704 Hoc
2119 2672 2217 2712 igitur
2246 2669 2393 2711 exemplo

2521 2023 2536 2049 -t,
2523 1849 2537 2005 ..an-“¹⁹-
2526 1820 2530 1831 -

2521 2589 2527 2596 .
2510 2476 2535 2579 ῙΜἊὮ,
