2551 3044
390 226 453 259 615

391 321 624 361 integritatem,
656 318 780 350 nullum
805 318 904 350 animi
935 318 1105 352 candorem
1129 329 1199 351 esse
1223 319 1358 351 videant

392 365 423 395 in
455 365 493 394 iis
524 363 579 402 qui
610 361 766 393 adversus
790 361 898 392 Deum
927 367 958 392 et
982 362 1083 402 ipsius
1106 362 1273 394 ecelesiam
1297 373 1357 403 pu-

392 414 503 447 gnant,
519 415 614 445 quam
631 405 657 435 si
674 411 804 445 possent
818 410 872 435 tan
897 406 1083 444 quamferae
1112 404 1232 437 bestiae
1256 405 1356 436 lania-

392 455 473 484 rent.
499 459 598 488 quum
625 447 706 478 nibil
732 447 791 478 nisi
815 447 1009 487 sanguinem
1033 448 1155 485 sitiant,
1179 454 1212 479 et
1233 448 1260 480 si
1284 459 1356 488 pos-

391 498 467 523 sunt
480 501 537 532 pro
551 490 673 521 viribus
686 489 842 530 impedire
861 500 901 521 ne
923 490 1028 530 prima
1047 500 1172 530 quaque
1191 491 1357 523 occasione

390 534 437 566 illi
468 535 501 564 in
533 534 677 565 incautos
707 534 861 570 saeviant,
891 538 923 563 et
953 533 992 563 ad
1021 533 1190 573 ingenium
1213 533 1356 571 redeant,

391 575 662 618 quemadmodum
699 575 830 607 Saulem
864 574 978 607 secisse
1016 575 1172 607 videmus.
1229 576 1356 608 Graves

393 619 521 661 quidem
556 619 658 650 fateor
692 619 823 650 fuerunt
859 617 997 650 Davidis
1031 619 1240 657 tentationes,
1271 619 1354 660 quod

392 663 493 695 semel
527 668 623 702 atque
653 662 771 693 iterum
796 660 928 693 Saulem
960 660 1158 693 infidelitatis
1182 663 1299 703 arguit.
1325 668 1356 693 et

393 705 602 737 nihilominus
637 703 772 736 eandem
802 704 1019 736 conditionem
1048 714 1175 744 semper
1204 708 1357 745 expertus

393 753 451 787 est,
480 754 607 779 coactus
638 747 726 778 illius
755 746 945 778 infidelitate
970 747 1068 778 vitam
1093 747 1239 784 tolerare,
1265 747 1357 778 modo

394 792 429 823 in
449 798 542 822 antro
555 797 585 821 ct
604 790 768 830 spelunca,
791 790 884 820 modo
904 790 1002 820 etiam
1025 790 1088 827 siti,
1112 790 1205 828 fame,
1230 791 1358 830 frigore,

395 841 495 871 aestu,
509 833 619 865 multis
639 833 776 873 denique
789 833 928 864 miseriis
947 838 978 864 et
991 832 1219 864 afflictionibus
1243 833 1358 873 agitari

395 883 428 909 et
456 876 573 917 urgeri.
626 876 713 907 Hinc
744 876 851 916 itaque
881 875 1043 907 discamus
1071 875 1142 907 Deo
1171 886 1229 907 nos
1261 875 1359 906 variis

395 918 634 951 calamitatibus
662 924 694 950 et
723 918 951 950 afflictionibus
974 924 1154 957 exercente,
1177 925 1207 950 et
1231 928 1359 949 omnem

395 963 537 994 laetitiae
561 962 728 993 materiam
753 961 846 993 nobis
868 961 1043 999 auferente,
1067 971 1132 992 non
1156 961 1227 992 ideo
1251 968 1359 992 tamen

395 1007 539 1037 animum
571 1004 785 1044 despondere,
817 1009 849 1035 et
872 1003 911 1035 ab
933 1004 1037 1036 officio
1063 1004 1195 1043 resilire,
1227 1003 1280 1035 sed
1302 1013 1360 1044 po-

397 1050 461 1080 tius
491 1048 565 1079 inde
597 1048 796 1079 occasionem
827 1057 940 1087 capere
970 1046 1009 1077 ad
1041 1046 1146 1077 Deum
1181 1057 1252 1078 cum
1283 1057 1361 1077 vera

395 1091 594 1132 poenitentia
627 1101 684 1122 nos
718 1089 943 1127 convertendi,
977 1094 1010 1120 et
1040 1089 1177 1121 Davidis
1211 1089 1360 1130 exemplo

395 1145 453 1166 nos
483 1135 517 1165 in
541 1133 656 1164 mediis
679 1132 909 1164 afflictionibus
932 1132 1131 1164 consolandi.
1177 1132 1265 1163 Rara
1289 1132 1360 1172 qui-

395 1177 477 1215 dem,
501 1177 610 1212 fateor,
631 1176 745 1216 virtus,
768 1175 824 1207 vix
848 1175 934 1206 enim
956 1186 1056 1206 unum
1081 1186 1121 1206 cx
1145 1174 1287 1206 millibus
1309 1185 1360 1206 re-

390 1221 496 1261 perias
509 1220 564 1259 qui
578 1219 806 1250 afflictionibus
825 1218 938 1249 multis
958 1217 1102 1257 obrutus,
1127 1228 1191 1248 non
1216 1218 1361 1258 graviter

390 1268 616 1303 conqueratur,
648 1266 680 1293 et
711 1262 855 1292 animum
880 1260 1095 1300 despondeat:
1127 1261 1180 1291 hic
1202 1260 1288 1291 enim
1314 1260 1361 1291 ait

391 1318 425 1338 se
455 1316 495 1337 ex
526 1316 588 1345 quo
618 1304 826 1345 evangelium
856 1304 1025 1343 amplexus
1049 1308 1107 1340 est,
1139 1303 1231 1335 miris
1254 1303 1359 1334 modis

392 1353 548 1381 vexatum
582 1348 694 1379 fuisse:
742 1347 796 1378 ille
832 1357 907 1378 vero
944 1347 1061 1377 mirum
1097 1356 1167 1377 esse
1209 1346 1360 1377 clamabit

392 1391 516 1424 nullam
530 1391 598 1422 dari
613 1390 738 1422 miseris
751 1390 902 1430 quietem,
925 1399 1022 1429 quum
1037 1388 1232 1420 adversariis
1250 1393 1359 1420 tamen

393 1435 503 1466 omnia
544 1444 585 1465 ex
618 1433 716 1464 animi
753 1433 913 1463 sententia
947 1438 978 1463 et
1021 1431 1153 1463 libidine
1187 1432 1360 1464 succedere

393 1477 575 1513 videantur,
611 1485 646 1507 ac
667 1475 800 1516 proinde
819 1480 929 1515 optare
953 1479 988 1506 ut
1009 1474 1106 1513 Deus,
1128 1475 1154 1506 si
1178 1484 1244 1506 non
1267 1485 1359 1514 pror-

393 1531 448 1553 sus
478 1519 617 1550 similem
648 1529 720 1550 cum
753 1518 946 1550 adversariis
980 1517 1212 1556 conditionem,
1244 1518 1359 1549 saltem

393 1563 535 1603 aliquam
559 1561 722 1593 concedat.
769 1561 836 1592 Nos
860 1571 937 1591 vero
960 1561 1127 1591 affectibus
1152 1561 1270 1592 nostris
1293 1571 1360 1592 mo-

394 1605 500 1637 derari
531 1605 701 1641 discamus⁷
731 1609 763 1634 et
787 1603 861 1635 lieet
884 1603 924 1634 ab
947 1603 1084 1634 inimicis
1108 1603 1223 1643 quibus
1246 1613 1361 1644 peper-

395 1649 535 1681 cerimus
560 1648 670 1687 inique
683 1651 858 1678 tractamur
877 1651 910 1677 et
928 1646 1117 1683 cruciemur,
1138 1657 1177 1677 ne
1190 1651 1362 1687 propterea

396 1697 505 1723 tamen
529 1699 672 1729 unquam
696 1699 714 1720 a
730 1689 792 1721 Dei
816 1689 1023 1721 invocatione
1047 1688 1281 1727 dimoveamur,
1305 1689 1361 1720 sed

395 1734 558 1775 patienter
582 1732 718 1764 iniurias
741 1732 882 1764 ferentes
915 1732 1019 1763 officio
1043 1736 1153 1763 nostro
1176 1732 1363 1772 fungamur,

396 1782 428 1809 et
465 1776 604 1808 inimicis
638 1776 758 1806 nostris
788 1774 854 1806 alta
883 1775 990 1815 quiete
1020 1774 1202 1806 fruentibus
1232 1775 1363 1806 interim

397 1829 512 1860 aquam
532 1819 701 1859 angustiae
717 1818 827 1849 bibere
851 1828 891 1849 ne
915 1827 1011 1858 aegre
1034 1817 1190 1848 feramus:
1213 1817 1364 1857 quemad-

398 1862 530 1894 modum
542 1861 603 1892 hoe
617 1861 685 1893 loco
698 1860 860 1892 Davidem
874 1860 1022 1891 videmus
1034 1860 1095 1891 iter
1108 1870 1201 1891 suum
1215 1860 1365 1899 abivisse,

399 1916 464 1937 non
477 1905 542 1936 alta
561 1904 668 1944 quiete
687 1909 719 1935 et
743 1903 980 1944 tranquillitate
1002 1902 1189 1940 fruiturum,
1212 1903 1266 1935 sed
1291 1914 1364 1935 eum

400 1948 492 1980 novis
522 1946 767 1979 difficultatibus
799 1946 1006 1982 luctaturum,
1037 1950 1068 1976 et
1093 1953 1246 1986 tanquam
1269 1946 1365 1978 mise-

400 2001 474 2023 rum
493 1996 525 2022 et
543 2000 682 2031 egenum
702 1990 872 2029 patriaque
894 1993 1056 2020 extorrem
1080 1988 1194 2019 duram
1218 1994 1250 2019 et
1273 1999 1365 2029 aspe-
1390 1996 1391 2014 ³

400 2044 471 2065 ram
499 2034 601 2064 vitam
631 2038 791 2064 acturum.
837 2031 957 2063 Gravis
984 2041 1062 2063 sane
1093 2037 1123 2062 et
1155 2031 1366 2063 intolerabilis

400 2077 458 2109 illa
488 2076 658 2107 videbatur
688 2075 845 2113 conditio,
875 2080 908 2106 et
938 2084 1011 2106 eum
1042 2074 1076 2105 in
1110 2074 1365 2114 desperationem

402 2119 597 2156 coniectura,
621 2118 677 2150 sed
690 2118 843 2158 quoniam
858 2117 892 2148 in
907 2116 977 2148 Deo
996 2127 1085 2157 spem
1105 2127 1196 2148 suam
1217 2118 1366 2157 reposuit,

403 2168 435 2194 et
457 2162 491 2193 in
515 2172 552 2193 eo
575 2172 645 2193 sese
669 2161 852 2193 consolatus
873 2164 932 2197 est,
962 2159 1080 2191 idcirco
1103 2159 1253 2190 miseram
1277 2160 1366 2190 illam

403 2204 619 2237 conditionem
639 2204 802 2243 patienter
825 2203 908 2241 tulit,
932 2213 992 2234 nec
1010 2213 1044 2234 se
1057 2202 1159 2234 voluit
1175 2202 1283 2234 Saulis
1297 2213 1368 2242 per-

404 2247 501 2279 fidiae
513 2247 727 2279 committere.
752 2246 832 2278 Saul
853 2256 930 2277 vero
953 2251 1067 2277 contra
1089 2246 1122 2276 in
1146 2245 1249 2276 locum
1274 2256 1367 2276 suum
1393 2249 1395 2277 Γ

405 2301 558 2322 reversus
581 2293 638 2326 est,
662 2294 694 2321 et
713 2289 810 2321 rebus
830 2288 1012 2328 tranquillis
1039 2293 1070 2319 et
1092 2288 1211 2328 paratis
1235 2298 1312 2319 usus
1336 2288 1369 2318 in
1394 2294 1395 2299 ¹

406 2333 509 2374 pretio
532 2337 565 2364 et
587 2332 709 2363 honore
722 2333 782 2363 suit
801 2331 888 2372 apud
911 2331 1057 2363 subditos
1079 2330 1190 2362 multis
1213 2330 1370 2362 militibus
1395 2359 1397 2375 ζ

406 2376 554 2416 stipatus,
578 2385 656 2415 quos
679 2375 892 2414 obsequentes
914 2374 954 2405 ad
978 2374 1065 2405 iussa
1088 2374 1210 2405 habuit.
1234 2374 1286 2405 Ex
1309 2384 1371 2413 quo

407 2419 577 2454 discamus.
602 2417 748 2449 hostibus
769 2417 888 2448 nostris
906 2417 1002 2448 rebus
1025 2416 1174 2448 secundis
1196 2417 1370 2452 utentibus

408 2466 441 2493 et
464 2461 533 2492 Deo
562 2461 648 2501 ipsos
679 2461 777 2492 veluti
802 2461 988 2491 fortunante
1011 2469 1076 2490 non
1101 2459 1171 2491 ideo
1194 2463 1301 2491 tamen
1326 2460 1373 2490 in-

409 2505 545 2544 dignari,
578 2513 637 2534 nec
659 2503 803 2534 animum
827 2502 1043 2543 despondere:
1069 2502 1125 2534 sed
1149 2507 1257 2533 tamen
1280 2506 1373 2534 caute

408 2547 551 2587 ipsorum
575 2546 715 2577 furorem
740 2551 772 2577 et
793 2546 967 2577 amentiam
987 2545 1140 2585 effugere,
1163 2549 1196 2576 et
1218 2554 1284 2576 uno
1306 2554 1373 2575 mo-

410 2595 521 2621 mento
539 2589 644 2620 fumos
663 2589 848 2620 evanituros
871 2592 1088 2626 contemnere,
1111 2593 1144 2620 et
1167 2597 1374 2628 quoscunque

411 2642 504 2663 casus
523 2631 563 2663 ad
587 2641 645 2662 nos
664 2631 879 2671 explorandos
901 2631 990 2662 Deus
1009 2630 1190 2668 immiserit,
1214 2630 1375 2671 patienter
1399 2643 1401 2655 l

412 2674 504 2711 serre,
529 2674 627 2705 donec
641 2674 775 2714 ipsemet
790 2674 929 2705 laetitiae
948 2673 1116 2705 materiam
1137 2673 1230 2705 nobis
1252 2673 1374 2705 offerat.

1203 224 1406 258 HOMILIA
1429 225 1573 257 XCVII.

2316 227 2379 260 616

1411 321 1494 352 Nam
1528 326 1711 361 opportuno
1741 326 1883 361 tempore
1915 320 2005 352 Deus
2039 331 2170 353 suorum
2201 322 2311 355 fletum
2346 328 2379 356 et

1410 364 1572 404 lacrymas
1597 363 1629 394 in
1654 373 1813 395 summam
1838 363 2004 402 laetitiam,
2035 363 2177 396 hostium
2201 375 2278 397 vero
2301 376 2378 407 gau-

1410 406 1496 437 dium
1513 413 1544 437 et
1557 406 1746 438 felicitatem
1764 406 1797 437 in
1819 406 1963 437 dentium
1983 406 2153 439 stridorem
2173 413 2206 438 et
2229 408 2377 440 ultimum

1409 449 1547 480 exitium
1573 449 1720 481 mutabit.

1494 491 1563 522 Iam
1589 502 1666 523 vero
1690 492 1775 533 agite
1798 493 1848 524 etc.

1674 656 1919 696 HOMILIA
1944 654 2113 695 XCVII.

1759 732 1856 764 eAP.
1882 732 2031 764 xxvn.

1497 819 1525 850 1.
1540 818 1584 850 Et
1595 818 1642 849 ait
1652 817 1761 850 David
1779 819 1813 849 in
1833 819 1922 851 eorde
1943 828 2017 850 suo:
2038 818 2222 858 Aliquando
2243 820 2381 852 incidam

1411 872 1475 893 una
1497 862 1548 894 die
1570 862 1602 892 in
1625 871 1737 893 manus
1756 860 1852 893 Saul:
1873 871 1972 893 nonne
1994 861 2104 894 melius
2126 865 2170 893 est
2194 866 2228 894 ut
2247 863 2380 904 fuyiam,

1412 907 1438 936 et
1467 905 1571 936 salver
1599 904 1634 935 in
1664 907 1746 935 terra
1778 904 2038 944 Philistinoricm,
2068 908 2097 936 et
2125 905 2263 945 desperet
2293 905 2382 946 Saul,

1411 950 1561 987 cessetque.
1572 957 1619 978 me
1630 957 1776 986 quaerere
1787 947 1821 978 in
1842 948 1958 979 cunctis
1978 947 2095 987 finibus
2108 948 2238 979 Israel?
2257 948 2382 990 fuyiam

1412 1000 1480 1031 erqo
1502 1000 1617 1022 manus
1639 990 1716 1021 eius.
1750 990 1779 1021 2.
1795 989 1839 1021 Et
1859 991 1997 1021 surrexit
2016 990 2133 1027 David,
2157 994 2184 1022 et
2205 991 2283 1022 abiit
2304 992 2382 1031 ipse,

1412 1036 1438 1065 et
1460 1033 1593 1064 sexcenti
1614 1033 1678 1064 viri
1699 1043 1768 1064 eum
1790 1043 1833 1070 eo,
1857 1033 1899 1064 ad
1918 1033 2017 1065 Achis
2037 1034 2141 1072 filium
2165 1034 2258 1066 Mace
2279 1043 2380 1075 reyem

1415 1076 1503 1108 Geth.
1527 1076 1555 1108 3.
1569 1075 1611 1107 Et
1634 1075 1783 1107 habitavit
1801 1075 1911 1108 David
1932 1086 2000 1107 cum
2022 1077 2121 1107 Aelzis
2143 1077 2178 1108 in
2203 1076 2290 1114 Geth,
2314 1077 2381 1117 ipse

1412 1122 1441 1151 et
1462 1119 1526 1151 viri
1545 1119 1620 1153 eius,
1645 1118 1694 1149 vir
1710 1121 1736 1150 et
1747 1119 1856 1150 domus
1876 1119 1953 1157 eius,
1977 1119 2085 1150 David
2107 1122 2135 1150 et
2156 1120 2236 1151 duae
2258 1129 2382 1158 uxoreS,

1412 1163 1487 1200 eius,
1510 1162 1685 1194 Aclcinoam
1715 1161 1920 1200 Ieeralzelitis,
1949 1164 1974 1193 el
2002 1162 2136 1202 Abiyail
2165 1172 2244 1194 uxor
2274 1162 2382 1194 Nabal

1414 1204 1560 1237 Carmeli.
1611 1204 1641 1235 4.
1672 1204 1715 1235 Et
1744 1205 1920 1236 nmztiatum
1949 1207 1992 1236 est
2023 1205 2115 1236 Sauli
2143 1206 2224 1244 quod
2251 1205 2382 1247 fuyisset

1412 1248 1522 1280 David
1551 1247 1586 1278 in
1611 1247 1700 1287 Gelli,
1730 1250 1756 1278 et
1784 1258 1843 1279 non
1872 1247 1995 1278 addidit
2022 1248 2105 1279 ultra
2134 1258 2280 1287 quaerere
2301 1258 2382 1280 eum.

1413 1291 1442 1322 5.
1467 1290 1562 1322 Dioeit
1590 1292 1692 1321 autem
1711 1290 1820 1322 David
1849 1289 1892 1320 ad
1913 1289 2027 1322 Aelzis:
2060 1290 2096 1322 Si
2119 1291 2223 1322 inveni
2242 1291 2382 1332 qratiam

1413 1335 1447 1365 in
1477 1333 1574 1365 oeulis
1603 1334 1675 1370 tuis,
1705 1333 1793 1364 detur
1821 1331 1900 1364 mihi
1928 1333 2012 1364 locus
2041 1335 2074 1365 in
2104 1344 2169 1365 una
2193 1334 2316 1365 urbium
2335 1343 2383 1365 re-

1413 1377 1517 1418 gionis
1546 1376 1641 1407 leuius
1669 1378 1703 1406 ut
1732 1375 1864 1407 habitem
1887 1375 1944 1406 ibi.-
1973 1386 2028 1407 cur
2049 1377 2131 1408 enim
2152 1380 2254 1408 manet
2275 1386 2383 1409 servus

1413 1424 1486 1451 tuus
1507 1419 1540 1450 in
1562 1419 1684 1449 civitate
1706 1419 1789 1459 reyz's
1806 1418 1927 1450 tecum?
1951 1419 1979 1449 6.
1993 1418 2091 1450 Dedit
2114 1420 2214 1459 itaque
2236 1420 2265 1451 ei
2282 1419 2383 1452 Achis

1413 1463 1446 1494 in
1475 1463 1526 1493 die
1555 1461 1613 1493 illa
1636 1460 1768 1501 Siceley:
1793 1464 1924 1501 propter
1953 1471 2048 1501 quam
2077 1472 2205 1493 eausam
2232 1463 2316 1502 facta
2339 1463 2383 1494 est

1415 1505 1532 1546 Siceley
1560 1515 1667 1545 reglum
1699 1504 1802 1543 Iuda,
1828 1514 1925 1544 usque
1952 1505 1984 1535 in
2012 1505 2093 1536 diem
2111 1505 2199 1536 hanc.
2244 1505 2273 1537 7.
2305 1505 2383 1536 Fuit

1413 1551 1515 1581 autem
1548 1557 1697 1578 numerus
1729 1547 1852 1579 dierum
1885 1547 1998 1587 quibus
2031 1547 2184 1580 habitavit
2211 1547 2321 1580 David
2349 1548 2384 1579 in

1413 1592 1534 1632 reqione
1547 1590 1799 1627 Philistinae-um,
1819 1593 1952 1630 quatum·
1969 1591 2132 1622 mensium.
2153 1591 2182 1622 8.
2201 1590 2245 1622 Et
2256 1591 2383 1623 adscen-

1414 1635 1460 1667 dit
1471 1633 1590 1669 David,
1612 1636 1639 1665 et
1659 1633 1723 1664 viri
1743 1633 1820 1669 eius,
1843 1635 1869 1664 et
1889 1633 2020 1673 agebant
2034 1634 2174 1674 praedas
2190 1634 2228 1665 de
2242 1634 2385 1673 Gessuri,

1414 1680 1442 1709 et
1471 1677 1508 1708 de
1533 1676 1638 1714 Gerei,
1669 1678 1696 1707 et
1717 1676 1753 1707 de
1774 1676 1975 1707 Amalecitis:
2002 1676 2036 1707 ln·
2063 1677 2144 1708 enim
2161 1677 2246 1717 payi
2267 1676 2385 1708 habitar-

1414 1720 1527 1751 bantur
1557 1719 1592 1751 in
1621 1722 1706 1750 terra
1733 1719 1925 1759 antiquitus,
1955 1719 2095 1750 euntibus
2126 1719 2191 1750 Sur
2218 1729 2315 1760 usque
2342 1719 2385 1751 aa

1414 1765 1530 1794 terram
1562 1762 1708 1803 Aeqypti.
1764 1762 1793 1793 9.
1829 1762 1873 1793 Et
1901 1762 2090 1802 percutiebat
2123 1762 2233 1794 David
2265 1772 2385 1794 omnem

1414 1808 1540 1846 terram,
1569 1815 1622 1837 nec
1644 1805 1837 1845 relinquebat
1863 1805 2012 1836 viventem
2032 1805 2135 1836 virum
2157 1808 2185 1836 et
2205 1805 2384 1837 mulierem:

1415 1849 1581 1889 tollensque
1609 1858 1694 1885 oves,
1723 1850 1751 1879 et
1779 1848 1884 1884 boves,
1916 1850 1943 1879 et
1971 1848 2094 1884 asinos,
2125 1850 2150 1879 et
2179 1848 2326 1886 canwlos,
2357 1850 2386 1880 et

1415 1895 1511 1924 vestes
1533 1890 1746 1926 revertebatur.
1770 1893 1798 1922 et
1817 1890 1954 1922 veniebat
1977 1891 2018 1922 ad
2041 1890 2148 1923 Aeliis.
2179 1891 2227 1922 10.
2252 1890 2385 1923 Dicebat

1416 1938 1518 1967 autem
1542 1934 1572 1965 ei
1582 1933 1695 1965 Aeliis.-
1719 1933 1761 1964 In
1779 1943 1868 1973 quem
1892 1933 2016 1965 irruisti
2033 1933 2146 1965 hodie?
2172 1933 2386 1974 Respondebat

1417 1977 1535 2016 David,
1564 1979 1669 2009 contra
1698 1977 1859 2008 meridiem
1892 1976 2004 2016 Iudae,
2035 1978 2061 2007 et
2089 1979 2196 2009 eontra
2224 1977 2386 2009 meridiem

1419 2020 1579 2058 Ieramed,
1612 2022 1639 2051 et
1671 2022 1776 2051 contra
1808 2019 1969 2051 meridiem
2004 2018 2087 2051 Geni.
2129 2019 2178 2050 11.
2218 2019 2330 2051 Virum
2358 2022 2387 2051 et

1391 2082 1393 2095 2
1417 2064 1576 2095 mulierem
1590 2072 1652 2094 non
1662 2062 1834 2102 vivificabat
1846 2061 1964 2100 David,
1986 2071 2039 2093 nec
2060 2062 2228 2094 adducebat
2249 2063 2284 2094 in
2299 2062 2387 2101 Geth,

1417 2107 1539 2138 dicens:
1567 2105 1615 2136 Ne
1635 2105 1714 2145 forte
1735 2105 1904 2145 loquantur
1926 2105 2077 2136 adversus
2098 2115 2162 2136 nos.
2207 2105 2295 2137 Haec
2313 2105 2386 2144 fecit

1419 2149 1544 2180 David:
1568 2151 1595 2179 et
1613 2147 1667 2180 hoe
1688 2151 1753 2179 erat
1775 2149 1926 2180 decretum
1948 2148 1999 2179 illi
2022 2147 2164 2178 omnibus
2185 2147 2293 2179 diebus
2314 2148 2386 2188 qui-

1419 2192 1475 2223 bus
1497 2191 1649 2223 habitavit
1670 2191 1704 2222 in
1726 2192 1847 2232 reyione
1869 2189 2138 2221 Pkilistlzinormn.
2173 2190 2222 2221 12.
2247 2190 2388 2222 Credidit

1419 2245 1490 2275 erqo
1513 2233 1614 2265 Aeliis
1638 2233 1754 2271 David,
1784 2234 1904 2265 dicens:
1936 2232 2040 2264 Multa
2067 2233 2153 2264 mala
2176 2235 2323 2273 operatus
2344 2235 2388 2265 est

1420 2280 1526 2309 contra
1543 2277 1699 2316 populum
1719 2286 1813 2308 suum
1835 2275 1953 2307 Israel.-
1981 2275 2040 2306 erit
2061 2276 2158 2316 iyitur
2179 2275 2258 2307 mihi
2279 2286 2388 2308 servus

1420 2321 1633 2360 sempiternus.

1509 2414 1617 2446 David
1641 2413 1770 2445 tandem
1790 2413 1901 2445 multis
1919 2413 2093 2444 exantlatis
2112 2412 2284 2450 laboribus,
2308 2412 2390 2444 mul-

1423 2458 1464 2489 tis
1476 2457 1707 2489 difficultatibus
1720 2461 1752 2488 et
1765 2456 1998 2488 tentationibus
2009 2455 2177 2496 superatis,
2191 2454 2321 2487 tandem
2334 2466 2391 2487 ex-

1424 2501 1521 2532 torris
1555 2500 1663 2541 patria
1692 2500 1725 2531 in
1756 2500 1897 2531 alienam
1927 2499 2091 2539 regionem
2118 2499 2230 2539 fugere
2252 2498 2389 2540 cogitur,

1424 2550 1456 2574 et
1469 2554 1544 2574 sane
1564 2543 1758 2585 gravissima
1776 2542 1836 2574 fuit
1859 2543 1944 2573 inter
1965 2551 2077 2572 omnes
2100 2541 2294 2573 tentationes
2317 2541 2390 2580 ista,

1425 2596 1523 2626 quum
1553 2590 1681 2618 coactus
1705 2589 1755 2617 est
1775 2584 1924 2617 exsulare
1946 2590 2034 2616 terra
2057 2594 2152 2624 quam
2171 2584 2262 2616 Deus
2287 2584 2390 2616 Abra-

1425 2628 1514 2659 hami
1533 2629 1668 2669 posteris
1692 2629 1723 2660 in
1748 2627 1980 2660 haereditatem
2004 2631 2221 2659 concesserat:
2246 2632 2283 2658 ut
2307 2626 2390 2658 veri-

1426 2670 1529 2702 simile
1548 2671 1590 2703 sit
1600 2670 1762 2703 Davidem
1782 2671 1842 2702 hoc
1866 2670 2015 2702 exsilium
2038 2671 2108 2710 ipsa
2131 2673 2234 2701 morte
2257 2669 2389 2711 gravius
