2551 3044
166 198 229 229 533

164 294 253 328 sint?
275 295 426 326 Facessat
450 294 548 335 igitur
560 292 678 331 David,
703 296 733 323 et
757 292 832 323 alibi
850 293 969 323 victum
985 296 1128 331 quaerat.

167 337 426 370 Animadvertite
457 347 519 367 non
550 341 674 366 tantum
705 345 853 366 recusare
883 334 1038 365 Nabalem
1065 335 1128 365 Da-

167 381 234 413 vidi
266 380 395 420 victum,
425 378 479 410 sed
506 378 602 409 etiam
626 377 795 409 calumniis
819 382 851 407 et
873 376 1052 416 opprobriis
1075 377 1127 407 obâ€”

167 433 280 455 ruere:
300 422 390 462 quasi
404 421 487 452 dicat
500 420 613 457 Nabal,
638 422 777 459 primum
794 419 898 450 David
919 424 967 450 est
989 420 1128 459 ignotus,

167 472 198 498 et
218 475 298 502 erro,
320 464 436 495 deinde
456 464 545 501 latro,
565 463 618 502 qui
638 462 796 503 fugientes
815 472 924 493 servos
946 471 964 492 a
978 461 1128 492 Dominis

167 508 286 548 excipit
309 511 341 537 et
363 516 471 537 secum
495 505 591 541 ducit,
616 516 678 544 qua
701 504 864 536 calumnia
889 504 977 534 nulla
1000 505 1129 543 gravior

166 561 236 583 esse
258 554 391 590 poterat.
434 547 519 580 Sanc
542 548 609 578 sola
633 547 776 578 beneficii
802 547 959 577 recusatio
984 547 1128 584 molesta,

166 599 198 625 et
235 592 372 632 simplex
413 591 527 621 merito
562 595 687 630 poterat
719 589 948 627 condemnari,
988 589 1128 628 quando-

165 635 294 677 quidem
326 638 393 665 erat
422 643 494 665 cum
524 632 759 673 ingratitudine
783 632 954 662 coniuncta
976 643 1053 671 erga
1076 643 1129 663 eos

163 678 280 719 quibus
311 676 420 707 multis
452 676 612 707 beneficiis
641 674 813 706 devinctus
844 682 921 712 erat,
950 675 1004 706 sed
1029 685 1127 714 quum

163 720 202 752 ad
217 721 305 751 illam
325 719 478 751 accedant
498 729 589 749 voces
608 718 867 753 contumeliosae,
891 723 923 747 ct
946 717 1126 757 probrosae,

165 763 260 804 longe
288 762 420 803 gravius
449 761 488 792 ab
519 762 587 801 ipso
619 766 781 801 peccatum
808 760 878 796 fuit,
910 765 940 791 et
966 760 1069 791 maius
1094 760 1127 790 in

164 806 271 846 ipsum
305 805 427 836 malum
462 804 663 836 accersitum.
722 804 825 844 Negat
859 814 892 834 se
927 803 1028 833 filium
1064 803 1128 833 lsai

165 859 267 887 nosse,
290 848 348 879 etsi
369 848 447 878 satis
466 853 534 878 erat
554 847 636 886 apud
656 857 767 876 omnes
792 845 970 886 vulgatum,
997 844 1127 877 Saulem

164 892 287 922 nullam
319 890 415 921 aliam
438 890 477 921 ob
501 899 627 921 causam
652 889 757 928 ipsum
782 888 932 928 persequi
956 888 1018 919 nisi
1043 888 1127 927 quod

163 933 332 965 succedero
345 932 438 964 Sauli
459 931 595 963 debebat
614 932 646 962 in
666 932 755 971 regia
774 931 940 971 dignitate,
965 935 996 961 et
1022 931 1127 971 ipsum

164 976 299 1008 Saulem
344 976 484 1006 vidimus
520 978 629 1014 aperte
664 974 841 1014 professum
877 984 945 1004 esse
980 984 1013 1004 se
1047 974 1129 1004 scire

164 1019 324 1050 Davidem
349 1023 559 1059 regnaturum
584 1016 667 1056 quod
692 1027 748 1057 per
774 1016 958 1048 Samuelem
985 1017 1072 1047 Deus
1095 1016 1127 1046 id

163 1062 415 1102 pronunciasset.
462 1062 505 1091 At
527 1061 552 1090 si
576 1059 656 1090 Saul
680 1059 830 1090 dominus
854 1064 885 1089 et
908 1070 965 1090 rex
989 1059 1128 1090 Davidis

163 1104 250 1136 istud
281 1104 375 1135 fateri
409 1113 473 1134 non
507 1102 652 1139 erubuit,
688 1107 808 1142 quanto
844 1102 948 1142 magis
982 1101 1127 1132 subditos

160 1148 303 1187 oportuit
332 1146 416 1177 idem
447 1155 630 1186 agnoscere.
676 1145 747 1175 Non
771 1145 876 1184 potuit
900 1145 1000 1185 igitur
1024 1145 1125 1175 Nabal

162 1190 263 1221 ullam
295 1188 534 1220 excusationem
572 1188 751 1228 legitimam
790 1193 987 1227 praetexere.
1041 1187 1124 1218 Nam

161 1232 222 1263 etsi
251 1237 322 1263 erat
350 1231 486 1272 agrestis
516 1236 547 1261 et
570 1231 719 1267 rusticus,
750 1234 782 1261 et
805 1230 973 1260 hominum
998 1241 1126 1261 consor-

163 1276 244 1306 tium
273 1274 416 1315 fugiens:
446 1274 595 1314 ignorare
626 1279 732 1304 tamen
765 1283 827 1303 non
856 1273 961 1312 potuit
983 1273 1066 1313 quod
1091 1274 1124 1303 in

163 1322 230 1349 tota
271 1317 400 1358 regione
433 1316 494 1347 fuit
529 1316 806 1356 vulgatissimum:
848 1326 962 1356 nempe
1004 1315 1123 1346 Davidi

160 1360 357 1401 promissum
387 1370 405 1390 a
429 1359 498 1390 Deo
525 1369 659 1398 regnum
685 1369 741 1399 per
764 1358 873 1389 Saulis
897 1359 1124 1390 ministerium.

161 1403 270 1442 Quare
312 1403 399 1434 enim
433 1401 537 1432 Nabal
570 1401 655 1432 istud
689 1402 795 1441 potius
829 1401 992 1441 ignoraret
1027 1411 1123 1441 quam

158 1446 260 1485 ipsius
291 1456 372 1476 uxor
395 1444 532 1484 Abigail,
561 1455 641 1484 quae
667 1455 701 1475 re
724 1445 793 1484 ipsa
817 1449 969 1475 testatum
992 1444 1067 1475 fecit
1090 1455 1123 1476 se

158 1487 318 1520 Davidem
342 1498 516 1528 agnoscere
539 1491 572 1517 et
595 1487 713 1518 habere
732 1497 790 1528 pro
815 1491 912 1517 uncto
936 1487 1067 1518 Domini
1092 1492 1124 1519 et

157 1541 234 1572 rege
254 1542 321 1568 suo,
346 1531 420 1562 licet
440 1535 546 1560 tamen
566 1529 710 1560 nondum
731 1534 814 1560 esset
833 1531 864 1560 in
888 1531 997 1570 regiae
1020 1530 1120 1571 digni-

158 1574 236 1605 tatis
277 1574 511 1614 possessionem
552 1572 677 1604 missus.
736 1572 823 1603 Hinc
857 1572 958 1613 igitur
991 1577 1123 1613 apparet

157 1616 313 1648 Nabalem
338 1616 399 1656 ipsi
412 1615 482 1646 Deo
503 1615 591 1646 velut
614 1615 801 1652 insultasse,
826 1620 857 1645 et
881 1615 965 1646 ultro
988 1617 1122 1655 promis-

157 1659 263 1690 siones
296 1660 395 1699 ipsius
429 1657 642 1689 conculcasse.
696 1659 739 1689 Et
772 1658 832 1689 hac
866 1659 991 1689 ratione
1021 1660 1121 1699 ipsius

156 1702 306 1742 impietas
347 1701 450 1741 magis
485 1711 520 1732 ac
556 1700 658 1741 magis
692 1701 848 1740 apparuit.
908 1701 992 1732 Nam
1027 1707 1122 1732 antea

157 1745 285 1785 quidem
316 1743 378 1775 Dei
413 1748 614 1783 contemptor
645 1743 734 1775 visus
764 1744 869 1775 fuerat
898 1749 930 1774 et
960 1745 1122 1784 profanus,

157 1787 278 1819 Davidi
299 1796 449 1818 recusans
473 1786 696 1817 liberalitatem
721 1796 817 1826 quam
841 1787 880 1817 ab
904 1788 971 1827 ipso
994 1788 1121 1827 flagita-

158 1831 219 1861 bat.
255 1829 319 1861 Sed
339 1830 404 1860 iam
423 1829 525 1859 multo
545 1829 648 1869 magis
671 1840 739 1860 sese
763 1828 868 1869 prodit
890 1840 988 1869 quum
1012 1835 1121 1870 aperte

157 1873 375 1904 calumniatur
415 1882 489 1903 eum
524 1881 619 1911 quem
654 1871 743 1903 Deus
779 1882 888 1912 regem
923 1872 1119 1913 designarat.

155 1915 225 1946 Nae
255 1916 300 1947 sic
330 1914 499 1946 videbatur
529 1914 613 1945 velle
636 1914 698 1945 Dei
728 1915 973 1954 promissionem
998 1916 1121 1946 exstin-

155 1969 263 1999 guere,
288 1963 320 1989 et
342 1958 467 1988 irritam
491 1957 595 1988 facere
620 1967 715 1997 quam
736 1956 825 1988 Deus
848 1959 1008 1989 unctionis
1032 1958 1121 1989 illius

156 2005 358 2032 sacramento
381 2005 484 2030 ratam
508 2000 638 2032 fecerat.
678 2000 765 2031 Hinc
789 1999 942 2031 discimus
966 2000 1119 2041 quidquid

155 2053 174 2074 a
199 2044 267 2075 Deo
297 2048 345 2074 est
377 2043 499 2073 honore
530 2041 636 2073 debito
660 2043 825 2082 prosequi:
858 2049 889 2073 et
912 2043 995 2074 dona
1018 2045 1119 2084 ipsius

156 2096 235 2126 quae
265 2087 298 2116 in
322 2085 507 2116 hominibus
531 2085 638 2117 lucent
661 2086 772 2126 magni
796 2090 831 2116 ut
854 2096 911 2125 par
934 2091 982 2117 est
1005 2087 1118 2118 facere.

155 2128 238 2160 Nam
276 2129 301 2160 si
331 2128 421 2159 Deus
449 2128 589 2167 aliquem
621 2128 714 2159 donis
745 2128 811 2159 suis
841 2129 1002 2168 insignem
1034 2130 1117 2167 fecit,

156 2175 188 2202 et
216 2172 248 2202 in
279 2171 384 2211 aliquo
412 2171 542 2201 homine
572 2181 640 2202 esse
671 2171 788 2207 voluit,
815 2176 846 2201 et
876 2172 992 2211 aliquis
1016 2172 1117 2203 dicat:

156 2213 276 2254 Ecquis
309 2224 385 2244 vero
416 2213 477 2244 iste
506 2213 576 2244 est?
612 2213 754 2254 profecto
785 2214 887 2245 lucem
912 2214 945 2245 in
969 2214 1117 2246 tenebras
1142 2229 1143 2236 Â¹

155 2262 340 2288 convertere
368 2256 492 2296 Deique
513 2256 596 2287 dona
620 2267 701 2296 quae
721 2256 841 2288 nostris
860 2257 960 2288 oculis
988 2258 1117 2289 subiicit

155 2300 370 2340 exstinguere,
393 2303 425 2329 et
447 2299 574 2330 abolere
598 2299 682 2330 velle
705 2299 867 2330 videbitur
900 2300 1033 2331 Nabalis
1057 2301 1114 2341 igi-

155 2346 208 2373 tur
237 2342 422 2382 exemplum
451 2341 542 2373 nobis
569 2342 704 2382 proponi
731 2342 871 2373 sciamus
901 2342 941 2373 ad
972 2348 1115 2375 nostram

156 2384 377 2423 eruditionem,
401 2390 437 2415 ut
457 2395 664 2424 quoscunque
677 2384 769 2415 Deus
788 2384 827 2415 ad
847 2386 985 2425 aliquem
1011 2386 1116 2427 digni-

155 2427 230 2458 tatis
259 2427 395 2466 gradum
423 2427 561 2465 vocaritâ·
591 2427 708 2458 debitis
738 2427 915 2459 honoribus
939 2429 1115 2461 afficiamus

156 2479 195 2500 ne
206 2469 267 2508 ipsi
281 2470 349 2501 Deo
362 2470 520 2507 resistere,
541 2475 570 2501 et
590 2471 801 2501 constitutum
821 2470 861 2501 ab
880 2471 948 2511 ipso
968 2472 1114 2503 ordinem

155 2511 284 2542 turbare
302 2512 384 2543 velle
403 2512 579 2544 videamur.
617 2513 760 2553 Regibus
783 2513 891 2553 igitur,
916 2514 1114 2554 principibus

155 2558 188 2584 et
228 2554 466 2594 magistratibus
508 2555 655 2587 omnibus
696 2566 775 2595 quos
809 2556 898 2587 Deus
933 2556 972 2587 ad
1006 2567 1114 2588 rerum

156 2596 370 2637 gubernacula
400 2598 509 2629 sedere
538 2599 654 2636 voluit,
689 2609 915 2638 summumque
946 2599 1114 2639 dignitatis

156 2638 291 2680 gradum
322 2640 481 2679 obtinere,
514 2641 648 2681 dignum
680 2641 832 2672 honorem
866 2641 1018 2673 exhibere
1050 2643 1113 2674 dis-

804 199 852 230 IN
877 199 901 230 I.
927 198 1012 230 LIB.
1038 197 1235 231 SAMUEL.
1268 200 1365 232 CAP.
1389 202 1500 234 XXV.

2085 205 2149 236 534

1183 303 1300 325 camus.
1359 294 1412 327 Sic
1454 297 1544 327 liberi
1587 302 1805 337 cognoscunto
1840 309 1873 329 se
1908 298 2095 338 parentibus
2126 309 2146 330 a

1183 335 1324 367 Domino
1353 338 1529 376 subiectos,
1571 345 1606 370 ut
1646 340 1785 371 debitam
1820 341 2034 372 obedientiam
2069 342 2146 382 ipsis

1182 385 1294 417 sponte
1329 380 1473 412 reddant.
1514 381 1609 413 Servi
1634 383 1729 413 etiam
1755 384 1821 414 suis
1845 383 1985 415 dominis
2009 385 2145 416 eandem

1182 422 1395 453 reverentiam
1427 424 1611 456 exhibente.
1658 426 1804 465 Denique
1826 432 1930 458 status
1954 437 2065 458 omnes
2088 437 2146 468 per

1181 473 1259 502 quos
1294 463 1454 497 Dominus
1488 466 1574 498 hunc
1608 467 1762 498 mundum
1799 469 1866 509 regi
1902 475 1933 500 et
1969 469 2145 510 gubernari

1181 507 1348 536 constituit
1369 507 1572 545 honoremus,
1597 514 1628 540 et
1648 511 1754 541 varias
1778 522 1814 542 ac
1837 511 2025 543 differentes
2049 522 2146 544 voca-

1181 548 1283 579 tiones
1312 558 1330 578 a
1353 549 1422 581 Deo
1444 551 1609 583 institutas
1633 553 1772 584 sciamus
1795 559 1827 584 et
1850 561 1963 594 sponte
1986 555 2064 595 ipsis
2087 565 2147 586 nos

1181 590 1395 623 subiiciamus.
1450 593 1532 624 Nam
1567 595 1593 625 si
1629 595 1760 626 Nabalis
1794 597 1952 636 exemplo,
1988 597 2146 630 adversus

1181 632 1353 673 dignitates
1373 635 1548 676 insurgere,
1572 641 1604 668 et
1623 638 1806 677 petulanter
1827 649 1883 670 nos
1903 650 2014 679 gerere
2038 640 2145 672 volue-

1181 675 1282 706 rimus
1316 677 1419 708 Deum
1452 679 1589 710 sciamus
1617 680 1758 711 vicissim
1791 682 1992 719 effecturum,
2025 691 2059 713 ut
2091 684 2144 723 qui

1181 718 1281 749 simus
1294 719 1409 759 reipsa
1433 722 1643 760 experiamur,
1669 733 1742 753 nam
1768 725 1947 764 quicunque
1972 725 2145 765 dignitates

1181 761 1219 791 ab
1240 761 1309 800 ipso
1323 762 1392 792 Deo
1411 763 1575 794 institutas
1595 765 1738 804 despicit,
1758 771 1844 797 certe
1863 766 2020 798 adversus
2039 768 2144 808 ipsum

1181 803 1289 834 Deum
1314 805 1460 846 insurgit,
1490 812 1520 837 et
1545 807 1655 847 iugum
1679 808 1780 847 ipsius
1805 809 1916 841 reiicit.
1962 810 2048 841 Nam
2073 811 2144 851 qui-

1181 856 1306 886 cunque
1330 847 1390 878 Dei
1421 848 1520 886 donis,
1551 856 1582 879 et
1614 851 1723 888 gratiis
1754 852 1898 892 insigniti
1931 858 2005 884 sunt
2028 853 2145 884 debent

1181 899 1250 919 esse
1281 890 1383 920 instar
1411 892 1531 931 speculi
1561 892 1593 922 in
1618 903 1678 932 quo
1702 893 1844 924 divinam
1868 895 2080 932 maiestatem,
2112 901 2145 927 et

1182 931 1357 963 bonitatem
1388 935 1649 975 contemplemur,
1679 936 1762 975 quod
1787 937 1819 967 in
1842 938 1983 977 ipsorum
2006 948 2145 978 persona

1180 973 1270 1005 Deus
1310 975 1386 1006 velit
1423 978 1581 1018 cognosci.
1634 978 1696 1009 Eos
1728 979 1827 1019 igitur
1858 980 2041 1020 quicunque
2071 992 2146 1012 con-

1181 1018 1349 1057 tempserit
1372 1029 1408 1050 ac
1432 1021 1584 1057 reiecerit,
1615 1020 1764 1052 inimicus
1788 1027 1855 1052 esto
1880 1022 1951 1058 Dei,
1975 1029 2006 1053 et
2030 1029 2145 1055 contu-

1180 1069 1254 1090 max
1280 1061 1451 1092 habeatur:
1476 1068 1508 1093 et
1531 1063 1564 1093 in
1587 1068 1805 1095 creaturarum
1833 1064 1893 1096 Dei
1919 1076 2053 1097 numero
2077 1077 2142 1099 non

1180 1108 1356 1135 censeatur.
1389 1104 1453 1135 Sed
1473 1115 1567 1145 quam
1586 1106 1693 1145 gravis
1707 1106 1839 1137 Nabalis
1860 1108 1914 1138 illa
1934 1110 2142 1149 contumelia,

1179 1155 1338 1186 quamque
1361 1147 1582 1186 ignominiosa,
1611 1159 1708 1188 quum
1734 1149 1894 1180 Davidem
1919 1156 2045 1182 accuset
2068 1156 2138 1183 tan-

1179 1198 1273 1227 quam
1308 1189 1430 1220 alienos
1464 1201 1574 1222 servos
1608 1191 1807 1230 subduceret,
1842 1198 1874 1223 et
1908 1203 1961 1224 eos
1997 1194 2137 1226 dominis

1178 1231 1245 1261 suis
1286 1237 1439 1272 tanquam
1482 1233 1552 1270 fur,
1594 1240 1648 1264 aut
1683 1234 1762 1265 latro
1796 1235 1953 1275 quispiam
1988 1237 2134 1276 eriperet.

1178 1273 1277 1313 Atqui
1301 1285 1397 1315 supra
1420 1275 1560 1307 vidimus
1583 1276 1666 1307 hanc
1689 1288 1864 1317 egenorum
1888 1283 1919 1308 et
1942 1279 2134 1311 afflictorum

1179 1316 1345 1348 hominum
1380 1323 1517 1349 turmam
1552 1319 1591 1349 ad
1623 1319 1782 1350 Davidem
1813 1320 1897 1351 ultro
1928 1322 2062 1361 venisse,
2097 1333 2134 1354 ea

1178 1359 1281 1399 magis
1314 1366 1480 1391 oneratum
1516 1372 1609 1401 quam
1641 1362 1782 1393 levatum
1812 1363 1918 1400 fuisse,
1953 1363 2037 1403 quod
2068 1375 2132 1396 non

1178 1401 1312 1434 haberet
1342 1408 1532 1443 potestatem
1560 1404 1717 1435 delectum
1748 1406 1886 1436 militum
1914 1406 2061 1444 faciendi,
2097 1413 2133 1438 ut

1177 1445 1380 1476 autoritatem
1414 1447 1472 1477 sibi
1507 1446 1590 1486 apud
1625 1457 1679 1478 eos
1711 1453 1858 1487 pararet,
1899 1459 2001 1488 neque
2034 1450 2131 1481 etiam

1177 1488 1274 1519 vellet
1305 1489 1444 1520 militum
1469 1490 1574 1529 copias
1598 1489 1711 1521 ducere
1735 1490 1774 1520 ad
1798 1490 1986 1531 dignitatem
2010 1493 2132 1532 regiam

1176 1531 1207 1561 vi
1224 1532 1450 1572 occupandam,
1471 1538 1502 1563 et
1520 1533 1665 1563 ordinem
1685 1533 1846 1572 politicum
1868 1534 2132 1574 perturbandum,

1176 1578 1231 1605 aut
1261 1574 1371 1605 domos
1398 1575 1596 1611 evertendas,
1627 1581 1681 1606 aut
1711 1576 1822 1606 fraude
1851 1577 1882 1606 in
1914 1577 2019 1608 aliena
2049 1578 2132 1609 bona

1175 1620 1208 1647 et
1245 1617 1413 1648 facultates
1442 1617 1663 1649 involandum.
1714 1618 1782 1648 Nae
1812 1618 1896 1649 facta
1926 1619 2027 1659 ipsius
2057 1630 2132 1651 con-

1175 1660 1312 1690 trarium
1349 1671 1479 1700 prorsus
1509 1666 1685 1699 testantur,
1721 1666 1755 1691 ut
1783 1671 1871 1691 mera
1901 1662 1942 1692 sit
1970 1662 2131 1694 calumnia

1173 1702 1306 1733 Nabalis
1337 1704 1504 1735 accusatio,
1556 1703 1610 1734 Sic
1640 1703 1774 1743 improbi
1804 1703 1949 1735 homines
1972 1705 2075 1736 solent
2098 1717 2131 1737 se

1173 1746 1204 1775 in
1219 1746 1385 1776 calumniis
1407 1746 1604 1786 proferendis
1622 1746 1775 1777 adversus
1790 1746 1850 1777 Dei
1870 1747 1952 1778 filios
1971 1758 2130 1787 exercere,

1173 1792 1204 1819 et
1237 1787 1390 1828 quidquid
1423 1789 1456 1819 in
1491 1789 1622 1819 buccam
1657 1790 1781 1819 venerit
1811 1790 1907 1819 etiam
1937 1790 2006 1820 sine
2036 1801 2131 1822 causa

1172 1831 1315 1862 effutire:
1351 1836 1382 1862 et
1412 1831 1444 1862 in
1475 1831 1537 1861 Dei
1571 1831 1654 1861 filios
1684 1831 1838 1871 quidquid
1870 1832 2068 1864 horrendum
2099 1838 2131 1864 et

1172 1878 1264 1904 atrox
1296 1874 1558 1914 excogitaverint,
1590 1883 1752 1905 evomere:
1788 1874 1917 1905 Nabalis
1948 1876 2130 1916 exemplum

1173 1917 1308 1956 sequuti.
1354 1917 1501 1948 Profecto
1536 1917 1689 1947 Nabalem
1722 1916 1842 1956 pudere
1876 1919 2062 1957 oportebat,
2103 1920 2129 1951 si

1172 1959 1330 1990 malitiose
1354 1959 1436 1990 istud
1460 1959 1561 1990 servis
1584 1959 1719 1989 Davidis
1744 1959 1968 2001 respondisset,
1997 1967 2028 1992 et
2052 1963 2131 1995 haec

1171 2001 1308 2033 crimina
1328 2002 1521 2033 confinxisse
1542 2001 1644 2033 dictus
1664 2002 1784 2039 fuisset,
1808 2002 1862 2032 sed
1881 2002 1976 2035 iustis
1999 2006 2132 2036 rationi-

1172 2044 1231 2075 bus
1265 2044 1340 2082 niti,
1373 2050 1403 2075 et
1437 2045 1605 2084 aequitatis
1639 2049 1762 2075 amator
1794 2044 1903 2075 haberi
1939 2046 2010 2077 vult
2045 2049 2130 2088 quod

1172 2087 1331 2118 Davidem
1367 2087 1572 2118 instiusmodi
1610 2087 1755 2117 homines
1785 2095 1997 2126 sequerentur
2026 2094 2057 2121 et
2084 2092 2130 2123 ita

1172 2130 1329 2161 Davidem
1343 2129 1468 2170 oblique
1486 2135 1622 2167 accusat,
1643 2134 1674 2160 et
1692 2130 1862 2161 calumniis
1881 2130 1995 2163 obruit.
2021 2132 2128 2172 Quam

1170 2173 1263 2203 multi
1294 2173 1425 2204 Nabalis
1462 2173 1624 2212 ingenium
1654 2177 1685 2203 et
1715 2183 1819 2203 mores
1848 2173 1942 2204 hodie
1974 2175 2126 2213 referunt,

1169 2216 1222 2255 qui
1258 2216 1361 2256 rogati
1393 2221 1428 2246 ut
1457 2226 1584 2255 operam
1617 2225 1707 2246 suam
1738 2220 1769 2245 et
1798 2215 1904 2246 studia
1935 2217 1968 2246 in
1998 2217 2127 2258 aliquod

1168 2258 1381 2289 necessarium
1411 2269 1489 2297 opus
1519 2258 1692 2293 conferant,
1723 2258 1872 2288 resiliunt
1894 2258 1932 2288 ab
1955 2259 2071 2299 officio,
2095 2266 2128 2293 et

1168 2306 1334 2340 praeterea
1354 2300 1532 2331 maledictis
1552 2301 1723 2338 incessunt,
1747 2306 1779 2330 et
1797 2300 1967 2333 calumniis
1990 2311 2127 2336 onerant

1168 2354 1221 2374 eos
1249 2353 1267 2373 a
1297 2343 1411 2383 quibus
1434 2343 1692 2382 interpellantur,
1723 2347 1754 2372 et
1779 2342 1923 2375 honestis
1947 2345 2125 2378 rationibus

1168 2387 1261 2416 officii
1303 2385 1539 2416 admonentur?
1598 2386 1677 2421 Vos,
1723 2386 1830 2421 aiunt,
1876 2387 2010 2418 nimium
2049 2391 2125 2421 estis

1168 2428 1291 2458 molesti
1323 2433 1353 2458 et
1383 2429 1568 2467 importuni,
1599 2438 1655 2458 vos
1684 2427 1803 2458 iniuria
1824 2438 1883 2459 nos
1907 2429 2044 2468 afficitis,
2069 2443 2126 2463 vos

1167 2471 1247 2511 quod
1277 2481 1382 2501 mcum
1414 2475 1462 2501 est
1492 2475 1522 2501 et
1553 2480 1614 2510 quo
1645 2469 1771 2510 indigeo
1795 2471 1874 2501 mihi
1899 2473 2037 2511 eripitis:
2070 2474 2125 2506 sed

1166 2518 1331 2554 praeterea
1362 2514 1465 2544 minas
1495 2513 1662 2543 adiiciunt:
1693 2518 1723 2543 et
1750 2513 1857 2552 ignem
1883 2524 1936 2544 ore
1960 2516 2071 2546 efflant
2093 2522 2125 2548 et

1168 2556 1264 2586 nullis
1301 2556 1478 2586 rationibus
1509 2555 1629 2595 placari
1660 2565 1751 2594 posse
1784 2556 1951 2587 videntur:
1990 2564 2022 2588 et
2053 2559 2125 2590 licet

1167 2600 1225 2638 ipsi
1255 2609 1311 2629 suo
1342 2600 1523 2629 testimonio
1554 2598 1631 2628 satis
1654 2604 1848 2637 arguantur:
1881 2599 1992 2631 cedere
2016 2607 2124 2634 tamen

1168 2652 1229 2673 non
1254 2646 1397 2681 possunt,
1428 2640 1482 2672 sed
1507 2641 1537 2671 vi
1560 2650 1690 2671 causam
1714 2650 1803 2671 suam
1828 2641 1972 2673 obtinere
1995 2644 2125 2676 volunt:

1875 2692 1924 2717 34â¸
