2551 3044
239 218 300 249 705

237 313 317 343 fecto
340 314 450 352 iniqua
474 313 632 344 sententia
660 316 753 348 esset,
784 314 860 351 quin
892 312 987 343 etiam
1012 312 1055 341 ita
1078 312 1196 342 consti-

238 361 343 386 tutum
368 362 416 386 est
439 356 470 385 in
497 355 593 389 bellis,
626 360 660 385 ut
683 364 781 393 quum
805 354 962 394 praelium
987 354 1198 384 committitur
1221 386 1223 395 .

237 409 276 429 nc
308 409 371 437 qua
403 398 544 429 confusio
577 405 608 426 et
643 398 842 435 perturbatio
875 397 1056 436 contingat,
1090 403 1122 427 et
1157 407 1196 427 ne

236 441 345 471 hostes
364 441 397 471 in
410 439 639 478 impedimenta
654 439 773 469 faciant
796 440 959 479 impetum,
984 439 1062 470 certi
1078 439 1196 469 milites

238 483 275 513 ad
302 482 529 522 impedimenta
553 488 740 512 remaneant
763 488 795 513 et
819 493 856 512 ea
879 481 1071 513 custodiant.
1097 482 1195 512 Prae·
1220 513 1222 522 v

236 533 323 556 terea
346 525 398 556 ubi
422 532 522 554 castra
547 531 634 561 sunt,
658 524 691 554 in
710 523 775 556 illis
790 525 885 555 etiam
899 524 1016 555 milites
1040 530 1194 563 tanquam

235 569 267 598 in
292 567 369 598 urbe
383 566 608 605 relinquuntur
620 566 658 597 ad
683 567 827 605 ipsorum
847 567 1073 603 defensionem,
1096 567 1150 605 qui
1167 567 1195 597 si

234 609 352 650 praeda
387 608 623 639 frustrarentur
656 618 717 647 quo
751 610 819 640 iure
853 609 980 640 tandem
1014 609 1045 639 id
1076 609 1192 639 fieret?

234 653 316 684 Nam
350 651 377 682 si
412 651 530 690 praelio
562 651 649 691 ipsos
679 662 743 682 non
774 652 957 682 interfuisse
985 652 1193 682 obiiceretur:

233 693 462 733 responderent
492 704 525 724 se
554 694 659 724 iussos
689 704 758 725 esse
782 694 825 725 ibi
848 694 1032 725 subsistere.
1077 694 1192 733 Itaque

233 738 309 768 satis
339 741 474 776 apparet
507 737 596 767 nullo
629 737 698 767 iure
734 737 885 776 nullaque
915 737 1075 776 aequitate
1111 738 1193 768 hanc

232 779 388 810 rationem
414 779 483 815 niti,
514 784 550 809 ut
581 779 654 809 belli
678 779 802 811 fructus
826 781 865 810 iis
889 780 964 810 solis
994 779 1049 818 qui
1072 780 1193 819 praelio

231 822 388 852 adversus
412 821 522 852 hostes
540 823 660 861 egressi
680 827 757 852 sunt
777 828 969 860 reservetur,
988 828 1026 852 ut
1049 832 1112 852 non
1133 824 1191 852 im-

230 865 344 895 merite
365 874 457 895 sacra
480 865 639 903 scriptura
653 865 846 895 condemnet
865 871 1019 902 tanquam
1043 864 1191 895 homines

230 917 366 946 nequam
391 915 423 936 et
445 907 608 946 improbos
629 917 682 937 eos
695 908 750 946 qui
766 907 906 938 avaritia
930 907 1014 947 pulsi
1033 907 1093 937 sibi
1113 907 1190 938 solis

229 955 329 980 totam
364 948 514 988 praedam
555 949 694 986 retinere
734 950 914 981 voluerunt.
961 950 1048 980 Hinc
1081 951 1190 989 itaque

229 991 389 1022 discamus
412 991 482 1022 Deo
508 991 696 1023 beneficium
725 992 851 1031 aliquod
881 993 913 1022 in
938 992 1061 1032 aliquos
1085 993 1189 1023 confe-

228 1040 330 1072 rente,
353 1041 500 1073 oportere
523 1034 666 1074 singulos
689 1041 813 1074 partem
838 1045 929 1065 suam
952 1037 1106 1074 accipere.
1129 1036 1189 1066 nisi

228 1077 312 1107 forte
336 1082 402 1107 tam
432 1077 544 1116 ignavi
574 1077 648 1113 sint,
678 1082 714 1108 ut
736 1078 852 1108 merito
882 1083 1035 1117 tanquam
1061 1078 1189 1117 putrida
1213 1106 1215 1117 ⁴

228 1119 373 1150 membra
392 1119 596 1150 reiiciantur:
621 1125 747 1151 tantum
761 1122 846 1150 enim
860 1120 949 1151 abest
962 1126 996 1150 ut
1010 1119 1187 1151 mercedem

226 1162 280 1192 isti
304 1168 499 1199 mereantur,
529 1168 564 1193 ut
594 1168 706 1193 contra
735 1171 887 1202 tanquam
919 1163 1030 1202 perfidi
1060 1170 1091 1193 et
1116 1173 1187 1202 pro·
1212 1177 1214 1188 ι

1044 1204 1110 1237 Sed
1133 1205 1187 1236 ubi

227 1204 346 1235 ditores
376 1205 576 1244 gravissimis
606 1205 717 1244 poenis
747 1205 901 1245 puniendi
925 1206 998 1236 siut.

226 1247 316 1278 nulla
339 1247 473 1286 perfidia
495 1248 563 1282 fuit,
589 1247 677 1278 nulla
699 1249 830 1287 ignavia
850 1257 1015 1288 peccatum
1039 1255 1098 1287 est,
1121 1249 1186 1279 sin·
1212 1280 1213 1286 ,

1212 1293 1213 1300 ’
1240 1302 1279 1322 118
1303 1303 1423 1323 novum
1447 1300 1480 1324 et
1503 1294 1643 1325 insolens
1673 1295 1703 1325 id
1735 1297 1825 1326 nobis
1849 1297 2010 1329 videatur:
2039 1301 2195 1339 siquidem

226 1290 310 1330 gulis
333 1289 473 1321 officium
502 1290 704 1327 facientibus,
732 1297 764 1321 et
794 1291 984 1321 necessitate
1014 1298 1072 1322 aut
1102 1292 1186 1321 iusta

225 1342 322 1363 causa
345 1343 383 1362 ex
409 1332 527 1371 praelio
550 1333 746 1367 absentibus.
777 1342 900 1364 certum
924 1339 972 1364 est
1000 1334 1120 1365 factum
1144 1334 1185 1364 iri

224 1375 375 1406 iniuriam
402 1376 462 1405 nisi
487 1383 518 1405 et
541 1376 601 1414 ipsi
624 1376 658 1406 in
682 1382 806 1415 partem
832 1376 1062 1407 benedictionis
1085 1377 1185 1407 aDeo

224 1417 317 1448 datae
341 1417 499 1448 venirent.
541 1418 607 1449 Nos
630 1418 739 1458 itaque
770 1418 883 1449 demus
906 1429 1036 1458 operam
1061 1426 1096 1449 ut·
1120 1419 1184 1450 nisi

223 1460 361 1500 improbi
396 1466 428 1491 et
461 1470 596 1500 nequam
633 1461 778 1492 homines
817 1462 926 1492 haberi
958 1462 1121 1499 volumus,
1153 1469 1184 1492 et

223 1503 310 1534 fures
334 1512 370 1534 ac
392 1503 534 1534 latrones
564 1513 672 1534 coram
697 1503 767 1534 Deo
798 1509 829 1534 et
851 1504 954 1544 ipsius
984 1505 1116 1544 angelis,
1148 1510 1184 1535 ut

223 1555 259 1576 ea
283 1546 469 1585 integritate
495 1549 527 1576 et
550 1546 733 1577 sinceritate
757 1557 829 1577 cum
859 1547 1016 1586 proximis
1039 1557 1181 1586 agamus,

223 1598 263 1618 ne
284 1588 366 1619 bona
389 1588 517 1628 publica
541 1589 676 1627 privatis
700 1596 827 1620 tantum
850 1589 974 1623 cedant.
1005 1597 1037 1620 et
1056 1590 1110 1620 alii
1134 1590 1182 1620 di-

222 1628 346 1662 tescant
378 1630 514 1661 aliorum
547 1637 755 1670 paupertate:
796 1632 851 1663 sed
883 1632 1002 1671 singuli
1036 1633 1183 1671 portione

222 1673 276 1704 illa
305 1675 449 1705 contenti
479 1680 574 1704 sunto
604 1684 699 1713 quam
723 1674 815 1705 Deus
847 1675 992 1714 largitur.
1038 1675 1089 1705 Ex
1119 1676 1182 1706 Dei

222 1716 384 1746 sententia
402 1717 503 1756 igitur
525 1717 706 1748 iudicantes
726 1723 874 1747 mutuam
894 1718 1092 1756 aequitatem
1114 1728 1181 1749 ser-

223 1758 386 1789 vabimus:
410 1759 464 1789 sed
489 1759 517 1790 si
539 1759 667 1799 praedis
690 1765 722 1790 et
745 1760 867 1798 rapinis
892 1760 990 1790 dediti
1014 1760 1181 1800 fuerimus,

221 1811 278 1841 pro
292 1801 354 1832 Dei
379 1803 476 1832 verbo
500 1812 610 1833 caecos
633 1803 768 1833 affectus
790 1809 918 1833 nostros
942 1813 1124 1842 sequemur,
1148 1810 1181 1834 et

221 1843 339 1874 bonum
363 1854 381 1874 a
404 1844 488 1875 malo
517 1855 682 1883 nunquam
708 1845 935 1876 discernemus
981 1848 1029 1876 Ac
1052 1856 1129 1876 sane
1153 1847 1180 1877 si

221 1885 259 1916 de
284 1885 380 1917 rebus
402 1887 527 1917 sincere
550 1887 776 1925 indicaremus,
800 1893 832 1919 et
851 1889 990 1928 propriis
1003 1889 1179 1920 commodis

222 1937 277 1959 aut
301 1929 510 1960 incommodis
534 1940 599 1960 non
623 1940 837 1967 moveremur,
867 1941 925 1961 nos
956 1931 1178 1970 proximorum

219 1971 396 2002 commodis
431 1981 495 2002 non
529 1972 638 2003 minus
678 1983 773 2012 quam
813 1974 931 2004 nostris
966 1973 1178 2012 studeremus,

220 2014 369 2053 viamque
388 2015 536 2045 omnibus
555 2015 786 2046 controversiis
805 2021 837 2046 et
856 2016 994 2047 dissidiis
1017 2017 1177 2055 praecide-

220 2065 336 2087 remus.
382 2056 518 2088 Summo
548 2058 649 2097 igitur
677 2058 783 2088 studio
814 2069 872 2089 nos
901 2059 1065 2098 inquirere
1089 2059 1179 2091 decet

221 2098 296 2137 quid
319 2109 359 2129 ex
383 2099 445 2130 Dei
467 2100 567 2131 verbo
589 2106 734 2131 nostrum
759 2101 810 2136 sit,
834 2107 866 2131 et
889 2101 978 2131 nobis
1002 2103 1177 2142 proprium,
1203 2103 1205 2142 j

221 2151 260 2170 ne
282 2151 375 2180 quam
398 2143 596 2173 occasionem
620 2143 658 2173 de
682 2143 771 2173 nobis
797 2145 1013 2183 conquerendi
1031 2146 1178 2184 cuiquam

222 2184 437 2221 praebeamus,
467 2192 498 2215 et
528 2196 568 2215 ne
598 2186 715 2216 iniuste
744 2196 823 2225 quos
853 2186 943 2217 Deus
974 2187 1083 2218 eodem
1114 2199 1176 2227 quo

221 2235 280 2255 nos
293 2225 446 2258 beneficio
460 2228 587 2259 afficere
600 2229 704 2259 voluit
720 2228 905 2268 spoliemus.
928 2229 1053 2261 Idcirco
1075 2231 1176 2270 igitur

221 2267 427 2307 cupiditatem
450 2270 623 2301 effraenem
647 2271 784 2302 istorum
803 2271 867 2302 Dei
890 2272 1021 2311 spiritus
1042 2278 1105 2303 tam
1131 2284 1176 2305 se-

221 2311 308 2341 veris
331 2311 436 2342 verbis
460 2313 675 2351 reprehendit,
705 2313 788 2352 quod
819 2315 938 2353 praeda
962 2323 1053 2353 parta
1075 2317 1176 2347 socios

221 2353 350 2392 privare
374 2353 501 2390 vellent,
525 2362 561 2386 ut
584 2355 756 2387 doceamur
779 2367 886 2387 coram
907 2358 975 2387 Deo
999 2358 1097 2389 fuisse
1122 2358 1175 2389 de-

221 2394 403 2425 testandam
425 2397 663 2429 crudelitatem:
693 2410 729 2430 ac
752 2399 886 2438 proinde
909 2401 1046 2431 sciamus
1069 2401 1175 2432 Deum

222 2439 304 2467 ferre
328 2447 393 2467 non
416 2448 507 2478 posse
528 2440 624 2471 istam
642 2441 804 2478 iniuriam,
834 2449 870 2472 ut
891 2443 944 2473 alii
968 2442 1103 2474 aliorum
1126 2445 1175 2475 in-

220 2479 397 2511 commodis
420 2480 585 2513 ditescant.

307 2522 480 2553 Caeterum
510 2533 608 2562 quum
637 2526 670 2556 in
701 2526 839 2558 Davidis
869 2527 968 2566 copiis
996 2539 1062 2559 non
1094 2539 1177 2561 unus

222 2571 278 2595 aut
301 2564 382 2595 alter
404 2565 568 2604 improbus
590 2572 623 2597 et
643 2579 790 2608 nequam,
814 2569 869 2601 sed
892 2570 985 2600 multi
1009 2571 1106 2602 fuisse
1129 2571 1176 2602 di-

220 2613 339 2638 cuntur
361 2607 510 2647 improbi,
538 2618 578 2639 ex
601 2619 637 2640 eo
662 2620 892 2651 cognoscamus
915 2612 1021 2644 Deum
1046 2620 1080 2644 ut
1102 2624 1176 2645 suos

220 2654 368 2681 exerceat
390 2660 486 2688 saepe
509 2651 571 2681 lmo
593 2651 657 2682 fere
676 2663 802 2694 semper
823 2655 1020 2700 permittere,
1044 2660 1080 2687 ut
1102 2657 1177 2688 boni

321 2699 430 2726 Calvini
445 2708 538 2733 opera.
577 2701 634 2727 Vol.
650 2701 745 2729 XXX.

877 218 924 249 IN
948 218 972 249 Ι.
999 218 1085 249 [AB.
1111 218 1307 250 SAMUEL.
1333 221 1427 252 CAl’.
1453 222 1565 253 XXX.

2151 229 2211 259 'lotz

1251 313 1342 343 malis
1366 314 1570 346 misceantur.
1603 317 1702 348 Multi
1726 319 1832 358 itaque
1856 330 1996 360 nequam
2021 322 2053 352 in
2076 322 2210 354 Davidis

1249 356 1392 386 exercitu
1424 357 1571 395 fuerunt,
1602 366 1634 390 et
1663 366 1769 391 tamen
1801 362 1905 393 David
1938 374 2027 393 sacra
2058 366 2209 396 unctione

1248 397 1350 428 fuerat
1375 409 1431 429 rex
1453 400 1650 439 designatus,
1674 408 1705 433 et
1721 404 1851 434 bomini
1877 407 1975 435 nostri
1999 407 2068 437 lesu
2084 407 2208 438 Christi

1247 440 1351 480 figura
1376 447 1453 478 erat,
1484 448 1516 473 et
1539 443 1746 475 iustissimam
1772 457 1900 477 causam
1926 449 2056 485 agebat:
2080 450 2133 479 sed
2160 458 2207 480 ta-

1247 492 1320 512 men
1342 483 1374 513 in
1400 484 1644 524 quadringentis
1668 488 1731 518 illis
1751 489 1906 520 militibus
1919 491 2034 529 quibus
2059 493 2207 531 stipatur,

1247 525 1341 555 multi
1362 526 1499 565 improbi
1521 534 1553 557 et
1566 540 1703 568 nequam
1725 532 1938 570 reperiuntur.
1964 533 2013 563 Ex
2035 545 2096 573 quo
2116 535 2208 566 ‹lisci—

1247 577 1317 598 mus
1341 569 1505 599 ecclesiam
1531 570 1591 600 Dei
1623 583 1685 602 non
1716 573 1784 603 ideo
1815 575 2091 607 condemnandam
2122 578 2148 607 si
2172 578 2205 608 111

1247 609 1296 640 his
1320 611 1415 641 terris
1439 622 1502 642 non
1527 613 1571 642 ita
1595 620 1700 652 potest
1724 618 1890 655 repurgari
1921 619 1998 656 quin
2023 619 2113 658 palea
2137 620 2204 650 fru-

1246 660 1355 683 mento
1378 653 1419 684 sit
1439 655 1591 686 admixta.
1619 656 1704 687 Vitia
1717 658 1843 696 quidem
1864 660 1966 691 fateor
1983 671 2110 700 semper
2129 673 2203 693 con-

1246 695 1425 726 demnanda
1449 703 1533 734 sunt,
1564 705 1595 728 et
1620 709 1773 737 personae
1798 703 1954 733 vocationi
1987 714 2051 733 non
2076 714 2203 744 respon-

1218 735 1219 740 *
1245 737 1374 769 dentes:
1398 739 1452 768 sed
1467 747 1574 770 tamen
1588 741 1614 770 si
1627 741 1744 772 Davidi
1758 745 1901 782 pravitas
1916 745 2053 776 militum
2070 757 2202 778 suorum

1245 780 1467 819 imputaretur,
1498 793 1595 813 causa
1625 784 1679 813 illa
1709 796 1802 823 quam
1830 787 1918 817 Deus
1949 789 2106 828 approbat
2128 800 2202 821 con-

1244 822 1459 855 demnaretur.
1501 825 1661 864 Equidem
1683 827 1783 857 fateor
1807 829 1967 860 Davidem
1993 832 2019 861 si
2043 832 2202 863 malitiam

1243 866 1385 904 ipsorum
1418 867 1548 897 fovisset
1579 874 1610 897 et
1640 871 1790 907 pravitati
1815 872 1956 910 ipsorum
1987 875 2202 906 consensisset

1243 918 1306 938 non
1331 909 1438 939 minus
1469 920 1560 940 reum
1591 911 1657 940 fore
1687 923 1781 950 quam
1813 914 1908 952 ipses,
1939 916 1993 946 sed
2021 926 2118 956 quum
2144 928 2201 957 pro

1242 961 1299 981 sua
1323 952 1407 982 Virili
1431 952 1562 992 corrigit
1585 959 1617 983 et
1639 954 1786 992 prohibet
1809 956 1912 987 facere
1936 959 2018 997 quod
2049 960 2201 990 volebant

1241 1003 1454 1029 agnoscamus
1492 1006 1556 1025 non
1588 1004 1734 1035 oportere
1764 1009 1832 1029 esse
1870 1010 1961 1030 reum
1996 1008 2200 1040 peccatorum

1241 1046 1320 1074 quae
1344 1047 1407 1067 non
1431 1038 1623 1077 approbavit
1646 1043 1677 1069 et
1706 1050 1788 1079 quae
1812 1051 1868 1080 pro
1892 1043 2013 1074 viribus
2038 1047 2199 1084 repressit.

1241 1079 1311 1109 Non
1336 1079 1430 1109 aliter
1453 1081 1492 1110 (le
1515 1081 1648 1112 ecclesia
1671 1082 1846 1114 christiana
1867 1086 2073 1117 statuendum
2091 1089 2200 1127 inqua

1239 1121 1265 1151 si
1290 1121 1476 1161 hypocritas
1501 1123 1560 1153 Dei
1585 1124 1658 1154 filiis
1677 1126 1852 1164 permixtos
1877 1127 2031 1166 videmus,
2057 1136 2087 1159 et
2111 1131 2199 1162 viros

1239 1164 1401 1203 improbos
1432 1166 1511 1196 alios
1532 1167 1686 1197 avaritiae
1711 1168 1840 1205 deditos,
1871 1170 1948 1201 alios
1980 1172 2145 1204 fraudibus
2168 1180 2199 1205 et

1239 1206 1319 1237 dolis
1344 1207 1463 1246 plenos,
1487 1208 1566 1239 alios
1581 1210 1739 1240 vindictae
1752 1212 1890 1249 cupidos,
1916 1213 1994 1244 alios
2010 1224 2198 1255 arrogantes

1239 1256 1270 1279 et
1300 1249 1446 1280 crudeles
1478 1250 1540 1281 Dei
1572 1252 1700 1282 nomine
1732 1264 1822 1284 suam
1854 1255 2008 1286 malitiam
2041 1264 2197 1297 tegentes,

1238 1334 1385 1366 omnibus
1408 1336 1544 1367 saeculis
1568 1338 1719 1368 ecclesiae
1742 1339 1803 1368 fuit
1825 1340 1933 1370 eadem
1954 1342 2045 1373 ratio.
2070 1343 2196 1374 Nihilo—

1239 1377 1343 1408 minus
1375 1384 1479 1408 tamen
1512 1379 1618 1410 danda
1648 1380 1737 1411 nobis
1766 1383 1868 1412 omnis
1896 1393 2002 1422 opera,
2029 1387 2194 1417 1111511115-

1237 1419 1323 1450 modi
1358 1421 1550 1460 pollutiones
1584 1433 1622 1452 ex
1658 1423 1800 1454 fidelium
1834 1434 1924 1455 coetu
1955 1426 2125 1463 tollantur,
2164 1435 2196 1460 et

1237 1462 1371 1493 ecclesia
1394 1463 1455 1494 Dei
1487 1473 1692 1504 repurgetur,
1722 1477 1760 1496 ne
1791 1475 1901 1498 nostra
1933 1470 2132 1509 negligentia
2161 1473 2194 1503 in

1237 1506 1449 1545 reprimendis
1474 1508 1559 1537 vitiis
1582 1508 1637 1538 fiat
1669 1510 1773 1547 potius
1798 1510 1875 1540 hara
1905 1522 2072 1550 porcorum
2098 1524 2192 1553 quam

1236 1558 1291 1578 ara
1304 1548 1375 1586 Dei,
1398 1556 1429 1578 et
1453 1549 1576 1580 interea
1595 1551 1752 1589 patienter
1772 1553 1911 1583 feramus
1932 1554 2014 1593 quod
2035 1558 2194 1595 corrigere

1235 1601 1298 1621 non
1319 1601 1506 1630 possumus:
1531 1599 1578 1623 est
1597 1594 1681 1623 enim
1697 1594 1795 1624 veluti
1809 1596 1938 1626 morbus
1951 1598 2195 1631 immedicabilis

1235 1644 1332 1673 quum
1358 1635 1447 1673 pravi
1478 1634 1624 1666 homines
1654 1636 1715 1666 lJei
1743 1637 1816 1667 tiliis
1841 1638 2024 1670 miscentur.
2068 1641 2192 1673 Nihilo-

1235 1677 1342 1707 minus
1365 1684 1474 1707 tamen
1498 1677 1707 1708 admonemur
1726 1679 1829 1709 Deum
1852 1682 1996 1719 precibus
2019 1683 2192 1715 sollicitan-

1235 1719 1310 1749 dum
1335 1730 1376 1749 nc
1399 1721 1493 1750 istam
1518 1723 1751 1759 corruptionem
1777 1722 1927 1753 ecclesiae
1947 1734 2025 1755 suae
2043 1726 2192 1766 imputet,

1234 1762 1311 1792 adeo
1336 1770 1370 1792 ut
1393 1762 1503 1793 eadem
1534 1774 1634 1802 poena
1665 1765 1838 1794 sinceritati
1869 1772 1898 1795 et
1923 1768 2100 1806 integritati
2124 1777 2192 1801 stu-

1233 1804 1345 1835 dentes
1364 1815 1436 1835 cum
1462 1806 1629 1845 flagitiosis
1653 1815 1683 1837 et
1708 1808 1860 1846 improbis
1882 1808 2066 1841 hominibus
2086 1812 2191 1844 invol-

1233 1854 1361 1878 vantur.
1414 1847 1524 1886 Quum
1561 1849 1645 1879 enim
1670 1860 1706 1879 ea
1737 1850 1887 1880 ecclesiae
1910 1853 2049 1883 conditio
2073 1854 2192 1886 dicitur

1232 1900 1300 1920 esse
1324 1898 1359 1920 ut
1379 1891 1495 1921 multos
1515 1902 1639 1930 semper
1657 1892 1840 1932 hypocritas
1857 1896 1939 1924 ferre
1959 1902 2100 1934 cogatur.
2125 1908 2189 1928 non

1232 1932 1305 1963 inde
1328 1939 1436 1963 tamen
1466 1934 1610 1972 sequitur
1633 1934 1786 1964 laxandas
1807 1936 1890 1965 malo
1911 1937 2062 1969 habenas.
2106 1939 2191 1971 Nota

1232 1976 1317 2006 enim
1348 1982 1396 2006 est
1431 1976 1567 2006 historia
1601 1977 1710 2015 p'iagae
1745 1978 1831 2007 illius
1865 1989 1946 2016 quae
1981 1981 2038 2010 toti
2073 1984 2191 2021 populo

1230 2018 1403 2049 israelitico
1427 2025 1557 2058 propter
1588 2020 1681 2049 unius
1713 2019 1825 2050 Achan
1856 2022 2094 2060 improbitatem
2118 2035 2191 2056 con—

1231 2061 1313 2100 tigit.
1357 2061 1495 2100 Propter
1519 2062 1611 2092 unius
1635 2063 1720 2092 enim
1751 2062 1892 2093 hominis
1915 2066 2120 2106 sacrilegium
2144 2069 2193 2100 ira

1232 2103 1293 2134 Dei
1316 2104 1348 2134 in
1373 2110 1475 2134 totum
1500 2104 1651 2143 populum
1676 2105 1796 2135 exarsit
1819 2105 1857 2136 ad
1880 2107 1972 2138 cuius
1991 2118 2069 2139 sane
2093 2110 2192 2142 histo-

1231 2147 1295 2177 riae
1318 2147 1539 2176 narrationem
1563 2148 1756 2177 commoveri
1773 2158 1829 2178 1105
1848 2154 1880 2178 et
1899 2154 2038 2181 tremere
2061 2152 2193 2184 iudicio-

1230 2199 1299 2219 rum
1314 2189 1497 2220 divinorum
1510 2190 1680 2220 severitate
1704 2196 1838 2228 oportet.
1862 2191 2055 2224 Remedium
2079 2202 2187 2227 autem

1229 2232 1360 2262 unicum
1383 2239 1530 2271 superest
1554 2231 1654 2262 divini
1681 2233 1819 2264 nominis
1842 2233 2021 2266 invocatio:
2045 2238 2187 2275 quando-

1229 2274 1355 2313 quidem
1388 2274 1479 2305 nobis
1511 2273 1602 2304 hodie
1632 2280 1737 2313 potest
1774 2275 1857 2306 idem
1887 2278 2075 2318 contingere
2103 2281 2186 2319 quod

1228 2318 1324 2347 etiam
1338 2316 1506 2347 Danielem
1531 2317 1727 2356 praedixisse
1750 2318 1897 2350 videmus
1916 2319 2008 2350 Darii
2033 2330 2186 2361 tempore,

1228 2359 1395 2390 ecclesiam
1425 2360 1580 2389 nimirum
1606 2359 1668 2390 Dei
1702 2368 1869 2392 venturam
1902 2362 1936 2392 in
1967 2373 2038 2393 eam
2063 2363 2184 2396 desola-

1227 2403 1347 2433 tionem
1371 2409 1407 2432 ut
1430 2401 1634 2441 pessumdata
1657 2402 1814 2440 videatur,
1837 2404 1891 2435 sed
1911 2405 1980 2435 eius
1994 2405 2100 2437 Deum
2124 2409 2184 2439 mi—

1227 2450 1389 2476 serturum
1412 2445 1470 2474 ait:
1502 2452 1533 2474 et,
1563 2444 1636 2474 licet
1663 2445 1817 2484 exiguum
1848 2447 1949 2486 ipsius
1980 2448 2022 2478 sit
2044 2449 2183 2489 initium,

1227 2488 1346 2518 multos
1369 2492 1476 2517 tamen
1500 2487 1531 2517 in
1557 2497 1593 2517 ea
1624 2487 1746 2519 futuros
1776 2490 1996 2520 fraudulentos
2026 2490 2184 2531 homines,

1226 2529 1282 2569 qui
1303 2529 1410 2560 fronte
1430 2531 1580 2569 pietatem
1592 2530 1752 2568 simulent,
1776 2532 1871 2562 corde
1884 2542 1960 2562 vero
1984 2533 2182 2572 impietatem

1228 2573 1366 2603 foveant.
1390 2571 1445 2603 Sic
1462 2572 1532 2602 istis
1549 2572 1755 2612 temporibus,
1780 2574 1894 2612 quibus
1912 2574 2002 2605 Deus
2015 2576 2182 2609 ecclesiam

1227 2625 1317 2646 suam
1341 2615 1508 2650 instaurat,
1532 2621 1656 2645 eertum
1679 2620 1728 2645 est
1751 2616 1870 2647 multos
1892 2617 1926 2646 in
1950 2617 2116 2650 ecclesiam
2130 2630 2185 2650 ve-

1227 2657 1297 2689 nire
1327 2665 1359 2688 et
1388 2657 1531 2697 profiteri
1561 2668 1594 2688 se
1624 2657 1783 2698 evangelii
1814 2658 2013 2696 defensores,
2049 2671 2189 2700 quorum

1948 2710 1980 2735 45
