2551 3044
200 209 261 241 222>

197 304 332 335 eandem
362 314 418 335 rex
450 304 551 335 faetus
579 310 609 335 et
632 303 775 335 hostibus
799 302 990 334 metuendus
1014 303 1154 339 retinuit,

196 358 301 387 neque
332 347 426 377 rebus
456 346 604 378 secundis
633 352 665 377 01
696 345 856 387 prosperis
890 345 993 376 elatus
1023 352 1089 386 est,
1124 352 1155 376 ct

196 389 428 429 temporalibus
442 390 532 420 1101115
555 389 740 426 inebriatus,
764 399 866 428 nequo
890 388 1040 427 superbia
1063 388 1154 419 infla-

196 438 248 463 tus
271 442 370 472 quum
395 443 450 463 rex
475 438 540 462 tam
565 432 725 463 numerosi
748 431 855 471 populi
880 431 980 462 factus
1004 435 1068 461 est:
1099 441 1153 461 ne-

195 486 256 514 que
280 475 375 505 etiam
400 475 430 504 iu
456 475 550 505 rebus
573 475 718 514 angustis
742 482 771 505 et
796 474 886 514 quasi
910 473 1081 512 deploratis
1098 484 1155 504 un-

195 528 290 557 quam
315 517 456 547 animum
481 517 659 556 despondit,
687 527 788 556 neque
812 515 979 556 praesidiis
1003 516 1153 547 humanis

196 566 227 590 et
258 560 377 590 auxilio
408 559 580 590 destitutus
609 560 716 590 auimo
749 561 868 591 fractus
898 564 954 590 est.
1001 558 1088 597 Quid
1109 559 1153 589 ita

195 613 282 639 vero,
318 607 350 632 et
379 601 463 632 unde
492 602 551 641 ipsi
582 607 706 632 tantum
737 602 836 632 animi
867 600 984 632 robur?
1030 601 1153 641 Nempe

194 644 257 675 Dei
286 644 389 675 solum
417 655 532 675 nomen
556 645 601 675 ait
623 645 701 676 satis
724 644 866 676 validum
888 654 956 675 esse
979 643 1018 674 ad
1042 654 1152 675 omnes

194 687 340 717 omnium
373 687 512 717 hostium
545 697 657 718 currus
688 692 720 717 et
749 697 856 727 equos,
890 692 921 717 et
944 696 1151 726 quoscunque

192 729 325 761 bellicos
348 736 520 769 apparatus
539 729 730 761 evertendos
749 738 781 760 et
794 729 996 770 frangendos.
1028 728 1151 768 Quam-

192 772 301 803 obrem
325 782 424 811 quum
448 783 502 803 005
526 783 544 803 a
567 773 682 812 quibus
705 772 890 803 invadimur
913 771 975 803 sibi
998 771 1036 802 de
1060 771 1151 803 nobis

192 815 362 846 victoriam
387 815 537 854 polliceri,
564 814 739 846 videbimus
771 821 803 846 et
825 816 863 846 de
887 825 919 846 se
939 819 1062 845 tantum
1081 825 1151 845 seu-

191 858 252 888 tire
282 864 319 888 ut
349 868 452 897 neque
482 857 641 888 humanas
673 868 776 897 neque
809 857 936 888 divinas
960 857 1041 888 ullas
1064 857 1150 888 vires

190 904 344 936 metuant,
369 906 400 930 et
423 900 571 930 omnibus
591 900 741 930 humanis
759 900 926 939 praesidiis
942 899 1150 931 munitissimi

190 948 223 973 et
252 943 493 973 instructissimi
523 941 728 981 videbuntur,
759 943 894 982 denique
924 943 1006 973 nihil
1030 943 1069 973 ad
1094 954 1150 973 ex-

190 985 339 1025 plendam
370 986 513 1024 ipsorum
544 985 664 1015 rabiem
695 985 813 1020 (100550,
845 985 906 1017 Dei
935 995 1050 1016 nomen
1083 990 1151 1015 tan-

192 1038 289 1067 quam
314 1028 509 1059 tutissimum
533 1032 658 1058 scutum
681 1027 753 1058 istis
772 1029 921 1059 omnibus
939 1028 1037 1059 larvis
1056 1038 1152 1068 oppo-

191 1081 322 1101 namus:
354 1070 611 1110 quandoquidem
636 1081 653 1100 a
678 1070 767 1101 nobis
791 1072 955 1102 invocatus
986 1081 1150 1110 nunquam

192 1112 302 1151 deerit,
320 1119 350 1143 et
363 1112 620 1152 confugientibus
639 1113 677 1143 ad
698 1114 803 1152 ipsum
824 1124 974 1153 praesens
993 1114 1149 1144 auxilium

193 1155 324 1192 adferet,
358 1155 514 1194 siqnidem
539 1156 616 1186 satis
640 1156 758 1185 virium
783 1156 822 1186 ad
846 1166 920 1187 suos
945 1156 1096 1187 tutandos
1120 1161 1151 1186 01

194 1198 233 1229 ad
258 1199 365 1229 hostes
388 1197 584 1238 frangendos
607 1203 639 1228 01
662 1198 881 1230 deturbandos
915 1199 1020 1230 habet.
1066 1199 1149 1230 Nam

194 1241 304 1280 quales
334 1241 509 1280 quantique
537 1248 612 1271 sunt
642 1251 748 1271 eoram
780 1241 849 1272 Deo
878 1242 1037 1280 mortales,
1071 1252 1150 1282 quos

192 1283 246 1314 vel
276 1283 342 1314 solo
373 1283 453 1313 flatu
483 1288 589 1323 potest
617 1283 783 1322 dissipare,
813 1289 845 1314 et
873 1284 981 1315 omnia
1005 1284 1149 1324 ipsorum

192 1326 324 1357 consilia.
347 1332 378 1356 et
401 1326 661 1357 machinamenta
685 1326 851 1357 evertere?
882 1326 968 1358 Sane
986 1327 1012 1358 si
1026 1327 1148 1358 coelum

193 1373 225 1399 01
248 1373 343 1405 terra,
367 1372 397 1399 et
421 1369 528 1399 omnia
550 1369 710 1399 elementa
729 1380 800 1400 eum
820 1369 898 1408 ipsis
910 1369 1078 1400 adversum
1093 1381 1149 1401 nos

191 1411 423 1451 conspirarent,
447 1417 480 1442 et
502 1411 541 1442 ad
564 1412 693 1442 illorum
716 1417 878 1451 aspectum
902 1413 1008 1443 omnia
1027 1417 1149 1443 terrore

190 1459 448 1491 concuterentur,
478 1459 587 1484 tamen
613 1454 681 1485 Deo
713 1455 763 1485 vel
792 1455 858 1486 solo
890 1455 987 1486 verbo
1009 1455 1147 1493 iubente,

187 1507 319 1528 necesse
342 1501 390 1528 est
412 1507 539 1527 omnem
564 1497 769 1528 altitudinem
793 1497 929 1536 deprimi
952 1499 1035 1529 etin
1054 1509 1148 1529 auras

188 1549 390 1571 evanescere.
425 1539 496 1571 Hoc
520 1550 595 1570 sane
610 1540 716 1570 David
740 1540 895 1571 auxilium
916 1540 1060 1572 divinum
1079 1552 1149 1572 sen-

187 1582 239 1619 sit,
274 1582 473 1621 exprobrans
507 1582 632 1623 giganti
661 1583 804 1622 gladium
836 1588 867 1613 et
896 1583 1051 1624 lanceam,
1085 1595 1148 1624 qua

187 1624 346 1656 Davidem
370 1635 403 1655 50
426 1625 646 1656 confessurum
670 1625 876 1665 gloriabatur,
906 1626 961 1657 sed
984 1636 1066 1658 vana.
1085 1627 1149 1667 glo-

187 1668 334 1699 riatione.
368 1667 526 1707 Equidem
551 1678 687 1708 agnosco
712 1669 815 1699 Deum
839 1669 936 1699 etiam
957 1669 1079 1709 quoties
1102 1670 1148 1701 ita

187 1710 352 1741 videbitur
374 1710 483 1741 fideles
506 1722 615 1742 servos
639 1722 712 1742 suos
736 1711 860 1742 viribus
883 1711 1034 1743 humanis
1057 1712 1147 1743 adiu-

186 1757 306 1790 turum,
337 1752 502 1784 bellicosos
533 1754 618 1785 viros
649 1760 680 1784 et
711 1753 847 1785 audaces
878 1759 910 1785 et
943 1755 1040 1785 fortes
1079 1756 1147 1787 suis

187 1795 416 1833 sufficientem,
470 1796 523 1835 qui
557 1801 588 1826 01
623 1797 720 1827 armis
754 1801 785 1827 et
819 1797 908 1836 cquis
942 1797 1074 1837 aliisque
1106 1799 1146 1830 ad

187 1837 305 1869 bellum
330 1838 425 1869 rebus
449 1839 637 1870 necessariis
655 1839 907 1877 instructissimi,
931 1840 1030 1871 vitam
1049 1842 1146 1872 etiam

186 1881 380 1920 profundere
404 1892 460 1920 pro
484 1881 668 1912 defensione
693 1882 843 1913 ecclesiae
867 1892 931 1913 non
954 1890 1145 1915 vereantur:

184 1923 266 1960 istis,
289 1923 430 1963 inquam,
451 1924 554 1955 modis
580 1935 672 1964 saepe
693 1924 798 1955 Deum
822 1935 895 1955 suos
918 1927 1016 1956 tutari
1040 1932 1071 1957 et
1095 1927 1144 1958 de-

184 1966 317 1997 fendere
340 1971 465 1997 certum
489 1973 546 1998 est.
584 1968 704 1998 Verum
728 1967 856 2006 quando
876 1978 933 1999 005
956 1969 1022 2000 5010
1042 1970 1144 2009 ipsius

185 2009 318 2040 nomine
341 2015 508 2041 contentos
531 2020 600 2041 esse
624 2010 771 2047 voluerit,
803 2016 834 2040 01
857 2021 986 2042 suarum
1010 2013 1143 2052 promis-

184 2052 311 2082 sionum
331 2052 398 2083 sola
417 2052 543 2091 fiducia,
567 2053 698 2092 reliquis
722 2053 870 2084 omnibus
893 2054 1060 2094 praesidiis
1084 2056 1142 2087 hu-

182 2094 288 2126 manis
312 2094 544 2132 defieienfibus,
569 2101 599 2126 et
622 2095 741 2126 mundo
764 2095 937 2127 adversum
961 2108 1017 2129 nos
1039 2098 1144 2130 insur-

182 2141 288 2177 gente,
322 2143 354 2168 et
387 2138 644 2177 conspirantibus
678 2138 848 2177 improbis,
883 2144 919 2169 ut
953 2150 1143 2181 quocunque

182 2184 347 2211 vertamus
370 2180 477 2211 oculos
500 2181 608 2211 omnia
630 2185 834 2220 praesentem
858 2186 992 2213 mortem
1017 2183 1142 2214 minen·

182 2226 245 2261 tur,
268 2226 300 2252 01
323 2222 465 2262 undique
488 2233 546 2254 nos
569 2224 700 2264 cingant
723 2224 810 2254 ferae
828 2234 846 2254 a
865 2224 979 2264 quibus
997 2225 1060 2257 iam
1079 2227 1142 2258 iam

181 2264 328 2296 laniandi
351 2265 459 2302 simus,
491 2266 631 2297 sciamus
662 2277 725 2297 non
749 2270 869 2298 temere
892 2267 925 2298 id
947 2269 1141 2310 contingere,

181 2306 350 2338 sedaDeo
369 2307 414 2338 510
437 2309 508 2338 fieri
530 2314 565 2339 ut
588 2309 627 2339 ad
650 2309 755 2348 ipsum
780 2320 950 2350 assurgere
972 2310 1141 2351 discamus,

181 2350 277 2389 eique
292 2350 351 2380 soli
375 2356 504 2381 nostrae
525 2351 639 2383 salutis
662 2352 790 2383 laudem
815 2362 942 2383 omnem
966 2354 1140 2387 ascribere:

182 2397 213 2423 et
236 2397 271 2422 ut-
295 2393 436 2424 mundus
460 2400 612 2433 agnoscat
635 2404 694 2425 nos
718 2405 788 2426 esse
808 2395 876 2425 Deo
900 2405 990 2428 caros
1016 2402 1047 2428 et
1073 2409 1143 2437 pre—

181 2436 297 2466 tiosos:
328 2434 463 2475 ideoque
491 2437 644 2467 maiorem
675 2437 781 2477 ipsum
804 2437 975 2469 invocandi
997 2445 1028 2470 et
1051 2440 1141 2472 boni-

181 2481 281 2508 tatem
312 2487 348 2509 ac
378 2478 629 2510 misericordiam
654 2480 723 2511 eius
746 2480 950 2519 praedicandi
973 2483 1142 2515 materiam

179 2520 365 2551 habeamus.
395 2520 479 2551 Nam
499 2522 524 2552 si
544 2521 691 2553 alicunde
704 2523 743 2554 ab
758 2523 941 2554 hominibus
952 2535 1023 2564 spes
1036 2526 1144 2566 aliqua

179 2562 294 2594 salutis
324 2563 491 2603 affulserit⁷
522 2569 655 2604 repente
685 2566 730 2596 sic
763 2566 994 2606 perstringitur
1023 2570 1142 2601 mentis

180 2606 272 2643 acies,
296 2609 332 2636 ut
345 2605 406 2637 Dei
430 2606 667 2639 obliviscamur.
703 2608 789 2640 Hinc
813 2609 845 2639 in
869 2609 938 2648 ipso
960 2610 1140 2644 invocando

179 2648 431 2689 negligentiores
444 2649 549 2688 fimus,
569 2654 601 2681 01
618 2650 719 2690 ipsius
738 2651 876 2683 nominis
895 2657 1140 2695 contemptores.

838 209 886 240 IN
910 187 936 239 1'.
962 209 1049 240 LIB.
1073 210 1272 241 sAMUEL.
1296 210 1392 242 oAP.
1418 212 1528 244 xvii.

2112 215 2176 247 230

1210 304 1333 335 Contra
1359 315 1432 335 vero
1457 306 1483 336 si
1509 307 1629 339 viribus
1652 309 1819 340 inferiores
1842 309 2006 348 fuerimus,
2037 315 2171 350 repente

1209 347 1352 377 animum
1387 347 1564 386 abiiciuius,
1598 357 1629 381 et
1664 351 1757 382 rebus
1788 352 1964 391 desperatis
1994 351 2034 383 ad
2063 353 2171 385 Deum

1208 390 1420 429 confugimus,
1445 398 1476 421 et
1497 393 1633 433 singulis
1658 394 1745 425 110115
1766 395 1911 434 precibus
1930 401 1962 426 et
1984 395 2065 426 votis
2084 396 2172 427 solli—

1207 432 1354 463 citamus.
1389 432 1605 471 Quamobrem
1630 436 1790 467 diseamus
1814 438 1909 468 rebus
1933 439 2081 468 secundis
2105 449 2170 469 non

1207 474 1325 511 efferri,
1356 486 1457 515 neque
1489 478 1654 509 calcitrare
1684 480 1839 511 adversus
1868 491 1943 510 eum
1974 492 1991 511 a
2014 491 2077 520 quo
2102 482 2171 512 vita.

1207 522 1318 548 nostra
1352 518 1485 557 pendet:
1521 520 1574 550 5οι1
1607 528 1671 552 tani
1703 522 1847 553 adversis
1878 533 1974 562 quam
2004 524 2166 563 prosperis

1206 559 1309 597 rebus,
1334 565 1398 591 tam
1413 562 1529 600 quictis
1542 573 1637 602 quam
1658 565 1860 604 perturbatis,
1882 566 1948 596 solo
1963 565 2022 596 Dei
2038 567 2169 598 nomine

1205 601 1346 642 gloriari,
1370 603 1404 633 in
1427 604 1479 634 illo
1504 605 1569 636 solo
1594 607 1827 646 conquiescere,
1848 608 2063 648 fiduciamque
2097 619 2166 639 om·

1205 655 1278 674 nem
1313 645 1477 677 collocare.
1535 647 1741 688 Quapropter
1775 657 1869 681 etiam
1903 662 1942 681 ne
1973 652 2168 682 arbitremur

1205 687 1287 726 quod
1318 688 1370 718 hic
1400 689 1519 720 factum
1551 691 1687 730 legimus
1718 694 1814 723 semel
1846 700 1970 724 tantum
2003 693 2166 731 accidisse,

1204 730 1466 771 singularemque
1491 732 1572 763 hane
1599 734 1765 765 historiam
1791 737 1925 774 narrari,
1960 736 2016 767 sed
2040 743 2164 767 certum

1204 772 1238 802 in
1261 783 1298 803 ea
1322 773 1551 806 documentum
1576 777 1632 806 toti
1664 778 1814 809 ecclcsiae
1845 779 1994 810 omuibus
2027 779 2164 810 saeculis

1205 814 1273 845 dari
1287 816 1422 847 fiduciae
1435 817 1467 847 in
1482 817 1551 848 Deo
1570 819 1780 858 coll‹,›candae,
1804 822 2026 852 confirmatum
2051 832 2166 862 perpe-

1204 858 1266 888 tuis
1280 859 1341 889 Dei
1364 861 1637 898 promissionibus,
1662 872 1742 902 quae
1767 874 1830 894 n‹›n
1855 864 1894 894 ad
1918 864 2002 895 solos
2018 863 2166 903 Iudaeos,

1204 899 1260 930 sed
1290 901 1329 931 ad
1360 902 1579 934 universalem
1604 904 1770 936 ecclesiam
1794 907 1966 945 pertinent,
1991 907 2029 938 de
2052 907 2107 937 illa
2130 907 2165 937 in

1204 943 1300 974 rebus
1323 943 1468 977 adversis
1491 947 1625 978 tutanda
1649 953 1681 978 et
1703 949 1932 979 conservanda.
1977 949 2061 980 Nam
2084 950 2166 981 visio

1204 985 1259 1033 illa
1281 987 1458 1018 Zachariae
1489 989 1674 1029 prophetae,
1699 1001 1759 1030 qua
1784 992 1872 1022 Deus
1895 1003 1928 1022 se
1951 1002 2042 1023 suam
2066 992 2168 1024 eccle-

1204 1038 1284 1059 51301
1308 1030 1564 1062 instauraturum
1588 1033 1745 1072 pollicitus
1769 1040 1817 1064 est
1840 1035 1897 1064 toti
1922 1035 2074 1066 ecclesiae
2093 1045 2170 1066 con-

1205 1072 1300 1110 venit,
1325 1078 1355 1103 et
1378 1073 1409 1103 in
1436 1074 1532 1105 finem
1556 1085 1656 1115 usque
1680 1077 1792 1107 mundi
1817 1084 1865 1107 est
1889 1077 2051 1109 duratura.
2088 1077 2168 1108 Fuit

1203 1118 1311 1145 autem
1341 1115 1396 1146 illa
1418 1116 1457 1146 de
1480 1117 1672 1149 candelabro
1695 1118 1776 1158 quod
1800 1125 1867 1150 erat
1892 1120 1922 1150 in
1947 1120 2051 1151 medio
2074 1131 2168 1151 sanc-

1203 1157 1309 1197 tuarii⁷
1334 1158 1416 1198 quod
1442 1159 1486 1189 ait
1510 1171 1579 1191 esse
1601 1172 1762 1192 summum
1787 1163 1939 1193 eeclesiae
1958 1162 2112 1203 gaudium
2131 1169 2165 1194 et

1202 1201 1462 1232 consolationem.
1499 1202 1592 1241 Quod
1612 1204 1775 1235 admirans
1793 1205 1960 1245 propheta,
1981 1212 2011 1236 et
2029 1206 2167 1237 interro-

1202 1252 1291 1281 gans,
1322 1243 1474 1283 quidnam
1507 1246 1595 1276 istud
1618 1247 1782 1286 indicaret,
1814 1258 2001 1287 responsum
2027 1249 2166 1288 accepit:

1203 1284 1274 1316 Non
1298 1285 1467 1318 hominum
1491 1289 1612 1320 virtute
1637 1295 1668 1320 et
1690 1291 1832 1329 potentia
1848 1291 1907 1321 Dei
1927 1291 2093 1322 ecclesiam
2112 1291 2167 1322 de-

1202 1328 1289 1358 fendi
1319 1336 1350 1360 et
1379 1330 1488 1367 foveri,
1519 1332 1574 1362 scd
1604 1333 1700 1364 unius
1723 1332 1794 1363 Dei.
1840 1333 1937 1363 Nulla
1966 1333 2009 1364 ibi
2041 1334 2163 1365 mentio

1203 1371 1347 1405 Davidis.
1373 1373 1463 1403 nulla
1477 1373 1632 1413 Goliathi‚
1657 1375 1743 1406 nulla
1757 1376 1866 1415 populi
1880 1376 2051 1413 israelitici,
2074 1376 2165 1408 nulla

1202 1414 1339 1454 denique
1362 1415 1460 1447 ullius
1483 1416 1662 1448 admirandi
1693 1419 1731 1449 ab
1758 1418 1939 1449 hominibus
1963 1420 2094 1451 admissi
2118 1420 2164 1450 fa-

1201 1458 1334 1488 cinoris:
1358 1458 1412 1489 sed
1437 1469 1470 1489 se
1484 1459 1572 1490 Deus
1591 1461 1740 1492 ecclesiae
1763 1472 1838 1492 suae
1860 1467 2072 1501 protectorem
2097 1462 2165 1494 fore

1202 1500 1278 1531 dicit
1294 1511 1395 1540 usque
1411 1502 1444 1532 in
1468 1502 1565 1533 finem
1589 1504 1789 1535 saeculorum
1813 1511 1883 1543 post
1906 1503 2080 1536 adventum
2101 1506 2166 1537 Do-

1202 1543 1280 1573 mini
1305 1544 1407 1574 nostri
1429 1544 1504 1575 Iesu
1518 1545 1649 1581 Christi,
1674 1558 1774 1586 neque
1797 1546 1871 1577 ullis
1895 1547 2001 1585 armis,
2025 1554 2079 1578 aut
2103 1548 2164 1580 hu·

1201 1587 1306 1617 manis
1335 1587 1501 1626 praesidiis
1529 1587 1569 1618 ad
1605 1589 1804 1620 efficiendam
1842 1589 1992 1620 eeclesiae
2025 1591 2164 1624 salutem

1200 1640 1280 1669 opus
1312 1628 1398 1660 fore:
1428 1630 1483 1661 sed
1507 1631 1569 1661 Dei
1600 1633 1696 1663 unius
1726 1633 1845 1663 virtute
1869 1638 1898 1662 et
1922 1633 2067 1672 potentia
2091 1644 2162 1673 per-

1199 1672 1379 1703 ficiendam.
1437 1672 1655 1711 Quamobrem
1691 1675 1767 1706 haec
1802 1675 1946 1705 doctrina
1975 1682 2022 1706 est
2046 1678 2165 1709 nostris

1199 1715 1362 1746 mentibus
1385 1715 1558 1755 diligenter
1581 1716 1803 1757 imprimenda,
1827 1716 1994 1748 retinenda
2013 1723 2044 1748 et
2062 1719 2164 1751 medi-

1199 1758 1312 1788 tanda:
1337 1768 1433 1797 quam
1458 1759 1554 1789 etiam
1579 1761 1745 1798 possimus,
1770 1771 1867 1800 quum
1893 1760 2065 1791 necessitas
2090 1772 2162 1801 pos-

1197 1801 1315 1836 tularit,
1340 1800 1379 1830 ad
1401 1812 1493 1832 usum
1518 1801 1647 1840 referre,
1671 1811 1704 1833 ut
1728 1804 1753 1834 si
1777 1803 1930 1833 nimirum
1954 1803 1987 1833 in
2010 1803 2163 1837 ecclesiae

1197 1843 1440 1875 difficultatibus
1454 1843 1543 1874 Deus
1564 1845 1704 1875 humana
1727 1846 1882 1885 quaedam
1906 1846 2064 1884 praesidia
2087 1858 2160 1878 con-

1196 1887 1336 1923 cesserit,
1361 1897 1401 1916 ne
1425 1887 1463 1917 iis
1486 1887 1531 1918 sic
1553 1887 1735 1919 afficiamur
1758 1895 1789 1919 et
1811 1888 1947 1918 fidamus
1968 1894 2003 1918 ut
2020 1888 2083 1919 Dei
2102 1901 2162 1922 nos

1196 1929 1316 1960 oblivio
1350 1929 1470 1968 capiat:
1511 1930 1565 1960 sed
1601 1938 1712 1961 contra
1747 1942 1844 1970 quum
1879 1930 1975 1961 rebus
2010 1932 2161 1963 omnibus

1196 1971 1417 2010 destituemur,
1450 1973 1590 2004 nominis
1621 1974 1720 2014 ipsius
1752 1974 2001 2010 meminerimus,
2040 1982 2071 2004 et
2100 1974 2161 2006 hoc

1195 2015 1262 2046 solo
1292 2014 1366 2045 freti
1396 2015 1534 2045 sciamus
1565 2026 1622 2046 nos
1645 2016 1788 2047 omnium
1812 2022 1993 2047 nostrorum
2018 2015 2160 2049 hostium

1195 2058 1282 2089 vires
1306 2063 1337 2088 et
1360 2062 1494 2088 conatus
1519 2057 1610 2089 facile
1631 2058 1850 2099 despecturos:
1876 2070 1911 2090 ac
1931 2059 1956 2088 si
1977 2058 2046 2088 dira
2066 2070 2162 2099 quae-

1195 2111 1255 2139 que
1290 2099 1464 2131 adversum
1496 2111 1552 2131 nos
1582 2102 1818 2137 machinentur,
1854 2108 1885 2132 et
1918 2102 1950 2132 in
1980 2102 2159 2140 periculum

1195 2143 1308 2174 mortis
1343 2144 1523 2183 veniamus,
1558 2144 1768 2175 nihilominus
1793 2144 1854 2175 Dei
1893 2144 2159 2183 promissionibus

1195 2186 1337 2217 contenti
1363 2186 1473 2224 5111105,
1498 2197 1613 2226 nempe
1626 2187 1732 2217 Deum
1753 2188 1916 2218 ecclesiam
1941 2197 2034 2217 suam
2057 2198 2159 2227 usquo

1195 2228 1235 2259 ad
1266 2227 1378 2259 mundi
1408 2229 1505 2259 finem
1533 2229 1688 2261 adversus
1712 2230 1868 2270 quoslibet
1891 2229 2032 2260 hostium
2055 2231 2156 2261 insul-

1195 2277 1247 2303 tus
1271 2275 1453 2302 tutaturum
1477 2278 1508 2302 01
1532 2271 1752 2303 defensurum:
1778 2273 1803 2303 si
1827 2272 1921 2302 modo
1943 2272 1976 2302 in
2000 2272 2070 2312 ipso
2089 2273 2158 2305 solo

1195 2314 1474 2354 conquiescamus,
1523 2314 1666 2354 nihilque
1708 2315 1799 2346 nobis
1839 2314 1917 2354 ipsis
1957 2314 2158 2347 tribuamus:

1194 2356 1453 2397 quandoquidem
1477 2356 1563 2388 solus
1586 2357 1640 2387 ille
1664 2363 1770 2396 potest
1793 2358 1827 2387 in
1858 2368 1890 2388 se
1912 2363 2082 2397 sperantes
2104 2359 2156 2390 iu-

1195 2410 1280 2438 vare,
1315 2406 1346 2430 et
1376 2410 1392 2430 0
1423 2400 1533 2430 11101115
1565 2399 1709 2431 faucibus
1740 2400 1871 2440 eripere.
1925 2399 1990 2431 Sed
2021 2400 2054 2430 in
2089 2401 2158 2433 solo

1194 2443 1263 2474 Deo
1287 2441 1481 2482 sperandum
1504 2448 1560 2478 est,
1585 2449 1616 2472 et
1638 2443 1671 2472 in
1696 2443 1795 2481 ipsius
1815 2443 1930 2473 timore
1949 2453 2158 2482 perseveran-

1194 2485 1281 2521 dum,
1313 2490 1343 2515 et
1369 2495 1536 2524 nunquam
1560 2495 1577 2515 a
1600 2485 1688 2516 cultu
1712 2486 1812 2524 ipsius
1837 2485 1934 2523 verbo
1958 2487 2156 2526 praescripto

1194 2527 1417 2564 recedendum,
1441 2527 1494 2566 qui
1517 2538 1643 2558 summo
1667 2535 1778 2558 contra
1797 2527 1902 2559 studio
1921 2534 1952 2558 et
1971 2530 2157 2562 reverentia

1191 2569 1379 2601 retinendus
1409 2575 1466 2600 est.
1511 2570 1595 2600 Nam
1623 2570 1650 2600 si
1677 2570 1794 2601 factum
1819 2570 1903 2601 istud
1927 2571 1988 2602 erit
2011 2581 2028 2601 a
2052 2572 2156 2611 nobis,

1192 2619 1271 2644 tunc
1288 2612 1454 2643 brachium
1468 2623 1562 2643 suum
1586 2612 1624 2643 ad
1647 2623 1705 2644 nos
1724 2613 1874 2644 tutandos
1893 2619 2035 2645 exseret:
2059 2615 2156 2647 modo

1192 2656 1291 2689 etiam
1314 2656 1346 2687 in
1370 2655 1558 2686 memoriam
1581 2656 1689 2695 priora
1712 2656 1813 2696 ipsius
1836 2666 1913 2697 erga
1936 2668 1993 2688 nos
2017 2660 2048 2687 et
2074 2657 2158 2691 alios

1947 2708 1995 2734 15*
