2551 3044
222 214 284 245 269

845 212 891 243 IN
916 212 941 242 I.
966 211 1053 243 LIB.
1074 212 1270 245 SAMUEh.
1296 214 1392 246 CAR

1428 215 1554 246 xx'lll.
2120 215 2181 245 270

225 320 322 349 quum
346 309 456 341 dicunt
475 308 653 348 Caiapham
674 306 755 347 quod
776 312 859 337 esset
871 305 1012 345 pontifex
1026 304 1175 335 habuisse
1200 320 1202 350 1
1227 318 1356 339 necesse
1385 315 1440 343 cst,
1475 319 1605 339 manum
1638 309 1769 339 Domini
1800 320 1864 340 rem
1889 309 1977 339 illam
2001 309 2179 348 perfecisse.

225 354 344 383 donum
376 351 577 391 prophetiae:
607 361 643 382 ae
670 348 804 390 proinde
834 348 916 379 idem
941 358 1008 378 esse
1033 347 1070 377 de
1095 357 1176 386 papa

224 395 378 426 iudicium
408 394 490 434 quod
522 394 565 424 sit
595 392 744 424 ecclesiae
771 398 875 432 caput.

224 437 394 468 ostendant
416 447 477 476 quo
500 435 709 466 fundamento
732 435 876 464 nitantur
899 443 994 472 quum
1018 431 1100 462 idolo
1119 431 1174 469 illi,

224 480 275 511 cui
299 478 405 510 nullus
428 479 532 509 honor
555 477 695 513 debetur,
726 477 904 507 attribuunt
926 474 1115 514 dignitatem
1139 475 1175 504 il-
1200 513 1202 519 χ

225 523 288 553 lam
311 521 423 560 capitis
445 521 604 552 ecclesiae.
636 520 740 558 Quam
760 518 928 550 ridiculum
948 523 1174 557 argumentum

224 564 311 601 illud,
342 574 403 603 quo
426 563 601 602 Caiapham
625 563 830 602 prophetasse
854 560 972 598 volunt,
1002 566 1037 590 ut
1059 570 1174 599 papam

224 608 256 638 in
291 606 399 637 eodem
434 605 534 644 gradu
568 604 730 636 collocent.
777 604 844 635 Nae
878 603 1028 642 loquutus
1062 608 1111 632 est
1141 607 1176 632 ut

224 651 293 689 pica.
322 654 353 679 et
376 648 527 687 psittacus
550 648 707 687 garriunt,
738 653 772 678 ut
795 653 842 677 est
866 646 898 676 in
921 645 1081 676 communi
1105 654 1176 683 pro-

224 691 341 727 verbio,
378 696 410 720 et
445 690 572 729 quidem
603 690 733 720 omnino
763 694 875 720 contra
904 692 1042 718 mentem
1073 697 1174 724 suam,

223 744 320 773 quum
345 733 426 763 dixit
448 732 597 772 expedire
621 738 655 762 ut
679 742 761 762 unus
784 731 878 762 homo
897 741 954 770 pro
973 735 1039 760 toto
1057 730 1174 769 populo

223 780 410 806 moreretur.
455 776 540 806 Saue
573 784 637 804 non
667 775 799 813 agnovit
829 774 994 804 Christum
1024 782 1081 812 pro
1113 771 1173 802 Dei

222 820 303 849 filio:
326 828 426 857 neque
449 818 545 848 etiam
568 817 709 856 percepit
731 817 823 856 quale
843 815 1042 846 commodum
1064 821 1094 844 et
1111 814 1174 844 uti·

223 862 296 892 litas
319 872 359 891 ex
381 860 481 900 ipsius
505 865 606 890 morte
629 867 660 889 et
685 859 830 898 passione
854 858 892 889 ad
917 858 1101 888 universum
1121 868 1173 897 ge-

222 914 283 934 nus
314 903 490 933 humanum
522 902 711 941 perveniret,
743 902 775 931 in
799 901 858 932 hoc
880 901 1008 932 unicum
1030 900 1173 930 intentus

221 953 258 977 ut
281 955 408 985 quoquo
430 944 523 975 modo
548 943 696 974 Christus
719 955 736 974 e
759 944 862 974 medio
885 943 1059 973 tolleretur.
1082 942 1174 973 Nihi-

221 989 360 1019 lominus
384 995 490 1018 tamen
516 987 575 1017 hoc
592 986 644 1016 'illi
665 987 752 1017 Deus
771 986 913 1022 extorsit,
937 992 973 1016 ut
991 985 1173 1016 ostenderet

221 1038 357 1061 mortem
392 1029 448 1060 filii
478 1030 526 1059 sui
557 1029 667 1068 generi
700 1029 839 1059 humano
862 1029 998 1060 salutem
1020 1034 1051 1058 et
1074 1028 1172 1058 vitam

221 1074 400 1104 allaturam.
447 1071 735 1102 Verumenimvero
774 1071 951 1111 Caiapham
993 1081 1094 1110 neque
1137 1076 1174 1100 ut

220 1117 391 1151 doctorem,
424 1124 526 1154 neque
556 1120 591 1144 ut
621 1115 810 1153 magistrum
841 1115 873 1144 10
904 1113 1036 1145 ecclesia
1058 1112 1172 1143 admit-

221 1167 333 1196 temus,
357 1163 386 1188 et
411 1157 497 1187 nulla
521 1157 588 1188 eius
611 1164 657 1187 est
681 1158 842 1194 autoritas,
866 1167 968 1196 neque
992 1166 1099 1186 eorum
1120 1155 1173 1195 qui

219 1213 252 1233 se
283 1201 337 1231 illo
361 1205 500 1237 tuentur,
530 1199 787 1238 quandoquidem
810 1210 917 1229 eorum
941 1209 1019 1239 quae
1042 1198 1173 1238 protulit

220 1244 342 1275 nullam
372 1242 619 1282 intelligentiam
651 1241 772 1280 habuit,
803 1244 899 1272 inimo
927 1242 1086 1272 contraria
1109 1241 1172 1271 illis

220 1296 349 1326 prorsus
372 1291 403 1315 et
426 1294 609 1324 repugnans
628 1285 696 1315 eius
714 1284 849 1315 intentio
863 1285 930 1315 fuit.
954 1283 1170 1323 Quamobrem

219 1339 316 1369 quum
347 1327 478 1359 Saulem
509 1326 657 1358 audimus
688 1327 905 1367 prophetasse,
933 1337 973 1357 ne
996 1326 1170 1366 cogitemus

217 1371 340 1411 reliqua
364 1370 462 1401 fuisse
484 1369 639 1409 quaedam
659 1369 763 1400 adhuc
782 1370 814 1400 in
834 1371 902 1410 ipso
922 1369 1055 1409 vestigia
1074 1369 1170 1400 dono-

217 1425 289 1445 rum
313 1423 392 1453 quae
417 1413 504 1451 prius
527 1413 558 1443 in
583 1413 687 1452 ipsum
714 1413 801 1443 Deus
823 1412 1019 1444 contulerat:
1042 1411 1096 1442 sed
1115 1421 1170 1451 ag-

217 1466 384 1488 noscamus
414 1455 521 1495 potius
550 1454 733 1486 inchoatam
757 1456 789 1485 in
820 1455 874 1485 illo
904 1455 1041 1494 gratiam
1070 1454 1169 1485 fuisse

215 1509 345 1539 prorsus
365 1498 583 1536 deformatam,
603 1503 634 1528 et
653 1499 685 1528 in
706 1498 902 1528 contrarium
924 1507 1054 1537 prorsus
1074 1507 1169 1528 usum

215 1550 417 1573 conversam:
443 1540 636 1580 Saulemque
661 1540 877 1571 maledictioni
902 1540 1028 1571 divinae
1051 1540 1167 1570 tactum

215 1584 398 1620 obnoxium,
430 1594 493 1613 uon
526 1588 652 1613 tantum
682 1582 766 1622 quod
797 1593 872 1623 erga
896 1583 1001 1613 Deum
1024 1583 1169 1622 ingratus

215 1627 327 1658 fuisset
350 1637 406 1666 pro
429 1630 474 1656 tot
497 1626 634 1665 acceptis
657 1626 696 1656 ab
720 1627 787 1665 ipso
811 1625 987 1656 beneficiis:
1011 1624 1066 1656 sed
1085 1625 1168 1664 quod
1196 1660 1197 1666 ἵ

214 1670 242 1700 ei
266 1669 426 1700 invideret
448 1679 541 1708 quem
566 1668 655 1699 Deus
680 1669 788 1708 populi
812 1669 862 1699 sui
882 1668 1043 1699 duetorem
1063 1667 1168 1708 desig-

214 1718 317 1749 narat,
348 1716 380 1742 et
402 1717 533 1742 unctum
557 1722 651 1742 suum
675 1712 802 1746 fecerat,
834 1711 864 1741 id
888 1716 936 1741 est
958 1721 1031 1741 eum
1055 1711 1108 1750 qui
1132 1711 1168 1741 fi-

214 1765 295 1795 gura
317 1759 386 1785 erat
408 1753 540 1784 Domini
564 1754 666 1784 nostri
685 1754 758 1784 Iesu
779 1754 920 1784 Christi:
945 1753 1021 1784 adeo
1040 1753 1167 1792 quidem

214 1804 249 1828 ut
272 1798 385 1828 insano
407 1796 514 1827 furore
537 1797 578 1827 sit
600 1797 751 1836 percitus.
797 1797 839 1826 Et
859 1795 896 1826 de
915 1797 985 1827 istis
1003 1795 1167 1827 hactenus.

300 1839 452 1879 Sequitur
473 1838 596 1869 Saulem
612 1839 818 1878 furibundum
835 1841 862 1869 et
879 1839 1025 1869 insanum
1038 1839 1168 1870 voluisse

213 1882 366 1914 Davidem
396 1881 484 1912 hasta
512 1892 604 1921 quam
632 1892 730 1912 vunnu
758 1881 873 1912 tenebat
902 1882 1086 1922 transfiyere,
1115 1882 1168 1913 sed

213 1925 366 1956 Davidem
395 1924 441 1955 bis
469 1924 643 1956 declinasse.
692 1925 771 1955 Tum
797 1924 923 1955 Saulem
945 1925 1086 1956 metuisse
1108 1925 1168 1955 sibi

213 1979 233 1999 a
249 1968 328 2007 facie
350 1967 496 2005 Davidis,
520 1968 600 2005 quod
619 1967 680 1998 Dei
698 1968 830 2006 spiritus
849 1967 886 1997 ab
905 1968 971 2006 ipso
988 1967 1167 2005 recessisset,

213 2016 244 2040 et
270 2009 541 2041 animadverteret
578 2009 737 2040 Davidem
769 2021 787 2040 a
817 2009 886 2040 Deo
916 2010 983 2050 regi
1006 2015 1038 2041 et
1067 2010 1168 2050 ipsius

213 2052 372 2093 praesidio
406 2052 528 2090 vallari,
565 2062 598 2083 se
630 2063 705 2083 vero
735 2053 887 2083 miserum
918 2058 949 2083 et
977 2053 1167 2083 reiectitium

213 2106 281 2126 esse
299 2106 317 2125 a
336 2095 486 2126 Domino.
528 2095 615 2126 Hinc
634 2096 667 2125 in
686 2095 799 2135 primis
818 2095 1050 2126 observandum
1070 2106 1166 2135 quam

213 2137 412 2169 miraculosis
432 2142 463 2168 et
482 2137 679 2168 admirandis
698 2138 803 2168 modis
822 2137 911 2168 Deus
930 2149 1003 2169 suos
1023 2144 1165 2169 tueatur:

213 2185 244 2210 et
277 2180 341 2210 iam
376 2186 471 2210 antea
505 2180 669 2211 docuimus
704 2180 810 2211 Deum
846 2191 1076 2220 nonnunquam
1111 2192 1167 2221 per

213 2223 366 2261 quasdam
397 2223 546 2262 ambages
577 2229 606 2253 et
638 2223 705 2254 vias
727 2223 872 2262 obliquas
895 2222 1011 2263 quibus
1035 2225 1166 2256 retroire

213 2266 317 2305 potius
336 2275 430 2304 quam
451 2275 636 2304 promovere
656 2276 749 2296 suum
770 2276 850 2305 opus
869 2265 1015 2297 videatur
1030 2268 1166 2307 operari,

213 2318 274 2347 quo
305 2307 407 2338 virtus
438 2307 537 2346 ipsius
569 2313 658 2338 tanto
682 2309 723 2338 sit
746 2308 909 2339 illustrior.
954 2308 1036 2339 Nam
1059 2310 1084 2340 si
1109 2311 1166 2341 ho-

211 2350 336 2380 minum
360 2360 447 2380 more
469 2356 667 2389 operaretur,
691 2357 826 2382 naturae
845 2350 925 2381 illud
944 2351 1165 2392 tribueremus,

212 2403 317 2432 neque
347 2393 378 2422 in
409 2392 476 2423 eius
500 2391 640 2423 bonitate
662 2403 753 2433 spem
777 2404 975 2433 poneremus,
1008 2395 1164 2427 auxilium

212 2435 243 2465 in
274 2435 369 2465 rebus
400 2435 546 2475 angustis
576 2435 614 2466 ab
645 2446 682 2466 ea
713 2441 887 2475 sperantes,
918 2436 1001 2476 quod
1032 2437 1164 2469 fortuito

211 2477 342 2508 evenire
365 2477 455 2508 nobis
479 2478 753 2517 persuaderemus.
798 2478 842 2509 At
864 2489 962 2518 quum
982 2479 1071 2511 Deus
1089 2492 1163 2512 con-

210 2528 261 2550 tra
284 2520 453 2550 hominum
472 2530 558 2559 spem
577 2526 607 2550 et
626 2521 908 2560 exspectationem,
932 2532 994 2562 quo
1013 2524 1165 2555 remotior

209 2562 338 2593 videtur
367 2572 404 2593 eo
433 2562 538 2602 magis
567 2573 660 2593 suum
690 2573 769 2602 opus
799 2564 921 2603 perficit
947 2569 979 2595 et
1001 2565 1163 2597 decretum

210 2604 250 2635 ad
292 2606 388 2636 finem
422 2604 568 2645 perducit
603 2605 801 2637 admirandis
835 2607 944 2644 modis,
979 2607 1017 2639 de
1050 2609 1164 2649 quibus

209 2658 377 2688 nunquam
407 2647 611 2688 cogitassent,
642 2653 710 2679 tum
740 2658 817 2680 sane
846 2649 898 2681 vel
928 2651 1048 2683 invitos
1070 2652 1164 2683 fateri

921 389 984 421 Sed
1008 390 1039 420 in
1064 389 1175 429 primis
1201 421 1202 430 ἵ

1227 350 1277 380 En
1309 362 1365 381 cur
1396 351 1484 381 Deus
1513 362 1607 390 saepo
1637 351 1750 382 mediis
1780 358 1889 382 utatur
1919 351 2001 391 apud
2034 351 2179 382 homines

1226 393 1424 432 cont-emptis,
1450 401 1480 423 ut
1508 394 1607 432 gloria
1631 405 1688 424 sua
1712 395 1767 424 fiat
1788 396 1994 433 conspectior.
2046 394 2179 424 Davidis

1226 436 1372 475 exemplo
1391 436 1599 466 confirmatur
1620 437 1695 467 llaec
1711 437 1866 474 doctrina,
1890 447 1982 476 quem
1997 448 2014 466 a
2028 437 2179 467 Samuele

1228 478 1371 508 videmus
1402 485 1531 508 unctum
1564 480 1668 513 fuisse,
1700 491 1760 509 non
1792 486 1918 509 tantum
1950 486 1984 509 ut
2016 490 2069 509 rcx
2095 485 2178 509 esset

1227 520 1259 549 10
1289 520 1346 551 hoc
1370 521 1503 550 mundo:
1534 521 1587 551 scd
1611 523 1706 551 ctiam
1731 529 1765 551 ut
1788 530 1867 552 esset
1894 524 1996 560 ligura
2019 528 2050 551 et
2074 523 2177 558 imago

1228 562 1357 593 Domini
1383 563 1482 593 nostri
1507 563 1578 593 Iesu
1604 564 1734 594 (Elii-isti.
1782 566 1807 594 A
1832 566 1930 603 septis
1954 565 2050 603 igitur
2068 565 2176 594 ovium

1227 604 1359 635 deduxit
1381 616 1453 635 eum
1479 606 1633 636 Dominus
1659 607 1689 637 in
1713 607 1820 637 Saulis
1844 607 1958 637 aulam.
1997 607 2061 637 sed
2087 607 2117 636 in
2142 617 2178 636 ea

1226 648 1381 686 quomodo
1405 657 1555 687 exceptus
1579 648 1648 679 ost?
1693 649 1768 679 Saul
1794 649 1919 680 insidiis
1942 654 2076 679 mortem
2091 649 2177 679 illius

1226 690 1394 729 quaesivit,
1417 698 1449 720 et
1473 691 1680 730 persequendi
1706 693 1808 730 ipsum
1830 694 1925 721 tinem
1947 692 2070 721 nullum
2093 691 2175 722 fecit.

1227 734 1269 764 Et
1303 732 1361 763 hoe
1393 744 1459 772 ipso
1492 734 1558 763 loco
1583 733 1725 763 videmus
1749 735 1837 764 illum
1862 735 1909 764 bis
1934 735 1965 764 in
1989 735 2099 764 mortis
2123 745 2175 764 vc-

1227 777 1312 807 nisse
1341 776 1535 815 periculum:
1567 776 1664 806 Saule
1693 777 1814 806 hastam
1846 777 1877 806 in
1910 777 1997 806 illum
2031 777 2176 806 vibrante

1225 820 1316 850 cuius
1349 819 1448 849 ictum
1480 830 1541 848 0011
1573 830 1740 849 evasurum
1773 819 1863 849 illum
1888 818 2044 857 sperabat.
2090 818 2176 857 Quid

1226 872 1301 901 ergo
1323 861 1453 891 Saulem
1474 861 1614 900 impedit,
1636 862 1695 891 nisi
1714 861 1803 891 Deus
1823 863 1875 900 qui
1895 862 1991 892 ictum
2014 872 2031 891 a
2051 861 2176 891 Davide

1225 905 1351 941 avertit,
1381 903 1647 942 quemadmodum
1680 915 1772 943 saepe
1802 913 1911 934 contra
1942 906 2023 934 ictus
2050 904 2082 933 in
2107 915 2177 934 nos—

1225 952 1307 977 tram
1342 946 1477 976 salutem
1512 946 1642 982 dirigit?
1690 947 1845 976 Memoria
1878 952 2060 986 repetamus
2094 947 2176 986 quod

1225 997 1299 1020 ante
1322 989 1521 1019 audivimus:
1548 988 1650 1018 David
1670 989 1805 1028 lapidem
1826 989 1924 1019 funda
1945 989 2102 1020 iaculatus
2119 995 2177 1028 est,

1225 1032 1278 1072 qui
1302 1031 1447 1063 Goliathi
1471 1034 1608 1062 frontem
1633 1038 1717 1061 recta
1740 1033 1842 1070 petiit.
1887 1032 1967 1062 Erat
1989 1037 2095 1062 autem
2126 1031 2179 1062 ille

1223 1075 1313 1116 gigas
1337 1074 1428 1105 miles
1452 1074 1685 1113 cataphractus,
1716 1074 1837 1113 reliqua
1860 1076 2002 1113 corporis
2032 1074 2177 1105 membra

1223 1124 1306 1149 tecta
1336 1117 1458 1147 habens
1481 1122 1611 1156 excepta
1634 1118 1746 1146 tronto.
1793 1116 1900 1154 Quare
1924 1116 2030 1147 David
2060 1117 2177 1148 multos

1223 1159 1343 1200 lapides
1365 1159 1562 1190 iaculaturus
1581 1158 1748 1190 videbatur
1766 1166 1938 1198 antequam
1954 1159 2074 1189 nudum
2088 1159 2174 1190 illam

1223 1203 1364 1243 corporis
1385 1208 1507 1242 partem
1521 1202 1700 1241 attingeret,
1724 1213 1797 1232 uam
1812 1202 1837 1232 si
1851 1202 1965 1232 millies
1978 1209 2174 1232 armaturam

1223 1245 1392 1285 attigisset,
1427 1245 1539 1275 inanes
1574 1245 1657 1275 ictus
1692 1245 1834 1280 fuissent,
1869 1244 1953 1283 quod
1984 1244 2081 1274 armis
2111 1246 2176 1275 suis

1224 1293 1327 1320 tectus
1354 1294 1507 1327 tanquam
1532 1287 1604 1317 forti
1629 1287 1864 1326 propugnaculo
1888 1293 1976 1317 tutus
2002 1287 2175 1318 videretur.

1226 1331 1358 1362 Davidis
1389 1331 1495 1369 itaque
1525 1340 1639 1360 manus
1669 1340 1785 1360 arcana
1815 1329 1877 1359 Dei
1900 1330 2020 1359 virtute
2044 1330 2174 1363 renitor,

1224 1380 1258 1405 ut
1282 1373 1347 1405 solo
1371 1374 1436 1404 ictu
1461 1373 1614 1413 superbus
1638 1379 1668 1402 et
1688 1373 1835 1402 immanis
1855 1372 1906 1402 ille
1927 1372 2016 1412 gigas
2037 1377 2172 1411 proster-

1223 1422 1328 1448 natur.
1374 1417 1428 1447 Sic
1458 1422 1569 1447 contra
1591 1415 1666 1445 licet
1690 1415 1807 1445 Davidi
1833 1414 1909 1445 Saul
1933 1415 1974 1445 sit
1997 1415 2174 1454 proximus,

1223 1466 1253 1490 et
1287 1459 1403 1490 habeat
1437 1459 1469 1488 in
1504 1464 1670 1497 potestate,
1704 1464 1738 1487 ut
1773 1468 1864 1487 nenio
1898 1457 2066 1496 prohibeat
2097 1458 2174 1497 quin

1223 1502 1348 1533 hastam
1371 1502 1404 1532 in
1428 1502 1535 1541 ipsum
1559 1500 1723 1537 iaculetur,
1746 1511 1808 1530 000
1829 1506 1933 1530 tamen
1953 1501 2057 1538 ferire,
2081 1511 2172 1539 quem

1222 1545 1359 1585 petebat.
1399 1544 1514 1584 potuit.
1559 1543 1780 1582 Conspicimus
1817 1542 1916 1582 igitur
1951 1543 2107 1581 quomodo
2136 1554 2173 1573 ex

1222 1593 1312 1627 parte
1335 1587 1425 1618 Deus¹
1448 1586 1554 1617 Saulis
1578 1596 1707 1616 manum
1732 1586 1856 1621 avertit,
1888 1585 1926 1614 ab
1950 1585 2051 1616 altera
2075 1586 2174 1616 Davi-

1223 1631 1270 1661 dis
1298 1629 1464 1661 brachium
1488 1629 1614 1659 direxit⁴
1659 1628 1709 1658 Ex
1732 1628 1800 1658 istis
1824 1628 1985 1663 discimus,
2020 1638 2078 1658 nos
2101 1628 2175 1659 licet

1221 1673 1332 1703 multis
1363 1672 1505 1711 undique
1534 1671 1689 1711 periculis,
1726 1670 1794 1701 Deo
1825 1671 2037 1709 permittente,
2066 1671 2172 1710 cinga-

1221 1726 1295 1746 mur
1329 1721 1359 1746 et
1393 1714 1603 1751 obside-amur,
1637 1720 1671 1744 ut
1702 1713 1739 1743 do
1772 1713 1861 1743 nobis
1889 1721 1994 1743 actum
2018 1724 2088 1744 esse
2110 1713 2172 1743 iam

1221 1758 1379 1794 videatur,
1398 1763 1504 1788 tamen
1525 1768 1563 1787 ex
1584 1757 1645 1786 illis
1665 1766 1721 1786 nos
1740 1756 1871 1786 eruendi
1892 1756 2046 1786 rationem
2067 1756 2173 1786 Deum

1220 1801 1311 1832 facile
1334 1802 1552 1831 inventurum.
1597 1799 1678 1829 Nam
1700 1798 1793 1829 habet
1812 1799 1844 1828 10
1864 1804 2019 1837 potestate
2040 1809 2101 1828 non
2125 1809 2174 1829 so-

1219 1844 1286 1875 lum
1319 1844 1432 1874 mortis
1463 1843 1582 1873 exitus:
1613 1842 1667 1872 sed
1698 1848 1800 1880 potest
1823 1852 1862 1870 ex
1885 1842 1996 1872 mortis
2019 1841 2174 1880 faucibus,

1219 1898 1317 1926 quum
1348 1886 1434 1917 volet
1461 1895 1587 1915 eruere:
1620 1890 1650 1914 et
1682 1885 1773 1914 faciet
1804 1884 1900 1913 etiam
1925 1884 2176 1923 quotiescunque

1219 1930 1369 1960 fiduciam
1386 1939 1511 1960 omnem
1526 1931 1665 1957 nostram
1680 1927 1709 1957 in
1725 1927 1792 1966 ipso
1806 1927 2044 1957 collocabimus:
2064 1936 2175 1966 quem-

1219 1973 1390 2003 admodum
1432 1970 1522 2001 doeet
1557 1970 1678 2000 Paulus
1711 1970 1743 1999 in
1768 1969 1796 2000 2.
1822 1969 1861 1999 ad
1885 1970 1958 2000 Cor.
1983 1980 2008 2000 c.
2035 1969 2061 1999 1.
2107 1969 2173 1999 Ita-

1219 2026 1281 2055 que
1325 2025 1423 2055 quum
1461 2014 1519 2043 hoc
1554 2013 1620 2043 loco
1657 2011 1785 2042 Saulem
1821 2011 1967 2042 audimus
2000 2011 2172 2042 iaculatum

1219 2058 1316 2089 fuisse
1352 2057 1426 2088 totis
1460 2055 1582 2087 viribus
1616 2055 1740 2085 hastam
1775 2056 1807 2084 in
1842 2054 2000 2085 Davidem
2034 2060 2069 2085 ut
2099 2064 2173 2085 eum

1219 2100 1444 2135 transfoderet,
1478 2109 1572 2138 quem
1603 2104 1708 2127 tamen
1733 2108 1795 2127 non
1820 2097 1934 2136 attigit,
1960 2107 2174 2136 agnoscamus

1218 2144 1344 2174 irritum
1375 2143 1472 2173 ictum
1495 2141 1575 2180 quod
1601 2140 1735 2171 Davidis
1758 2141 1825 2169 vita
1849 2139 1881 2169 iu
1906 2139 2019 2169 umbra
2042 2139 2172 2170 Domini

1219 2191 1392 2226 tegeretur,
1426 2184 1481 2224 qui
1504 2194 1578 2214 suos
1601 2183 1722 2222 eripere
1746 2183 1834 2212 novit
1855 2193 1894 2212 ex
1918 2182 2065 2213 omnibus
2089 2182 2171 2221 peri-

1218 2229 1307 2265 culis,
1332 2234 1363 2259 et
1386 2237 1549 2266 nunquam
1571 2227 1603 2256 in
1628 2226 1722 2256 rebus
1741 2225 1870 2255 incertis
1889 2225 2016 2255 deserit.
2063 2224 2172 2263 Quare

1218 2271 1429 2312 promissione
1452 2269 1507 2300 illa
1531 2269 1680 2304 nitamur,
1704 2268 1810 2297 Deum
1835 2278 1889 2298 nos
1914 2273 2068 2306 tanquam
2088 2267 2171 2298 oculi

1217 2315 1268 2345 sui
1292 2313 1445 2353 pupillam
1470 2322 1558 2343 caros
1578 2311 1703 2346 habere,
1733 2316 1764 2339 et
1782 2309 2014 2340 occultaturum
2041 2309 2075 2339 in
2102 2320 2172 2349 pro-

1217 2356 1396 2398 pugnaculo
1431 2366 1498 2392 suo,
1532 2354 1576 2384 sic
1610 2360 1644 2383 ut
1678 2363 1735 2383 nec
1759 2352 1904 2383 homines
1927 2352 2080 2392 improbi,
2117 2353 2170 2392 qui

1217 2400 1327 2431 turbas
1351 2399 1427 2429 dare
1451 2404 1482 2427 et
1505 2407 1619 2427 nocere
1643 2401 1779 2434 possent,
1805 2406 1862 2426 nec
1886 2395 1951 2425 ulla
1970 2402 2170 2434 quantacun-

1216 2453 1277 2482 que
1301 2442 1348 2473 vis
1373 2442 1524 2480 ipsorum,
1560 2448 1618 2468 nec
1641 2438 1774 2469 consilia
1797 2438 1911 2476 quibus
1934 2438 2023 2468 obrui
2048 2444 2171 2477 potera-

1216 2496 1296 2516 mus.
1326 2484 1364 2514 ad
1396 2494 1453 2513 nos
1484 2491 1585 2521 usque
1607 2480 1807 2520 perveniant,
1841 2490 1940 2520 quum
1964 2480 2052 2511 Deus
2076 2481 2172 2510 fuerit

1217 2527 1306 2559 nobis
1336 2527 1467 2567 clypeus
1495 2529 1526 2555 et
1549 2523 1835 2563 propugnaculum.
1880 2522 1990 2561 Quare
2012 2523 2047 2553 in
2070 2523 2172 2562 ipsius

1216 2570 1356 2601 bonitate
1387 2577 1560 2608 speremus,
1590 2566 1666 2596 licet
1690 2564 1775 2595 mille
1800 2565 1947 2604 periculis
1970 2565 2107 2597 obsessi:
2139 2570 2172 2596 et

1216 2623 1314 2653 quum
1355 2621 1396 2641 ne
1436 2619 1566 2650 passum
1607 2607 1735 2647 quidem
1774 2618 1962 2648 promovere
1994 2609 2171 2648 poterimus

1216 2656 1293 2695 quin
1317 2653 1484 2685 veniamus
1508 2652 1539 2682 in
1563 2651 1703 2681 hostium
1728 2650 1866 2690 laqueos,
1900 2651 2039 2682 sciamus
2062 2656 2171 2682 tamen
