2551 3044
371 196 411 226 63

372 291 508 326 ritatem,
550 296 579 318 et
623 288 691 317 iure
728 285 840 317 divino
876 287 1082 327 permittitur.
1128 287 1210 318 Tum
1245 286 1331 317 enim

372 333 462 363 Deus
506 330 595 361 nobis
635 329 735 360 veluti
777 329 923 360 concedit
963 330 1101 361 nominis
1136 330 1185 360 sui
1221 338 1331 360 usum:

371 373 465 405 niodo
497 374 530 404 in
561 372 655 403 rebus
684 372 851 412 permissis
882 379 914 402 et
938 372 1033 404 licitis
1056 383 1128 404 cuin
1153 372 1333 402 reverentia

371 416 450 448 illud
490 425 690 455 usurpemus
736 414 838 445 Porro
873 415 1081 446 iurisiurandi
1113 414 1252 445 formula
1281 414 1333 445 hic

371 466 418 491 est
445 468 647 498 summopere
677 456 887 497 observanda,
918 468 1015 498 quum
1047 457 1177 489 dicitur:
1218 456 1334 488 Iehova
1358 459 1359 477 ³

372 503 461 534 vivit:
484 502 599 541 quibus
623 500 794 531 denotatur
818 498 963 531 divinam
987 500 1187 532 maiestatem
1207 509 1333 539 semper
1358 511 1359 531 ;

373 556 441 577 esse
470 544 592 575 salvam
623 548 749 579 tectam,
781 542 855 574 licet
878 542 930 574 hic
951 544 1058 574 omnia
1082 543 1114 574 in
1139 542 1233 573 terris
1257 542 1333 573 mis·
1358 545 1359 550 ¹

561 588 608 618 Ac
637 596 714 616 sane
745 595 844 625 quum
868 585 1043 617 mentiendi
1067 592 1100 616 et
1123 584 1253 616 fallendi
1276 584 1333 616 ho-
1358 597 1360 614 1

372 631 476 662 mines
499 630 559 661 sibi
584 629 704 660 fuciunt
729 634 927 668 potestatem,
952 628 1065 660 accidit
1089 627 1172 667 quod
1195 628 1239 658 ita
1261 638 1332 668 spe·
1358 650 1359 655 ,

373 680 447 705 rant
470 684 503 704 se
526 672 693 703 hominum
719 669 836 702 iudicia
860 670 1061 711 effugiturus,
1085 672 1110 701 si
1133 671 1255 701 crimen
1279 681 1333 701 au·
1358 692 1359 706 2

373 716 482 748 dacter
505 715 699 746 infitientur:
729 720 761 744 et
783 713 828 744 ita
851 714 887 744 fit
911 721 946 744 ut
968 720 1087 744 temere
1111 713 1193 744 etin
1215 722 1332 743 vanum
1358 728 1359 755 j

1020 757 1119 796 Atqui
1152 757 1333 786 iuramenta
1358 757 1359 764 ¹

369 811 444 833 suut
474 799 649 831 remedium
673 798 711 830 ad
736 798 903 830 mendacia
925 804 957 830 et
980 798 1108 830 fraudes
1131 797 1333 835 cohibendas,
1358 796 1360 808 ¹

370 594 514 619 ceantur.

372 759 434 790 Dei
472 768 587 789 nomen
626 757 772 787 iurantes
807 756 974 796 accipiant.

373 852 407 876 ut
426 848 571 875 statuant
590 842 737 873 homines
760 852 805 881 se,
829 841 902 873 licet
925 841 959 872 in
983 841 1033 872 his
1058 842 1152 872 terris
1176 851 1236 872 non
1261 851 1333 881 pos-

370 887 434 919 sint
477 886 573 917 ullius
613 884 743 916 sceleris
781 884 912 925 coargui
953 890 984 915 et
1020 884 1177 921 malitiae,
1225 892 1333 914 tamen

371 940 478 962 coram
511 929 578 959 Deo
601 926 705 958 iudice
727 927 825 958 semel
850 927 929 968 ipsis
953 927 1212 967 comparendum,
1244 926 1335 957 cuius

371 973 441 1004 sisti
471 982 583 1003 omnes
614 975 740 1010 oportet
770 969 896 1001 iudicio.
944 970 1023 1000 Vita
1046 970 1153 1009 itaque
1177 969 1231 999 illa
1253 979 1334 1009 quae

371 1016 440 1047 Deo
487 1014 639 1045 tribuitur
679 1013 779 1052 ipsius
821 1013 981 1045 maiestati
1020 1013 1177 1043 convenit.
1222 1011 1334 1051 Neque

373 1058 459 1090 enim
493 1057 576 1088 vivit
610 1055 700 1086 Deus
736 1061 773 1086 ut
806 1055 991 1095 speculetur
1026 1061 1150 1086 tantum
1186 1064 1266 1094 quac
1301 1054 1334 1084 in

374 1099 495 1132 mundo
532 1100 624 1136 fiunt,
664 1109 766 1138 neque
795 1103 830 1129 ut
858 1098 891 1129 in
923 1108 973 1129 res
1004 1103 1128 1129 creatas
1158 1097 1335 1128 dominium

374 1143 534 1175 obtineat:
559 1141 615 1173 sed
639 1141 744 1182 potius
767 1146 802 1172 ut
826 1140 982 1172 mundum
1006 1139 1126 1171 iudicet
1148 1150 1166 1170 a
1188 1151 1221 1171 se
1245 1149 1335 1171 crea-

375 1192 460 1217 tum:
485 1194 660 1224 eorumque
683 1193 762 1223 quos
780 1183 876 1224 elegit
895 1189 927 1214 et
946 1182 1111 1223 adoptavit
1131 1183 1335 1213 misereatur:

375 1235 409 1260 ut
441 1229 489 1260 ius
519 1237 614 1259 suum
636 1227 751 1266 cuique
776 1226 906 1264 tribuat,
935 1232 968 1257 et
990 1226 1023 1256 in
1047 1226 1167 1266 flagitia
1191 1224 1335 1256 animad-

377 1277 489 1303 vertat.
537 1272 643 1310 Atque
666 1269 744 1300 haee
769 1274 819 1300 est
853 1269 920 1300 vita
954 1279 1036 1309 quae
1071 1268 1139 1299 Deo
1174 1267 1336 1305 tribuitur,

376 1321 411 1346 ut
445 1324 559 1353 nempe
593 1312 692 1343 totius
724 1311 834 1342 mundi
869 1312 910 1342 sit
945 1311 1057 1342 iudex:
1091 1311 1159 1342 eius
1193 1310 1336 1351 potentia

375 1362 596 1398 cognoscatur,
631 1355 701 1386 eius
735 1354 861 1385 bonitas
893 1360 924 1385 et
958 1354 1116 1394 sapientia
1149 1353 1265 1393 magni,
1301 1359 1336 1383 ut

375 1411 434 1440 par
464 1407 520 1437 est,
551 1398 616 1429 fiat.
663 1396 771 1436 Quare
801 1407 900 1437 quum
930 1402 1054 1428 veteres
1083 1396 1160 1427 olim
1191 1396 1258 1427 istis
1288 1396 1335 1426 iu-

374 1441 466 1474 randi
491 1440 635 1472 formulis
666 1440 715 1470 usi
749 1446 841 1471 sunt:
876 1438 999 1470 Iehova
1033 1439 1123 1477 vivit,
1156 1439 1195 1469 iis
1228 1437 1336 1469 testati

376 1492 453 1517 sunt
476 1495 510 1515 se
533 1484 567 1514 in
591 1493 692 1514 unum
716 1488 884 1513 aeternum
908 1481 1046 1514 iudicem
1071 1482 1237 1521 respicere,
1262 1486 1294 1512 et
1317 1492 1334 1512 a

377 1528 446 1559 solo
477 1527 530 1558 illo
555 1525 750 1566 dependere:
785 1531 816 1556 et
839 1525 912 1555 licet
935 1524 1102 1555 hominum
1126 1524 1242 1555 iudicia
1265 1534 1335 1563 pos-

377 1576 449 1602 sent
468 1570 618 1609 effugere,
644 1567 854 1599 nihilominus
873 1578 906 1598 se
923 1567 985 1598 Dei
1002 1567 1118 1598 iudicio
1136 1576 1335 1607 nequaquam

377 1624 468 1654 posse
491 1611 679 1648 subducere,
703 1621 805 1651 neque
829 1620 944 1641 manus
967 1610 1068 1650 ipsius
1091 1609 1234 1649 evadere,
1258 1609 1335 1649 quin

377 1657 422 1687 rei
456 1665 587 1686 suorum
622 1654 777 1684 scelerum
812 1654 901 1684 fiant.
948 1654 995 1685 Ac
1026 1662 1103 1684 sane
1133 1653 1159 1683 si
1191 1652 1335 1683 homines

377 1699 437 1730 ista
461 1697 558 1737 probe
581 1695 836 1733 recordarentur,
868 1695 1040 1727 verisimile
1070 1701 1119 1726 est
1149 1695 1219 1726 illos
1242 1694 1336 1735 longe

377 1742 409 1772 in
433 1739 622 1771 iuramentis
647 1739 855 1770 modestiores
877 1748 946 1770 esse
969 1738 1095 1769 futuros
1118 1744 1147 1769 et
1180 1745 1334 1777 tempera-

377 1784 484 1816 tiores.
531 1781 613 1813 Nam
643 1781 698 1821 qui
727 1781 840 1813 crebro
868 1780 931 1812 Dei
962 1791 1078 1812 nomen
1109 1785 1275 1820 usurpant,
1305 1785 1336 1810 et

377 1834 498 1858 temere
521 1825 553 1856 in
578 1835 631 1855 ore
655 1824 783 1860 habent,
815 1823 928 1855 belluis
953 1823 1103 1854 videntur
1126 1822 1280 1854 simillimi
1304 1827 1336 1853 et

377 1880 395 1900 a
419 1868 489 1900 Deo
512 1867 716 1899 alienissimi:
748 1877 847 1907 quum
878 1872 986 1897 tamen
1015 1865 1264 1906 quotiescunque
1287 1866 1335 1896 iu-

377 1922 487 1944 ramus
521 1909 561 1941 ad
596 1910 657 1941 Dei
691 1909 806 1941 solium
841 1908 1056 1941 conscendere
1090 1919 1146 1940 nos
1180 1914 1334 1948 oporteat,

378 1965 497 1994 nosque
525 1953 572 1984 illi
596 1953 716 1990 sistere,
746 1952 884 1984 scientes
907 1962 971 1983 non
994 1951 1134 1982 inultum
1163 1951 1228 1982 fore
1253 1951 1332 1981 iura·

377 2001 523 2029 mentum
547 2003 666 2027 temere
691 1995 752 2026 Dei
776 2005 893 2026 nomen
917 1993 1158 2026 advocantium:
1188 1993 1271 2033 quod
1295 1993 1332 2023 ad

376 2040 476 2071 divini
502 2039 591 2070 verbi
614 2049 762 2070 normam
785 2037 871 2078 exigi
895 2047 1023 2069 necesse
1045 2041 1102 2068 est.
1149 2036 1231 2067 Nam
1257 2046 1334 2067 sane

377 2084 402 2114 si
422 2081 541 2123 singuli
565 2080 624 2112 sibi
648 2081 681 2112 in
705 2086 847 2112 mentem
865 2086 1054 2111 revocarent
1073 2078 1175 2111 divini
1195 2078 1334 2109 nominis
1357 2106 1359 2114 Α

378 2125 588 2161 maiestatem,
626 2124 846 2164 turpissimum
877 2123 1100 2154 existimarent
1130 2121 1191 2153 Dei
1219 2131 1333 2152 nomen

380 2168 413 2199 in
436 2178 490 2199 ore
513 2167 681 2198 hominum
703 2166 825 2197 versari
849 2172 881 2197 et
903 2165 1005 2196 instar
1027 2164 1110 2204 pilae
1134 2163 1230 2202 volvi,
1262 2174 1335 2203 poe-

380 2220 500 2251 nasque
523 2215 704 2240 metuerent
727 2219 806 2249 quas
827 2208 903 2239 olim
927 2208 1017 2239 Deus
1039 2207 1078 2238 ob
1102 2207 1151 2239 sui
1173 2212 1335 2245 contemp-

380 2259 450 2284 tum
473 2259 522 2284 est
544 2251 584 2282 ab
607 2251 670 2283 illis
691 2252 901 2292 repetiturus:
926 2262 962 2282 ac
981 2250 1336 2290 proindeatemerariis

379 2294 559 2328 istiusmodi
583 2295 772 2325 iuramentis
796 2294 929 2325 horrore
952 2293 1053 2324 divini
1076 2291 1336 2324 iudiciideterre-

381 2344 501 2370 rentur.
549 2337 593 2368 Et
627 2338 782 2369 haetenus
812 2337 851 2367 de
876 2336 1000 2367 solenni
1028 2335 1084 2366 illo
1116 2335 1222 2367 Saulis
1250 2334 1336 2365 iura-

382 2386 502 2419 mento,
536 2390 570 2411 se
605 2380 726 2411 nemini
761 2390 797 2411 ae
831 2390 871 2411 ne
904 2378 1087 2409 Ionathauo
1121 2377 1248 2418 quidem
1272 2376 1337 2408 filio

382 2424 589 2464 parciturum.
635 2422 746 2454 Cuius·
769 2433 847 2454 sane
887 2422 1095 2452 temerarium
1140 2421 1200 2452 fuit
1244 2419 1338 2451 iusiu-

382 2466 529 2504 randum,
559 2476 656 2505 quum
687 2465 836 2505 deinceps
863 2476 902 2496 cx
933 2464 1077 2504 opposito
1107 2463 1260 2504 populum
1290 2462 1336 2492 iu-

383 2519 470 2540 rasse
504 2507 680 2545 videamus,
725 2517 790 2538 non
824 2517 973 2539 casurum
1007 2506 1109 2538 ullum
1143 2517 1182 2537 ex
1216 2504 1339 2546 capillis

385 2551 497 2591 capitis
524 2550 704 2588 Ionathani,
735 2556 767 2581 et
797 2550 840 2581 ita
871 2549 978 2582 Saulis
1007 2549 1224 2580 iuramentum
1249 2557 1339 2579 revo-

385 2599 491 2625 catum
532 2594 629 2625 fuisse
662 2593 822 2624 contrario
856 2592 964 2633 populi
999 2592 1188 2623 iuramento.
1234 2592 1340 2630 Atque

385 2635 429 2666 ita
452 2637 541 2668 Deus
564 2636 637 2667 fecit
651 2636 853 2668 manifestam
871 2635 979 2667 Saulis
994 2635 1222 2674 temeritatem,
1246 2642 1339 2674 quem

1227 192 1427 224 HOMILIA
1451 194 1489 224 L.

2303 194 2344 225 64

1386 286 1424 318 de
1459 297 1556 319 causa
1587 288 1676 328 prius
1710 286 1877 327 oportebat
1911 287 2084 328 diligenter
2117 289 2278 328 inquirere
2311 294 2343 320 et

1385 340 1585 370 cognoscere,
1609 340 1704 370 quam
1728 337 1848 360 temere
1879 329 2027 361 iudicare.
2074 330 2245 362 Praeterea
2270 331 2342 364 hinc

1386 373 1484 404 etiam
1517 378 1651 413 apparet
1683 379 1802 412 quanta
1835 372 1878 403 sit
1913 372 2077 403 hominum
2113 383 2342 413 nonnunquam

1386 415 1570 455 pertinacia,
1595 424 1693 454 quum
1717 419 1810 445 extra
1833 414 2005 446 modestiae
2029 414 2147 447 limites
2170 416 2343 456 egrediun-

1387 464 1447 494 tur,
1478 468 1573 497 quam
1598 463 1706 488 tamen
1737 467 1801 487 non
1832 457 1876 487 ita
1899 457 2021 496 pridem
2045 457 2125 490 Saul
2149 457 2343 496 ostenderat,

1386 511 1485 540 quum
1504 499 1680 531 sacerdotis
1699 499 1782 531 dicto
1800 499 1868 530 sine
1887 500 2113 540 obloquutione
2125 501 2342 541 acquieverat.

1387 543 1454 574 Iam
1480 553 1554 574 vero
1583 543 1734 582 quoniam
1763 541 1864 574 levior
1893 543 1997 574 fuerat
2027 549 2057 574 et
2087 544 2222 574 nimium
2253 553 2342 584 prae-

1386 596 1459 625 ceps
1483 586 1514 616 in
1539 584 1670 616 ferenda
1693 584 1863 623 sententia,
1886 585 2008 616 malum
2031 585 2114 617 malo
2138 585 2258 624 adiicit,
2280 586 2342 617 fili-

1386 638 1503 667 umque
1527 638 1631 664 suum,
1656 634 1690 658 ut
1710 627 1860 667 deinceps
1879 627 2069 667 videbimus,
2092 629 2189 659 morti
2208 628 2341 660 addicit:

1386 670 1469 709 quod
1494 670 1588 711 longe
1612 670 1752 701 deterius
1774 669 1835 701 fuit
1858 676 1890 701 et
1912 671 2122 710 perniciosius
2140 681 2233 711 quam
2254 671 2343 711 prius

1387 713 1476 743 illud.
1527 713 1687 753 Deinceps
1715 713 1871 753 sequitur.
1904 713 2006 745 iactas
2040 713 2140 745 fuisse
2168 720 2279 751 sortes,
2312 721 2344 746 et

1387 755 1519 787 Saulem
1550 766 1620 787 esse
1651 762 1815 796 precatum
1846 755 1952 787 Deum
1984 762 2019 787 ut
2048 756 2210 797 integrum
2242 755 2342 788 daret.

1387 798 1458 829 Nou
1494 806 1614 830 temere
1649 808 1724 830 vero
1758 799 1981 839 usurpandum
2015 798 2097 839 quod
2131 797 2170 830 de
2203 798 2343 831 sortibus

1388 841 1523 872 dicitur:
1556 851 1656 881 neque
1687 841 1775 871 enim
1803 841 1944 872 usitatus
1975 848 2025 872 est
2048 841 2133 882 apud
2158 851 2214 872 nos
2236 841 2344 873 scisci-

1359 875 1361 917 l
1388 883 1478 914 tandi
1509 883 1629 924 aliquid
1653 883 1706 914 ille
1730 893 1805 914 mos.
1851 883 1963 915 Sortes
1987 883 2116 924 quidem
2140 883 2173 914 in
2197 883 2343 916 dividen-

1388 926 1435 957 dis
1459 932 1492 957 et
1514 925 1736 958 herciscundis
1759 926 1888 958 familiis
1911 926 2035 967 proiicii
2058 926 2176 958 solent:
2200 926 2254 957 sed
2279 936 2343 958 non

1388 970 1421 1000 in
1451 969 1546 1000 rebus
1577 968 1682 1000 dubiis
1705 975 1738 999 et
1760 968 1902 1000 obscuris
1925 968 2159 1010 investigandis
2182 967 2343 1000 adhiberi:

1387 1011 1645 1052 quandoquidem
1674 1022 1739 1042 non
1767 1011 1922 1043 habemus
1950 1012 1984 1043 in
2013 1012 2112 1043 sacris
2135 1011 2233 1043 ullam
2257 1021 2344 1043 reve-

1389 1054 1542 1086 lationem
1571 1054 1640 1086 Deo
1671 1053 1758 1086 istud
1788 1054 1927 1094 placere:
1957 1065 1993 1086 ac
2023 1054 2157 1095 proinde
2188 1065 2252 1085 non
2275 1054 2344 1086 sine

1388 1097 1572 1138 arrogantia
1595 1097 1626 1128 id
1650 1096 1689 1128 de
1712 1107 1773 1137 quo
1804 1097 1928 1128 nullum
1953 1103 2059 1129 exstat
2082 1096 2268 1128 mandatum
2292 1107 2344 1138 ag-

1387 1139 1608 1181 grederemur.
1660 1139 1831 1171 Caeterum
1872 1140 1947 1171 olim
1982 1139 2141 1171 adhibitas
2175 1146 2276 1171 sortes
2309 1139 2344 1171 in

1388 1182 1581 1223 quibusdam
1606 1182 1873 1214 extraordinariis
1894 1182 1996 1221 factis,
2020 1188 2056 1213 ut
2078 1188 2152 1214 ante
2175 1183 2239 1213 iam
2265 1181 2344 1213 vidi-

1389 1236 1469 1263 mus,
1504 1233 1627 1257 eertum
1657 1230 1716 1263 est,
1749 1231 1781 1256 et
1814 1236 1878 1256 nou
1908 1224 2006 1257 fuisse
2036 1224 2224 1256 damnatum
2253 1224 2345 1256 illum

1388 1267 1505 1309 agendi
1535 1278 1667 1299 morem.
1713 1267 1932 1306 Quamobrem
1963 1278 2026 1299 non
2056 1273 2103 1299 est
2131 1268 2226 1299 etiam
2250 1266 2345 1299 Sauli

1389 1311 1468 1342 vitio
1492 1310 1634 1342 dandum
1664 1310 1746 1351 quod
1772 1310 1831 1342 hoc
1854 1316 1998 1350 tempore
2021 1315 2123 1342 sortes
2146 1310 2256 1351 proiici
2279 1310 2344 1341 ius·

1388 1353 1438 1385 sit.
1464 1354 1547 1385 Tum
1571 1353 1657 1384 enim
1680 1359 1782 1384 sortes
1807 1353 1965 1393 proiectae
1985 1353 2134 1384 ultimum
2157 1359 2226 1384 erat
2249 1352 2344 1384 rebus

1389 1396 1520 1428 incertis
1544 1395 1739 1427 remedium:
1770 1396 1852 1436 quod
1876 1402 1978 1427 sortes
2001 1406 2164 1436 nunquam
2187 1395 2344 1426 fallerent.

1390 1438 1509 1478 Quare,
1533 1440 1671 1479 inquam,
1695 1438 1776 1471 Saul
1797 1438 1837 1470 ob
1859 1438 2016 1479 proiectas
2038 1444 2140 1470 sortes
2163 1449 2227 1469 non
2250 1447 2344 1470 aceu-

1389 1481 1526 1513 sandus:
1560 1481 1615 1513 sed
1649 1492 1714 1512 non
1748 1487 1856 1512 tamen
1890 1481 1954 1512 alia
1987 1492 2027 1512 ex
2061 1487 2150 1521 parte
2185 1480 2224 1512 ab
2258 1481 2345 1512 omni

1388 1524 1483 1565 culpa
1505 1534 1634 1555 vacuus.
1659 1523 1747 1563 Quid
1769 1525 1814 1555 ita
1837 1523 1938 1556 vero?
1968 1523 2082 1555 Nonne
2104 1523 2191 1555 enim
2210 1523 2346 1563 ipsemet

1388 1567 1496 1598 Deum
1530 1567 1670 1606 invocat,
1710 1573 1742 1598 ct
1782 1566 1909 1598 ardenti
1946 1567 2062 1598 affectu
2095 1566 2135 1597 ad
2169 1565 2346 1597 Dominum

1389 1610 1542 1641 effertur?
1568 1608 1672 1642 Sane:
1696 1609 1751 1641 sed
1775 1620 1836 1640 non
1860 1609 1930 1641 ideo
1953 1614 2062 1640 tamen
2081 1609 2120 1640 ab
2145 1608 2232 1640 omni
2252 1608 2346 1649 culpa

1388 1663 1508 1684 vacuus
1532 1659 1589 1684 est.
1636 1652 1680 1683 Et
1703 1652 1792 1684 Deus
1821 1652 1928 1690 etiam,
1959 1656 1994 1683 ut
2023 1652 2173 1691 deinceps
2204 1655 2345 1691 apparet,

1388 1694 1447 1727 hoc
1469 1695 1623 1727 iudicium
1647 1695 1680 1726 in
1704 1695 1795 1726 illum
1819 1695 1962 1733 immisit,
1984 1694 2068 1735 quod
2093 1693 2258 1735 populum,
2282 1703 2346 1734 qua

1389 1749 1452 1769 non
1476 1738 1604 1777 licebat,
1627 1738 1848 1770 exsecratione
1871 1737 2107 1769 obstrinxisset.
2140 1736 2264 1768 Idcirco
2287 1736 2347 1778 igi-

1388 1788 1441 1812 tur
1471 1781 1560 1813 Deus
1591 1781 1739 1821 permisit
1772 1786 1858 1812 sorte
1886 1780 2102 1811 Ionathanum
2137 1778 2345 1820 deprehendi,

1389 1830 1423 1854 ut
1453 1834 1530 1855 suae
1558 1824 1750 1855 temeritatis
1781 1833 1900 1863 poenas
1923 1823 2004 1854 Saul
2035 1823 2141 1854 daret:
2171 1821 2226 1854 sed
2261 1821 2346 1853 hune

1389 1872 1559 1897 tractatum
1592 1867 1625 1897 in
1656 1873 1841 1906 sequentem
1872 1865 1956 1897 diem
1991 1866 2175 1898 reiiciamus
2206 1864 2275 1896 Deo
2299 1863 2345 1895 fa·

1388 1915 1483 1940 vente
1506 1908 1652 1949 pluribus
1674 1908 1912 1940 excutiendum.

1471 1951 1542 1983 Iam
1566 1962 1643 1983 vero
1666 1951 1870 1992 procidamus
1891 1954 1942 1982 etc.

1709 2122 1953 2162 HOMILIA
1977 2122 2019 2161 L.

1471 2209 1521 2239 41.
1553 2208 1594 2240 Et
1625 2207 1707 2239 dixit
1738 2206 1818 2238 Saul
1847 2207 1889 2238 ad
1912 2206 2082 2238 Dominum
2110 2204 2212 2237 Deum
2235 2206 2344 2246 Israel,

1387 2250 1428 2281 (ia
1450 2252 1649 2283 sanctitatem.
1680 2249 1723 2281 Et
1746 2249 1954 2291 deprehensus
1976 2251 2019 2281 est
2042 2247 2191 2280 Immthas
2212 2251 2238 2279 et
2257 2248 2345 2289 Saul,

1384 2293 1518 2332 populus
1541 2296 1641 2325 autem
1662 2293 1765 2324 exivit.
1812 2292 1862 2323 42.
1892 2291 1934 2323 Et
1954 2292 1999 2323 ait
2022 2290 2119 2322 Saul:
2143 2290 2258 2323 Mittite
2278 2301 2344 2324 sor-

1387 2338 1444 2367 tem
1466 2337 1544 2368 iuter
1565 2346 1612 2367 me
1633 2338 1660 2367 et
1681 2336 1762 2366 inter
1784 2334 1936 2366 Ionatlzan
1955 2333 2056 2373 filium
2079 2343 2190 2373 meum,
2220 2336 2247 2365 et
2272 2343 2343 2374 cap—

1388 2381 1436 2409 tus
1458 2381 1499 2409 est
1519 2378 1680 2410 Ionathas.
1705 2377 1756 2409 43.
1777 2377 1870 2409 Dixit
1892 2379 1992 2408 autem
2014 2375 2094 2407 Saul
2113 2377 2155 2408 ad
2174 2376 2344 2408 Imzatlian:

1395 2421 1502 2453 Indica
1531 2421 1607 2452 mihi
1636 2420 1713 2460 quid
1741 2420 1861 2460 feceris,
1894 2422 1920 2451 et
1948 2419 2095 2450 indicavit
2127 2419 2156 2451 ei
2186 2419 2343 2459 Ionathas,

1390 2466 1415 2493 et
1445 2465 1502 2495 ait:
1537 2464 1677 2496 Gustans
1703 2462 1827 2503 qustavi
1856 2463 1890 2493 in
1918 2462 2093 2493 summitate
2123 2461 2229 2503 virque
2261 2472 2342 2502 quae

1390 2509 1454 2536 erat
1477 2507 1510 2538 in
1532 2517 1628 2538 manu
1650 2516 1717 2537 mea
1734 2504 1901 2544 paululum
1922 2504 2030 2541 mellis,
2062 2506 2087 2535 et
2110 2513 2172 2536 ecce
2200 2514 2250 2545 eqo
2278 2514 2342 2536 mo-

1391 2549 1463 2579 rior.
1508 2550 1558 2580 44.
1590 2549 1632 2580 Et
1660 2548 1706 2579 ait
1737 2547 1822 2584 Saul,
1856 2547 1928 2578 haec
1957 2547 2054 2586 faciat
2082 2546 2159 2578 mihi
2189 2546 2285 2585 Deus,
2317 2549 2344 2578 et

1391 2590 1462 2621 haec
1479 2593 1582 2630 addat,
1605 2591 1680 2631 quia
1701 2593 1794 2622 morte
1815 2590 1960 2621 morieris
1983 2589 2126 2621 Ionatha.
2160 2589 2210 2621 45.
2234 2588 2341 2620 Dixit-

1392 2643 1448 2673 que
1476 2635 1613 2674 populus
1645 2633 1687 2665 ad
1721 2632 1813 2664 Saul:
1847 2632 1972 2673 Eryone
2006 2631 2156 2664 Ionathas
2188 2631 2341 2671 morietm,
