2551 3044
219 207 281 238 253

215 302 374 335 mercedis
406 303 563 334 rationem
593 302 766 342 habuisset,
795 302 915 333 occasio
938 299 1107 331 videbatur
1131 298 1178 328 illi

220 345 326 376 oblata
360 346 562 376 offensionis:
604 345 759 385 siquidem
795 345 848 375 alii
883 343 991 375 Saulis
1025 341 1178 374 satellites

223 389 399 419 maioribus
438 389 589 428 praemiis
630 387 837 425 ornabantur,
878 393 909 417 et
943 386 975 416 in
1010 385 1178 416 autoritate

223 431 343 462 maiore
367 438 467 461 erant.
513 432 619 470 Atque
642 430 694 460 ille
717 430 854 469 quidem.
890 434 1058 468 antequam
1083 437 1116 457 se
1139 425 1178 456 ad

223 473 388 513 singulare
411 479 570 503 certamen
595 483 666 503 cum
691 473 821 513 gigante
845 473 982 506 offerret,
1011 470 1177 501 audiverat

222 526 332 556 regem
364 516 616 551 nobilhaturum,
649 522 680 546 et
710 515 830 546 divitiis
861 514 970 545 multis
1001 513 1178 543 ditaturum

223 568 297 589 eum
320 558 373 597 qui
397 558 560 597 gigantem
584 558 676 588 illum
701 564 906 597 prostrasset:
929 557 1006 596 quin
1030 562 1060 586 et
1082 555 1176 585 filiam

222 600 256 631 in
292 600 532 631 matrimonium
564 600 625 640 ipsi
655 599 824 631 daturum:
861 606 891 630 et
921 599 1051 629 domum
1080 597 1178 637 ipsius

223 642 372 674 omnibus
403 642 531 673 tributis
562 649 594 673 et
618 642 826 682 vectigalibus
850 642 980 673 liberam
1004 642 1178 671 facturum:

223 695 335 717 verum
373 690 479 715 tamen
512 691 645 725 apparet
677 685 833 715 Davidem
863 695 927 715 non
958 684 1054 714 fuisse
1083 682 1178 712 rebus

222 727 292 758 istis
329 727 515 764 adductum,
552 738 652 767 neque
682 738 871 766 persuasum
903 733 937 758 ut
966 733 1030 756 tam
1063 724 1178 764 impari

222 770 398 801 certamine
420 780 492 800 cum
517 769 669 800 Goliatho
690 770 947 806 congrederetur,
971 768 1024 800 sed
1038 768 1103 798 sola
1116 766 1178 797 Dei

223 812 324 851 gloria
346 819 377 842 et
400 812 505 842 studio
527 813 638 843 salutis
658 813 764 852 populi
785 813 882 843 fuisse
899 812 1082 852 impulsum.
1116 809 1178 840 Hic

222 855 469 890 observandum,
489 854 593 885 Deum
615 855 740 894 quidem
762 855 944 894 permittere
965 861 1000 884 ut
1019 853 1067 884 sui
1081 852 1177 882 etiam

221 897 256 928 in
287 897 406 927 mundo
437 908 493 936 pro
522 898 588 927 suis
619 897 791 928 benefactis
815 897 964 937 praemiis
988 895 1178 931 afficiantur,
1202 907 1205 914 i

221 939 390 970 hominum
423 940 602 970 infirmitati
634 939 753 979 aliquid
784 941 1034 970 condonantem:
1067 947 1177 968 verum

221 986 331 1013 tamen
356 993 417 1012 non
442 991 510 1012 esse
533 982 648 1013 inistis
672 982 880 1018 haerendum,
905 993 1006 1022 neque
1029 985 1178 1020 appeten-

221 1024 296 1056 dam
317 1025 355 1055 ab
375 1024 558 1055 hominibus
577 1024 755 1055 mercedem
775 1025 876 1056 instar
894 1025 1176 1055 mercenariorum:

220 1067 277 1098 sed
308 1067 378 1098 Deo
402 1066 642 1097 inserviendum
665 1067 815 1105 fideliter,
844 1074 935 1107 prout
959 1076 1114 1107 quemque
1138 1064 1178 1096 ad

218 1108 280 1141 hoc
304 1109 354 1140 vel
373 1109 451 1140 illud
473 1119 552 1148 opus
572 1115 673 1140 vocat.
719 1110 828 1148 Quare
848 1110 1004 1141 Davidem
1026 1115 1176 1147 tanquam

219 1152 385 1191 exemplar
415 1151 607 1182 imitandum
636 1152 726 1183 nobis
755 1163 982 1192 proponamus,
1019 1152 1044 1182 si
1075 1150 1178 1181 officio

220 1199 331 1226 nostro
355 1195 444 1234 fungi
468 1195 624 1233 cupimus.
672 1195 844 1226 Praeterea
867 1193 1101 1226 observandum
1125 1203 1178 1224 eos

223 1238 277 1277 qui
300 1247 460 1267 summam
483 1247 574 1267 suam
600 1237 784 1268 felicitatem
808 1239 839 1268 in
860 1237 909 1268 his
928 1237 1022 1268 rebus
1042 1235 1178 1267 terrenis

219 1280 430 1315 constituunt,
450 1285 480 1309 et
501 1280 679 1310 mercedem
694 1280 931 1311 benefactorum
945 1280 983 1310 ab
996 1278 1178 1310 hominibus

217 1326 350 1361 sperant
383 1332 476 1361 saepe
510 1323 658 1361 opinione
693 1322 758 1353 falli
793 1329 824 1353 et
857 1333 912 1362 spe
940 1333 998 1354 sua
1021 1321 1177 1352 excidere.

219 1363 314 1403 Quod
334 1364 436 1403 ipsius
452 1364 585 1395 Davidis
598 1365 744 1404 exemplo
758 1365 963 1396 manifestum
977 1373 1034 1395 est.
1057 1364 1177 1404 Magno

219 1407 304 1438 enim
342 1407 387 1436 illi
425 1407 586 1438 constabit
623 1406 731 1439 Saulis
761 1418 890 1438 servum
923 1413 954 1439 et
983 1407 1176 1447 armigerum

218 1449 329 1480 fuisse.
376 1448 439 1480 Sed
474 1450 623 1489 quoniam
655 1450 694 1481 ad
725 1460 762 1481 ea
792 1460 856 1480 non
880 1450 1002 1490 appulit
1025 1450 1176 1485 animum,

218 1492 337 1523 idcirco
360 1502 440 1531 quae
463 1502 480 1522 a
500 1491 598 1523 Saule
615 1502 730 1532 passus
749 1498 796 1523 est
816 1493 895 1524 bene
914 1493 976 1532 ipsi
995 1497 1176 1524 cesserunt:

217 1533 290 1565 Deo
313 1535 412 1574 ipsius
434 1535 649 1566 constantiam
674 1541 705 1566 et
728 1536 916 1575 patientiam
940 1540 1118 1573 exercente,
1146 1540 1178 1565 et

219 1576 252 1607 in
283 1577 426 1607 adversis
456 1577 547 1607 illum
579 1578 761 1608 consolante
792 1588 832 1608 ne
855 1578 1012 1609 deficeret.
1055 1576 1176 1616 Quam-

219 1619 331 1650 obrem
354 1619 492 1650 fideliter
515 1619 555 1650 ad
577 1620 675 1651 finem
700 1630 800 1660 usque
823 1619 1051 1660 perseveravit,
1072 1620 1175 1651 nobis-

219 1672 280 1701 que
303 1673 336 1693 se
359 1662 464 1701 ipsum
489 1662 672 1702 exemplum
695 1663 773 1693 utile
796 1663 970 1702 proposuit,
1000 1668 1037 1693 ut
1058 1662 1092 1693 in
1115 1662 1177 1694 Dei

218 1705 334 1735 timore
357 1704 480 1736 sincere
504 1711 534 1736 et
557 1705 627 1736 sine
651 1705 723 1736 fuco
745 1705 957 1743 ambulemus,
980 1710 1012 1736 et
1029 1706 1061 1736 in
1078 1705 1178 1745 ipsius

218 1747 426 1787 obsequentia
445 1757 700 1787 perseveremus,
724 1753 760 1779 ut
778 1747 931 1788 quidquid
950 1747 1120 1779 fecerimus
1138 1747 1178 1779 ad

219 1788 283 1820 Dei
316 1789 451 1830 gloriam
486 1797 517 1821 et
551 1791 772 1829 proximorum
809 1790 980 1821 utilitatem
1010 1790 1178 1828 referatur,

218 1831 294 1864 licet
316 1833 465 1873 ingratus
487 1832 627 1864 mundus
651 1843 708 1873 pro
730 1832 905 1864 benefactis
922 1833 1125 1873 iniquitatem
1145 1840 1178 1864 et

216 1875 374 1906 malitiam
399 1874 562 1915 rependat.

299 1917 368 1948 Iam
389 1928 463 1949 vero
487 1918 580 1958 agite,
604 1920 656 1949 etc.

491 2075 737 2115 HOMILIA
761 2075 904 2115 LXVI.

572 2130 669 2162 cAP.
694 2130 824 2162 xvm.

304 2216 333 2246 1.
357 2215 400 2247 Et
416 2215 532 2255 factum
551 2217 602 2252 est,
622 2225 715 2254 quum
734 2216 908 2255 complesset
925 2216 1007 2256 loqui
1025 2218 1067 2249 ad
1086 2217 1174 2256 Saul,

219 2259 327 2290 anima
361 2258 512 2289 Ionathae
544 2258 750 2298 conylutinata
784 2261 827 2289 est
859 2259 980 2290 animae
1002 2259 1119 2300 David,
1150 2263 1176 2292 et

218 2301 328 2333 dilexit
350 2311 417 2332 eum
437 2299 588 2332 Ionatlzas
605 2301 697 2340 quasi
726 2301 865 2332 aizimam
880 2311 977 2333 suam.
1022 2303 1051 2334 2.
1078 2303 1176 2334 Tulit-

218 2354 276 2383 que
297 2353 365 2375 eum
388 2342 467 2374 Saul
490 2343 521 2374 in
544 2343 594 2374 clz'e
612 2343 677 2383 illa,
701 2345 727 2374 et
746 2354 803 2374 non
823 2345 964 2376 concessit
981 2345 1009 2376 ei
1027 2349 1060 2377 ut
1077 2356 1174 2377 rever-

217 2389 332 2418 teretur
364 2386 398 2416 iâ€ž
432 2385 553 2416 dommn
580 2386 688 2424 patris
720 2387 780 2417 sui.
836 2386 864 2418 3.
899 2387 1042 2419 Iniertmt
1073 2392 1175 2420 autem

216 2429 326 2460 David
355 2430 381 2458 et
404 2427 553 2459 Ionatleas
572 2428 695 2467 foedus:
727 2428 872 2468 diliyebat
894 2430 972 2461 enim
994 2441 1063 2462 eum
1084 2433 1175 2471 quasi

218 2472 358 2504 animam
376 2481 477 2501 suam.
501 2471 530 2501 4.
552 2470 636 2501 Nam
654 2471 838 2509 exspoliavit
855 2482 887 2503 se
905 2472 1053 2505 Ionatlzas
1071 2475 1174 2506 tunica

218 2524 281 2554 qua
303 2516 367 2545 erat
389 2514 526 2551 inclutus,
550 2516 576 2544 et
597 2513 680 2544 dedit
698 2523 764 2544 eam
782 2513 906 2546 David:
929 2518 956 2546 et
972 2517 1093 2556 reliqua
1111 2527 1174 2548 ves-

217 2557 343 2588 timenta
365 2566 425 2587 sua
446 2565 541 2595 usque
564 2556 605 2586 acl
625 2555 765 2595 yladz'um
787 2559 813 2587 et
834 2567 939 2589 arcum
957 2568 1056 2597 suum,
1079 2562 1106 2591 et
1125 2570 1175 2590 us-

216 2609 272 2638 que
294 2599 336 2631 ad
357 2598 515 2630 baltheum.
561 2598 588 2628 5.
614 2598 839 2639 Egrediebatur
868 2611 982 2641 quoque
1001 2601 1111 2633 David
1133 2603 1174 2634 ad

215 2642 320 2673 omnia
342 2651 534 2681 quaecunque
555 2641 690 2673 misisset
712 2651 780 2672 eum
803 2641 890 2681 Saul,
913 2646 940 2675 et
957 2645 1124 2684 prudenter
1141 2655 1174 2676 se

851 208 898 239 IN
922 208 947 238 Î™.
971 206 1059 238 LIB.
1084 204 1281 236 SAMUEL.
1306 204 1402 235 CAP.
1428 205 1555 237 XVIII.

2125 204 2187 234 2:34

1232 298 1352 337 ayebat:
1366 299 1528 338 posuitque
1547 310 1613 329 cam
1634 298 1712 329 Saul
1729 309 1822 337 super
1839 299 1922 329 viros
1940 298 2018 337 belli,
2038 300 2064 328 et
2082 307 2184 336 accep-

1231 342 1280 371 tas
1301 344 1367 370 erat
1385 341 1417 371 in
1436 342 1529 371 oculis
1550 342 1684 372 universi
1698 342 1815 380 populi,
1841 342 2032 380 maximeque
2059 341 2088 370 in
2117 349 2185 370 con-

1231 386 1332 422 spectu
1358 383 1550 421 famulorum
1577 384 1662 415 Saul.
1695 384 1723 414 6.
1748 383 1849 415 Porro
1871 394 1964 423 (stetim
1986 385 2186 414 reverteretur

1225 436 1372 465 percusso
1395 425 1565 457 Philistaeo
1587 427 1703 465 David,
1732 437 1867 466 [yressac
1889 429 1960 456 sunt
1982 426 2126 456 â€mlieres
2148 424 2186 455 de

1230 469 1385 499 universis
1404 468 1529 499 urbibus
1550 470 1658 507 Israaeâ€˜l,
1681 472 1843 506 cantantes,
1863 469 2026 507 chorosque
2043 468 2185 499 ducentes

1230 511 1263 541 in
1292 521 1449 542 occursum
1474 511 1552 542 â€ºS'aul
1574 513 1663 552 rtyis,
1698 513 1727 542 in
1750 512 1905 552 tympanis
1927 511 2070 549 laetitiae,
2104 513 2129 540 cl
2153 510 2185 540 in

1230 554 1343 584 sistris.
1389 553 1416 584 7.
1452 553 1493 584 Et
1522 554 1738 592 praecinebant
1767 554 1910 585 mulieres
1940 554 2075 584 Zudmztes
2097 555 2184 591 atquc

1203 598 1205 611 Â³
1230 596 1380 626 diceutes:
1407 596 1562 627 Percussit
1577 596 1653 627 Saul
1678 597 1768 634 mille,
1791 599 1816 627 el
1828 596 1934 628 David
1957 596 2053 627 decem
2073 595 2183 625 millia.

1231 638 1258 669 8.
1285 638 1393 669 Iratus
1415 641 1459 669 est
1477 642 1577 669 <uitem
1596 638 1674 670 Saul
1694 641 1795 677 nimis,
1819 642 1844 670 cl
1862 639 2019 678 displicuit
2040 638 2069 668 in
2090 637 2185 669 oculis

1231 682 1298 711 eius
1330 691 1428 711 sermo
1463 681 1532 712 istc:
1566 682 1719 720 â€¹Iixitqucz
1757 682 1916 713 Declerimt
1948 680 2055 712 Dacis!
2085 681 2184 711 decem

1230 723 1341 760 millia,
1365 727 1391 753 el
1412 723 1489 754 milti
1510 723 1593 755 mille
1614 724 1774 755 dederunt:
1801 724 1876 763 quicl
1899 725 1925 754 ei
1947 725 2092 762 superest,
2122 722 2184 753 nisi

1230 766 1329 797 solum
1350 766 1499 806 reynmnâ€˜?
1544 766 1572 797 9.
1599 766 1667 797 Non
1692 768 1779 798 rectis
1807 777 1874 806 eryo
1902 766 1996 797 oculis
2027 765 2107 797 Saul
2128 766 2183 795 ad-

1230 808 1376 847 spiciebat
1397 808 1503 839 Dauid
1525 819 1544 839 a
1567 810 1615 839 die
1638 809 1691 840 illa
1715 812 1740 840 et
1763 810 1909 847 deinc-ps.

1315 894 1465 924 Narratio
1484 895 1627 934 sequi-â€˜ur
1645 894 1870 925 familiaritatis
1890 902 1920 924 ct
1940 893 2184 926 necessitudinis

1231 947 1311 977 quae
1334 937 1516 968 intercessit
1539 937 1716 967 Ionathano
1735 938 1843 967 Saulis
1863 937 1927 968 tilio
1948 948 2019 968 cum
2040 936 2183 967 Davide:

1231 985 1262 1010 et
1285 979 1426 1010 vicissim
1451 979 1513 1010 odii
1537 989 1598 1018 quo
1623 979 1699 1010 Saul
1723 981 1755 1010 in
1780 979 1936 1010 Davidem
1961 981 2089 1010 exarsit.
2123 979 2184 1009 Dei

1231 1032 1308 1052 sane
1346 1022 1549 1061 movim-ntia
1584 1022 1703 1053 factum
1737 1030 1771 1053 ut
1804 1022 1907 1053 David
1943 1022 2002 1054 hoc
2036 1022 2185 1052 solatium

1232 1065 1362 1095 haberet
1398 1071 1607 1104 persequente
1638 1065 1739 1104 ipsum
1765 1076 1838 1104 rege
1863 1064 1973 1096 Saule:
2008 1075 2124 1104 nempe
2147 1070 2185 1095 ut

1231 1117 1302 1138 eum
1338 1107 1493 1138 Ionathas
1526 1109 1556 1137 in
1588 1108 1736 1137 omnibus
1760 1109 1894 1143 iuvaret,
1929 1113 1960 1138 et
1983 1107 2068 1138 illius
2092 1109 2182 1137 inno-

1230 1149 1370 1181 centiam
1401 1154 1560 1181 tueretnr:
1591 1150 1650 1180 etsi
1673 1150 1883 1181 nihilominus
1908 1149 2014 1181 Saulis
2039 1151 2128 1180 furor
2151 1155 2183 1180 et

1231 1192 1401 1223 crudelitas
1420 1193 1514 1233 longe
1533 1193 1676 1232 superior
1694 1192 1762 1224 fuit.
1805 1193 1949 1223 Primum
1971 1203 2045 1233 ergo
2065 1193 2183 1223 dicitur

1231 1235 1338 1266 anima
1357 1234 1528 1266 Ionathani
1551 1236 1647 1265 veluti
1667 1235 1885 1275 conglutinata
1898 1236 2023 1266 animae
2037 1235 2182 1273 Davidis,

1231 1277 1345 1317 quibus
1380 1278 1485 1308 verbis
1517 1284 1603 1308 arcta
1637 1284 1667 1309 et
1696 1278 1914 1317 inseparabilis
1937 1278 2076 1310 amicitia
2098 1278 2183 1308 inter

1232 1327 1401 1359 utrumque
1438 1320 1634 1351 describitur.
1680 1321 1721 1351 Et
1755 1331 1815 1360 quo
1849 1321 1950 1357 mag-is
1983 1321 2182 1361 exprimatur

1231 1373 1320 1394 amor
1340 1362 1521 1399 Ionathani,
1545 1374 1578 1393 se
1598 1364 1723 1394 exuisse
1743 1363 1867 1398 dicitur,
1890 1363 2111 1402 Davidemque
2124 1373 2182 1394 sua

1231 1405 1339 1436 tunica
1373 1406 1525 1446 induisse,
1559 1411 1589 1435 et
1623 1416 1740 1442 arcum,
1775 1406 1915 1446 gladium
1949 1412 1981 1437 et
2014 1405 2179 1437 baltheum

1230 1459 1325 1480 suum
1344 1448 1390 1479 illi
1410 1448 1542 1479 dedisse.
1565 1448 1628 1480 Hic
1645 1456 1750 1479 autem
1764 1449 1796 1479 in
1810 1449 1922 1488 primis
1934 1448 2182 1486 observandum,

1230 1501 1296 1521 non
1313 1491 1449 1522 inscium
1466 1491 1681 1522 Ionathanum
1698 1491 1794 1522 fuisse
1807 1491 1965 1522 Davidem
1979 1491 2182 1530 designatum

1230 1534 1314 1574 regis
1348 1533 1422 1564 olim
1457 1544 1679 1570 successorem,
1715 1534 1796 1573 quod
1831 1534 1963 1573 ipsemet
1988 1533 2108 1564 Davidi
2130 1533 2182 1564 de-

1229 1577 1344 1607 clarat:
1387 1587 1490 1616 neque
1523 1582 1631 1607 tamen
1664 1576 1742 1607 illud
1777 1576 1979 1616 impedivissc
2012 1576 2184 1616 quominus

1229 1618 1390 1649 Davidem
1414 1625 1546 1650 amaret.
1590 1618 1685 1650 Unde
1708 1619 1887 1659 colligimus
1907 1619 1990 1650 hanc
2009 1619 2183 1650 amicitiam

1230 1672 1294 1692 non
1324 1661 1422 1692 fuisse
1452 1662 1625 1701 quaesitam
1657 1672 1712 1701 spe
1743 1662 1847 1701 aliqua
1875 1662 2021 1692 utilitatis
2045 1671 2141 1701 quam
2165 1670 2184 1691 a

1229 1703 1357 1735 Davide
1380 1710 1588 1744 exspectaret,
1613 1704 1868 1744 quandoquidem
1889 1704 1972 1735 ultro
1991 1704 2182 1745 dignitatem

1230 1747 1351 1787 regiam
1374 1747 1421 1777 illi
1441 1746 1532 1778 cedit.
1578 1747 1677 1787 Atqui
1699 1754 1806 1777 notum
1820 1753 1867 1777 est
1880 1754 1998 1786 quanta
2010 1748 2052 1777 sit
2065 1751 2182 1777 natura

1230 1789 1418 1820 dominandi
1452 1789 1624 1829 cupiditas:
1660 1795 1691 1819 et
1724 1795 1801 1820 nota
1834 1790 1918 1819 inter
1941 1789 2086 1820 ethnicos
2108 1799 2182 1829 pro-

1228 1832 1355 1863 verbia:
1386 1832 1443 1863 Ius
1473 1839 1504 1862 et
1527 1833 1719 1872 aequitatem
1744 1838 1870 1871 propter
1894 1843 2028 1872 regnum
2053 1832 2182 1863 violari:

1228 1875 1378 1905 Fratrem
1401 1875 1492 1905 fratri
1515 1885 1578 1905 non
1601 1884 1739 1914 parcere.
1784 1874 1940 1906 Videmus
1965 1875 2063 1914 igitur
2087 1875 2182 1905 Iona-

1227 1917 1319 1949 thani
1342 1917 1515 1948 amicitiam
1538 1928 1600 1948 non
1624 1917 1720 1948 fnisse
1744 1916 1912 1952 carnalem,
1937 1918 1992 1948 sed
2012 1918 2133 1948 virtute
2150 1921 2183 1947 et

1227 1960 1289 1991 Dei
1313 1961 1428 1991 timore
1452 1960 1668 1991 conciliatam:
1693 1969 1728 1990 ac
1751 1959 1883 1999 proinde
1907 1960 2000 1999 longe
2023 1960 2118 1990 aliam
2143 1959 2182 1991 ab

1227 2003 1394 2034 hominum
1419 2003 1580 2039 amicitiis,
1601 2013 1681 2042 quae
1704 2012 1778 2033 sane
1802 2002 1863 2033 nisi
1888 2002 1975 2033 Deus
1994 2003 2032 2033 iis
2052 2004 2184 2042 praesit,

1227 2046 1308 2076 nihil
1333 2045 1417 2076 aliud
1442 2051 1516 2076 sunt
1540 2055 1633 2084 quam
1653 2045 1700 2076 sni
1720 2045 1819 2084 ipsius
1839 2043 1974 2076 dilectio.
2019 2045 2103 2076 Nam
2123 2047 2182 2077 etsi

1226 2089 1348 2119 amicus
1370 2088 1404 2118 in
1428 2088 1564 2128 gratiam
1584 2087 1676 2118 amici
1696 2087 1796 2117 multa
1817 2087 1894 2117 velit
1913 2087 2048 2124 efficere,
2072 2094 2181 2119 tamen

1227 2132 1252 2161 si
1284 2130 1323 2161 ad
1345 2131 1431 2170 ipsas
1455 2130 1576 2161 radices
1599 2137 1630 2160 et
1652 2130 1807 2170 originem
1830 2130 1970 2160 amicitia
1993 2130 2049 2161 illa
2071 2132 2180 2171 explo-

1226 2179 1324 2211 retur,
1347 2183 1436 2204 mera
1458 2172 1618 2204 simulatio
1642 2172 1832 2208 invenietur,
1865 2172 1947 2211 quod
1970 2183 2003 2203 se
2027 2184 2180 2214 suamque

1227 2216 1397 2247 utilitatem
1427 2221 1568 2255 quaerat,
1592 2214 1858 2254 quemadmodum
1882 2215 1925 2246 ait
1948 2215 2019 2246 ille:
2052 2216 2180 2256 Vulgus

1226 2259 1383 2290 amicitias
1407 2258 1543 2289 utilitate
1566 2258 1686 2297 probat.
1733 2257 1856 2288 Omitto
1880 2268 2003 2288 amores
2022 2269 2130 2290 caecos
2149 2263 2181 2290 et

1226 2301 1445 2333 detestandos:
1466 2300 1520 2331 sed
1541 2300 1579 2330 de
1596 2300 1635 2331 iis
1654 2305 1777 2330 tantum
1797 2300 1945 2331 amicitiis
1967 2300 2078 2340 loquor
2099 2312 2179 2341 quae

1225 2345 1311 2375 inter
1345 2344 1490 2374 homines
1524 2342 1656 2373 honeste
1689 2343 1773 2373 inter
1806 2353 1839 2373 se
1873 2343 2019 2374 viventes
2049 2345 2177 2385 vigent:

1225 2397 1361 2427 quarum
1385 2386 1578 2425 principium
1603 2385 1707 2415 Deum
1731 2386 1860 2424 inquam
1881 2395 1949 2416 esse
1967 2391 2123 2425 oportere,
2147 2392 2179 2418 et

1225 2430 1265 2461 ad
1283 2430 1389 2469 ipsum
1408 2434 1560 2468 tanquam
1580 2438 1691 2458 verum
1711 2428 1806 2458 finem
1825 2428 1947 2458 referri.
1977 2428 2042 2459 Sed
2062 2435 2179 2460 natura

1225 2477 1273 2504 est
1306 2471 1383 2502 adeo
1417 2476 1566 2510 corrupta
1599 2476 1635 2500 ut
1667 2481 1700 2500 se
1734 2470 1838 2509 ipsum
1872 2471 2007 2510 quisque
2037 2477 2123 2502 amet
2145 2477 2178 2503 et

1224 2518 1365 2555 quaerat.
1410 2513 1513 2544 Nemo
1536 2523 1599 2543 non
1622 2512 1741 2552 expetit
1760 2512 1852 2543 alteri
1870 2514 2040 2552 praeferri:
2064 2522 2095 2545 et
2113 2515 2176 2546 iam

1225 2558 1297 2589 indc
1321 2567 1338 2587 a
1361 2556 1473 2587 matris
1495 2560 1585 2586 utero
1608 2554 1744 2585 infantes
1767 2565 1801 2585 se
1822 2555 1908 2594 ipsos
1930 2566 2038 2587 amare
2056 2562 2087 2588 et
2106 2557 2177 2589 aliis

1225 2600 1376 2642 praeferri
1405 2598 1486 2629 velle
1515 2597 1670 2628 videmus.
1716 2597 1760 2628 Et
1789 2597 1842 2628 ubi
1872 2598 2010 2638 primum
2041 2606 2176 2639 possunt

1225 2644 1406 2675 discernere
1435 2640 1630 2680 quantitates
1658 2650 1774 2678 rerum,
1803 2640 1837 2670 in
1860 2651 1951 2671 suum
1976 2642 2175 2674 commodum
