2551 3044
361 196 422 227 267
1160 194 1359 226 HOMlLIA
1388 194 1526 226 LXVII.
2268 195 2329 226 268

364 294 428 321 t'nre
452 291 674 319 tttiserriutatn.
719 290 828 327 Quare
852 290 1103 329 quotiescunque
1127 288 1242 319 diaboli
1267 299 1320 329 po-

365 339 511 363 testatem
537 332 676 370 aliquam
700 331 732 360 in
759 341 816 361 uos
838 332 995 366 obtinent,
1018 333 1155 362 sciamus
1176 331 1244 361 Deo
1263 331 1319 361 ha-

365 376 462 405 benas
486 374 615 404 laxante
638 381 667 403 ct
688 374 896 413 permittente
916 376 1000 405 fieri:
1025 384 1097 404 nam
1119 373 1234 413 alioqui
1253 374 1318 405 sin-

363 417 448 457 gulis
478 425 647 446 momentis
672 417 702 446 iu
727 416 982 456 desperationem
1007 417 1231 447 incideremus.
1277 419 1319 447 At

363 470 440 490 vero
464 458 617 498 quidquid
642 458 688 488 illi
712 460 781 489 sine
808 459 865 489 Dei
891 461 1046 499 permissu
1071 459 1256 496 moliantur,
1279 459 1319 490 ir-

364 505 462 532 ritum
494 512 562 532 esse
593 510 714 531 certum
738 509 794 532 est.
842 502 892 532 Ill't
915 502 1042 542 quidem
1067 512 1142 532 sane
1165 507 1319 541 perpetua

363 545 499 585 qua-lam
521 544 607 574 rabie
627 550 808 574 aestuantes
828 552 972 575 nostrum
992 545 1126 574 exitium
1143 551 1319 584 quaerunt:

363 587 417 618 sed
445 586 503 616 Dei
529 593 657 626 potente
680 597 777 617 manu
800 596 996 625 coercentur,
1026 598 1064 617 ne.
1088 587 1172 626 quod
1195 587 1318 623 volunt,

364 631 498 670 pos-unt.
543 630 588 659 At
617 630 642 659 si
675 629 792 659 laxarit
815 631 891 669 ipsis
915 630 1003 660 Deus
1027 629 1175 667 habenas,
1206 640 1319 670 agnos-

363 683 473 704 camus
505 672 572 702 Deo
602 672 727 702 volente
757 682 815 702 nos
839 683 894 711 per
917 673 1055 712 ipsorum
1080 673 1237 711 castigare
1260 673 1318 702 mi-

365 716 532 746 nisterium
558 715 754 754 contingere.
801 715 912 755 Neque
937 726 1009 745 vero
1030 722 1132 754 potest
1153 716 1319 754 quisquam

364 758 469 789 dcere.
506 767 605 796 neque
638 757 776 788 indicare
807 758 837 787 id
869 758 950 797 quod
975 770 990 787 a
1020 758 1084 787 Deo
1107 758 1320 796 proficiscitur

364 800 483 830 malum
514 810 590 833 esse,
623 807 780 839 quatenus
811 800 850 830 ab
881 802 947 839 ipso
971 800 1120 841 procedit.
1168 800 1250 831 Nam
1274 800 1319 830 af-

364 844 462 874 flictio
496 843 548 872 illa
583 842 692 873 saulis
726 852 782 882 per
815 844 935 873 malum
971 843 1119 882 spiritum
1151 843 1212 873 fuit
1235 843 1319 873 iusta

364 886 426 916 Dei
474 885 606 924 punitio.
653 885 766 915 Denuo
810 886 915 924 itaque
957 886 1102 916 videmus
1139 886 1318 916 immissum

363 970 468 1001 malus
491 971 622 1009 spiritus
646 969 788 1000 Domini.
835 971 900 1001 Nae
927 971 1090 1001 huminum
1115 971 1233 1002 iudicio
1256 982 1321 1001 tna-

364 1056 483 1093 modat,
514 1063 546 1085 et
577 1056 614 1085 de
647 1055 727 1085 bono
758 1056 805 1085 vel
840 1056 921 1086 malo
953 1057 1093 1096 loquens,
1122 1067 1159 1087 ex
1191 1065 1321 1087 nostrae

363 1099 561 1129 infirmitatis
582 1109 677 1128 sensu
697 1106 726 1128 ct
747 1107 901 1137 quantum
922 1100 1132 1133 intelligentia
1150 1109 1320 1139 possumus

363 1142 501 1180 assequi,
537 1141 686 1180 loquitur.
734 1141 855 1171 Malum
890 1142 972 1172 enin]
1005 1142 1140 1173 dicimus
1168 1141 1320 1181 quidquid

365 1183 454 1215 nobis
478 1184 645 1214 molestum
670 1191 727 1221 est,
762 1192 792 1213 ct
819 1192 950 1214 naturae
975 1192 1100 1215 nostrae
1124 1195 1318 1225 repugnans.

367 1229 499 1257 Aestum
533 1231 563 1257 et
597 1226 699 1265 frigus
732 1227 914 1263 metuimus,
950 1228 1064 1257 samem
1099 1234 1130 1258 et
1159 1228 1253 1263 sitim,
1289 1234 1320 1258 et

362 1277 498 1299 mortem
530 1270 630 1308 ipsam
660 1276 810 1307 tanquam
843 1270 1091 1300 infensi-situum
1115 1277 1145 1300 et
1170 1270 1319 1301 ultimum

365 1312 487 1342 hostem
512 1311 689 1342 horremus.
737 1311 777 1341 Et
800 1312 844 1342 ita
869 1312 1008 1352 loquitur
1027 1313 1122 1343 etiam
1143 1314 1319 1352 scriptura:

365 1355 454 1385 Deus
489 1356 573 1385 enim
609 1361 651 1384 tta
686 1354 851 1385 uobiscum
886 1355 1031 1391 balbutit,
1075 1355 1174 1386 veluti
1209 1358 1319 1386 nutrix

363 1440 495 1479 spiritu-1
519 1439 621 1470 malus
641 1439 773 1470 Saulem
793 1440 954 1475 afflixisse.
978 1440 1158 1472 cavendum
1176 1451 1319 1472 summo—

364 1493 438 1522 pere
462 1493 501 1513 ne
524 1483 584 1522 ipsi
611 1481 678 1512 Deo
701 1483 827 1521 culpam
852 1483 948 1513 ullam
973 1483 1178 1518 ascribamus.
1215 1494 1319 1523 neque

363 1620 500 1650 acquum
531 1617 564 1641 et
594 1610 711 1640 iustum
743 1610 831 1641 illum
855 1621 924 1641 esse
947 1612 1085 1643 iudicem
1108 1612 1318 1648 inveniemus.

362 1653 401 1683 ob
424 1663 477 1683 eas
499 1662 611 1684 causas
634 1663 712 1691 quas
735 1660 828 1684 antea
850 1653 994 1693 pluribus
1015 1655 1234 1695 exposuimus.
1260 1655 1319 1685 At-

363 1697 415 1734 qui
438 1705 536 1734 quum
561 1694 639 1726 Saul
665 1701 836 1726 vexaretur
859 1696 972 1732 denuo,
996 1697 1113 1729 dicitur
1132 1697 1235 1728 malus
1254 1698 1319 1737 spi-

362 1739 443 1768 ritus
475 1738 605 1768 Domini
636 1737 732 1768 fuisse
762 1749 779 1768 a
812 1749 872 1777 quo
896 1746 1032 1770 vexatus
1055 1741 1105 1772 sit.
1151 1740 1238 1772 Sane
1263 1741 1319 1771 ho·
1345 1743 1347 1750 '

363 1781 486 1810 minum
517 1786 664 1819 respectu
694 1787 725 1811 et
748 1791 786 1812 ex
812 1781 941 1812 illorum
964 1793 1060 1814 sensu
1083 1788 1116 1814 et
1139 1783 1318 1824 apprehen-

362 1823 452 1854 sione
483 1824 595 1853 malus.
643 1823 729 1854 Hinc
759 1824 858 1863 igitur
886 1824 1047 1857 discamus
1079 1835 1175 1865 quam
1203 1826 1319 1856 misera

362 1866 403 1896 sit
438 1865 603 1896 hominum
638 1876 656 1896 a
690 1865 760 1897 Deo
795 1866 1017 1899 derelictorum
1051 1868 1202 1899 conditio.
1249 1869 1346 1899 Nisi*

363 1909 449 1939 enim
473 1908 573 1948 ipsius
596 1908 712 1948 spiritu
735 1919 895 1949 regamur,
925 1922 943 1940 a
966 1911 1092 1942 diabolo
1116 1922 1173 1943 nos
1195 1918 1319 1952 oportet

364 1950 528 1990 possideri,
552 1952 684 1991 fierique
708 1951 810 1991 ipsius
833 1953 1008 1992 mancipia:
1038 1964 1103 1985 non
1126 1960 1234 1985 tamen
1259 1954 1320 1985 nisi
1346 1975 1347 1979 ,

364 2001 520 2033 quantum
544 1994 605 2033 ipsi
631 1994 719 2025 Deus
742 1995 899 2034 permittit
921 2003 951 2025 et
976 1995 1116 2027 habenas
1136 1997 1232 2029 laxat.
1257 1996 1319 2028 Ne-
1346 2002 1347 2036 j

364 2046 425 2076 que
459 2037 544 2066 enim
577 2036 721 2068 diabolus
752 2037 871 2068 rabiem
903 2048 991 2068 suam
1018 2040 1047 2069 in
1073 2050 1183 2071 omnes
1205 2049 1320 2079 aequa-

363 2079 436 2109 litcr
457 2085 598 2110 exercet:
632 2086 852 2110 verumtamen
877 2081 937 2111 nisi
964 2081 1022 2112 Dei
1047 2082 1204 2122 praesidio
1232 2087 1320 2117 tega-

365 2132 436 2152 mur
467 2130 498 2152 et
527 2122 566 2152 ab
589 2122 658 2161 ipso
682 2132 839 2162 regamur.
868 2131 990 2154 certum
1015 2133 1061 2155 cst
1086 2126 1189 2165 ipsum
1213 2125 1317 2156 diabo-
1346 2127 1347 2131 ’

365 2165 429 2194 lum
454 2165 485 2194 in
511 2176 567 2195 nos
587 2165 783 2196 intraturum
803 2173 834 2196 et
854 2167 1025 2206 tyrannide
1046 2174 1251 2199 vexaturum:
1275 2178 1320 2205 ac,
1346 2166 1347 2200 l

366 2207 439 2237 licet
470 2218 532 2237 non
563 2208 672 2238 statim
698 2208 892 2248 percipiatur
914 2210 982 2240 eius
1007 2212 1160 2249 tyrannis
1191 2210 1319 2242 tandem

364 2303 437 2331 ceps
478 2293 587 2323 mundi
628 2293 760 2323 dicitur:
802 2299 833 2324 et
872 2304 929 2324 nos
963 2295 1052 2326 Deus
1085 2303 1196 2327 noster
1230 2296 1321 2327 Iesus

364 2336 514 2366 Christus
538 2335 635 2371 docet,
660 2336 763 2375 ipsum
784 2337 935 2376 quamdiu
956 2339 1044 2369 furor
1062 2339 1130 2369 eius
1150 2350 1214 2370 non
1233 2339 1320 2370 cohi·
1345 2348 1348 2356 ·

366 2378 383 2408 b
397 2385 466 2415 tur,
487 2378 667 2418 triumphos
687 2379 801 2417 facere,
823 2380 968 2411 homines
981 2381 1201 2421 opprimendo.
1225 2381 1320 2420 Quod

364 2421 570 2460 conspicuum
602 2429 649 2451 est
682 2421 740 2453 hoc
763 2421 871 2453 Saulis
892 2424 1049 2463 exemplo,
1085 2424 1167 2464 quod
1192 2423 1320 2464 quidem

364 2464 528 2503 singulare
552 2464 670 2502 aliquid
695 2475 770 2504 prae
789 2465 924 2496 caeteris
943 2465 1056 2497 habet:
1079 2467 1133 2498 sed
1153 2474 1261 2498 tamen
1280 2477 1321 2498 ex

365 2516 426 2545 quo
457 2506 607 2546 generale
639 2507 723 2537 istud
752 2508 945 2548 principium
970 2510 1148 2541 necessario
1171 2510 1320 2551 colligen-

365 2549 451 2586 dum,
482 2559 538 2579 nos
568 2560 585 2579 a
603 2548 733 2587 Satana,
764 2551 825 2581 nisi
856 2552 995 2582 furorem
1026 2553 1093 2583 eius
1126 2553 1213 2584 Deus
1235 2552 1321 2585 cohi-

366 2592 463 2625 beret.
492 2598 646 2631 perpetuo
677 2599 708 2622 et
737 2593 807 2624 sine
834 2594 898 2624 fine
929 2601 1080 2626 vexatum
1105 2595 1154 2627 iri.
1200 2595 1321 2635 Quam-

365 2634 473 2664 obrem
496 2635 652 2675 singulari
677 2635 739 2666 Dei
763 2636 916 2667 beneficio
937 2647 1014 2677 erga
1037 2648 1094 2669 nos
1116 2638 1185 2669 fieri
1210 2647 1322 2679 agnos·
1346 2662 1347 2665 η

1372 299 1491 323 camus.
1515 289 1541 319 si
1566 289 1689 321 ratione
1711 298 1741 321 et
1765 291 1978 329 intelligentia
2002 291 2146 329 fruimur,
2169 298 2325 324 mentem-

1343 368 1346 374 ·
1373 341 1435 371 qne
1467 332 1649 368 retinemus,
1679 333 1809 373 eiusque
1832 334 1989 373 praesidio
2023 340 2055 364 et
2087 334 2250 365 custodiae
2273 345 2326 366 ac-

1371 380 1500 413 ceptum
1532 374 1672 406 feramus
1704 375 1901 413 beneficium,
1933 384 1963 407 et
1993 377 2021 407 ei
2053 375 2176 408 debitas
2205 377 2325 417 gratias

1372 427 1514 456 agamus.

1455 458 1550 497 Quod
1585 469 1660 490 vero
1689 462 1845 501 sequitur:
1891 461 2015 492 Saulem
2047 471 2067 492 a
2102 461 2181 492 ηιαῐο
2211 462 2326 500 spiritu

1370 504 1520 539 voratum,
1539 501 1736 541 prophetasse
1758 505 1791 535 in
1810 504 1908 535 medio
1918 505 2026 535 domus
2037 514 2121 541 suae,
2145 514 2209 534 non
2221 505 2326 535 sicin-

1372 544 1591 584 telligendum‚
1615 546 1704 584 quasi
1731 547 1816 577 Deus
1839 557 1911 577 euin
1936 558 1993 578 suo
2014 547 2143 577 nomine
2163 547 2249 586 loqui
2270 556 2325 577 vo-

1371 586 1476 623 luerit,
1514 598 1615 626 neque
1651 589 1740 627 qnasi
1778 589 1963 629 prophetiae
1994 590 2111 620 donum
2143 591 2325 629 accepisset,

1371 629 1464 667 quale
1498 630 1628 660 Samuel
1664 636 1696 661 et
1729 632 1842 672 reliqui
1876 642 1892 662 a
1929 633 1994 663 Deo
2030 634 2115 663 missi
2140 633 2324 672 prophetae.

1372 671 1445 702 Vox
1469 673 1552 702 enim
1578 672 1631 702 illa
1649 673 1816 712 prophetae
1839 675 1870 705 in
1891 676 1990 706 sacris
2009 675 2133 705 diverse
2153 675 2325 714 accipitur:

1372 714 1638 754 quemadmodum
1663 715 1778 747 dicitur
1800 718 1982 748 seductores
2002 719 2032 748 in
2055 718 2181 748 nomine
2200 717 2279 748 Baal
2294 724 2326 747 et

1371 758 1514 787 omnium
1546 757 1679 788 aliorum
1704 758 1860 791 idolorum
1886 760 2101 800 prophetasse.
2148 760 2188 790 Et
2214 760 2324 791 memi-

1372 801 1457 830 nisse
1481 799 1632 831 debemus
1655 801 1738 840 quod
1761 810 1869 833 monet
1894 803 2015 833 Paulus
2039 802 2212 842 apostolus,
2237 812 2324 842 mag-

1373 853 1446 872 nam
1467 853 1535 873 esse
1555 844 1638 874 inter
1657 843 1803 876 homines
1822 845 1978 876 donorum
1998 852 2029 876 et
2050 845 2205 876 virtutum
2220 844 2325 876 diver-

1344 915 1345 921 ,
1372 886 1510 919 sitatem.
1544 896 1625 925 quae
1656 893 1763 917 tamen
1794 889 1900 919 omnia
1931 889 2176 928 proficiscuntur
2199 887 2238 918 ab
2262 897 2326 918 uno

365 929 483 958 malum
505 928 662 966 spiritum,
681 928 719 957 ad
738 929 870 958 Saulem
886 928 1101 968 affligendum,
1121 929 1174 968 qui
1190 936 1320 960 vocatur
1344 943 1347 952 τ

1371 934 1403 958 et·
1434 928 1544 959 eodem
1579 928 1668 959 fonte
1701 935 1732 960 et
1765 931 1969 971 scaturigine,
2004 940 2117 969 nempe
2147 931 2242 961 unico
2265 930 2325 960 Dei

1344 1003 1346 1008 ,
1372 977 1483 1001 sancto
1507 971 1633 1010 spiritu,
1657 982 1675 1002 a
1693 982 1756 1011 quo
1773 974 1879 1004 omnia
1899 974 1980 1004 bona
2000 980 2141 1004 manant.
2189 972 2326 1003 Verum-

362 1014 425 1044 lus:
459 1014 619 1052 scriptura
648 1014 734 1043 enim
758 1024 791 1043 se
814 1013 852 1043 ad
877 1022 1004 1053 captum
1031 1020 1174 1044 nostrum
1199 1024 1321 1044 accom-
1344 1034 1345 1038 =

1373 1020 1479 1043 tamen
1509 1014 1659 1052 quoniam
1689 1014 1870 1047 seductores
1900 1022 1930 1046 et
1962 1017 2149 1055 impostores
2173 1015 2225 1054 qni
2249 1015 2328 1046 falso

1374 1055 1432 1086 Dei
1459 1066 1574 1086 nomen
1590 1063 1839 1096 praetexuerunt
1853 1059 1937 1090 hunc
1952 1058 2180 1098 prophetarum
2196 1057 2327 1088 titulum

1344 1116 1346 1137 t
1373 1106 1581 1138 usurparunt,
1613 1110 1702 1131 sacra
1730 1101 1825 1131 etiam
1849 1101 2008 1141 scriptura
2031 1112 2099 1132 sese
2123 1100 2161 1131 ad
2186 1110 2328 1131 commu-

1344 1175 1348 1184 *
1373 1152 1446 1172 nem
1479 1142 1645 1173 hominum
1677 1153 1806 1174 sensum
1829 1144 2056 1175 accommodat.
2102 1143 2226 1174 Idcirco
2249 1142 2328 1175 Saul

1344 1199 1346 1228 }
1374 1184 1581 1223 prophetasse
1612 1185 1736 1222 dicitur,
1769 1196 1831 1216 non
1860 1194 1966 1217 tamen
1996 1195 2029 1217 ut
2060 1186 2166 1216 David
2191 1185 2328 1225 prophe-

1344 1265 1347 1269 *
1374 1228 1463 1263 tavit,
1489 1237 1551 1258 non
1577 1233 1612 1258 ut
1635 1228 1776 1265 Samuel,
1801 1240 1865 1259 nou
1886 1230 2022 1268 deniqne
2042 1237 2077 1259 ut
2097 1229 2175 1259 alias
2194 1230 2330 1268 ipsemet.

1373 1269 1452 1301 Saul
1484 1280 1582 1309 quum
1614 1271 1644 1300 in
1671 1282 1777 1311 regem
1801 1272 1920 1303 electus
1943 1278 2034 1307 esset,
2070 1279 2103 1301 ut
2129 1278 2223 1302 antea
2247 1270 2330 1302 vidi-

1373 1322 1461 1343 mus:
1485 1313 1538 1343 sed
1564 1313 1783 1345 enthusiasmo
1806 1314 1941 1354 quodam
1961 1315 2148 1351 concitatus,
2171 1319 2202 1344 et
2221 1314 2330 1344 furore

1345 1386 1348 1400 ι
1373 1355 1512 1395 percitus
1533 1355 1594 1386 fuit
1617 1363 1648 1386 ct
1672 1362 1763 1387 extra
1786 1367 1820 1387 se
1842 1358 1974 1396 positus.
2004 1364 2035 1388 ct
2059 1357 2216 1387 fanaticas
2239 1366 2329 1387 reve-

363 1397 518 1436 quaedam
547 1407 618 1428 cnm
649 1397 834 1428 infantibus.
882 1397 990 1436 Quare
1020 1409 1092 1429 cum
1123 1398 1174 1429 hic
1202 1397 1320 1429 dicitur
1345 1403 1347 1410 ⁴

1372 1398 1508 1428 lationes
1532 1398 1646 1429 habuit
1666 1404 1699 1430 et
1721 1399 1863 1439 protulit.
1909 1399 2018 1440 Itaque
2042 1399 2176 1430 minime
2195 1399 2328 1429 dubium

1346 1454 1347 1478 3
1373 1447 1420 1471 est
1443 1441 1520 1480 quin
1546 1440 1623 1472 haec
1647 1452 1709 1473 vox
1732 1444 1891 1473 contraria
1913 1443 1959 1473 illi
1981 1443 2021 1473 sit
2046 1443 2084 1472 de
2107 1452 2171 1481 qua
2189 1440 2329 1472 diximus

1346 1512 1347 1519 ,
1373 1490 1477 1514 antea.
1523 1483 1631 1522 Quum
1671 1485 1756 1515 enim
1795 1485 1981 1525 designatus
2010 1496 2028 1515 a
2060 1484 2129 1515 Deo
2160 1494 2217 1514 rex
2246 1490 2331 1515 esset

363 1525 519 1556 adversus
555 1535 658 1564 ipsum
689 1524 901 1564 obloquamur
930 1527 1019 1566 quasi
1048 1526 1168 1557 malum
1200 1527 1320 1557 immit-
1346 1546 1347 1554 1

365 1574 456 1599 tet-et.
502 1567 585 1598 Nam
610 1567 635 1597 si
662 1567 720 1598 Dei
745 1568 895 1599 iudicium
920 1569 950 1599 in
972 1568 1103 1600 Saulem
1124 1570 1319 1609 intueamur,
1346 1575 1347 1578 ’

1373 1526 1605 1563 Israelitarum‚
1629 1526 1719 1558 Deus
1739 1534 1774 1558 ut
1793 1529 1993 1559 autoritatem
2015 1528 2061 1558 illi
2079 1527 2276 1564 conciliaret,
2299 1533 2332 1557 et

1373 1569 1537 1600 electionis
1560 1569 1662 1609 ipsius
1685 1578 1808 1601 certum
1827 1576 1860 1602 et
1877 1571 2095 1602 indubitatum
2115 1569 2199 1609 apud
2219 1579 2330 1600 omnes

1373 1618 1516 1642 exstaret
1533 1612 1752 1643 testimonium
1774 1613 1873 1644 voluit
1890 1614 1994 1653 ipsum
2009 1612 2210 1653 prophetare.
2234 1612 2330 1643 Dono

1345 1675 1347 1686 ι
1373 1655 1480 1694 itaque
1499 1654 1554 1685 illo
1573 1655 1761 1694 prophetiae
1780 1656 1859 1688 Saul
1876 1666 2068 1695 magnopere
2081 1662 2128 1685 est
2144 1654 2329 1690 honoratus,

1374 1697 1526 1737 Deusque
1555 1699 1759 1729 autoritatem
1782 1699 1827 1729 illi
1851 1700 2024 1730 maximam
2049 1708 2085 1728 ea
2110 1698 2232 1728 ratione
2254 1707 2330 1728 con-

1372 1740 1503 1776 ciliavit,
1534 1739 1656 1770 homini
1689 1742 1776 1780 prius
1800 1742 1918 1772 rustico
1941 1741 2015 1772 vilis
2037 1748 2069 1771 et
2092 1741 2233 1771 abiectae
2255 1750 2330 1771 con—

1373 1782 1510 1817 ditionis,
1545 1793 1625 1822 quae
1654 1783 1685 1813 in
1717 1789 1936 1824 contemptum
1966 1783 2051 1823 apud
2083 1783 2202 1814 inultos
2224 1784 2329 1823 ipsum

1373 1825 1529 1856 adducere
1564 1826 1727 1865 potuisset.
1773 1826 1883 1865 Quare
1917 1832 1950 1857 ut
1985 1826 2126 1866 dignitas
2161 1825 2249 1866 regia
2282 1825 2330 1856 illi

1372 1869 1591 1904 confirmetur,
1619 1875 1651 1899 et
1681 1869 1838 1901 divinitus
1869 1869 2003 1901 electum
2033 1868 2215 1899 indubitato
2237 1868 2330 1907 signo

1373 1911 1491 1950 singuli
1526 1918 1729 1950 cognoscant.
1764 1923 1837 1943 eum
1870 1912 1961 1943 velut
1993 1913 2024 1942 in
2056 1911 2238 1952 praesentia
2267 1910 2331 1942 Dei

1373 1954 1442 1984 sisti
1466 1955 1616 1993 oportuit,
1639 1961 1671 1985 et
1694 1965 1799 1986 coram
1823 1955 1892 1995 ipso
1915 1954 2116 1995 prophetare.
2162 1953 2230 1984 Iam
2254 1963 2330 1984 vero

1373 2002 1601 2028 exauctoratus
1625 2007 1643 2027 a
1668 1998 1813 2033 Domino,
1845 1997 1899 2038 qui
1922 2008 2058 2038 regnare
2081 1998 2186 2037 ipsum
2211 1995 2331 2026 diutius

1375 2049 1436 2069 non
1468 2040 1546 2077 vult,
1579 2050 1634 2079 per
1662 2040 1835 2072 intervalla
1858 2041 1999 2080 quietem
2023 2041 2163 2079 aliquam
2186 2038 2330 2078 percipit,

1374 2081 1427 2111 sed
1469 2082 1513 2112 ita
1548 2089 1655 2113 tamen
1690 2090 1726 2114 ut
1760 2088 1865 2114 ratum
1900 2083 1961 2114 Dei
1996 2083 2158 2114 decretum
2192 2086 2331 2118 maneat,

1374 2132 1521 2163 oportere
1556 2126 1588 2155 in
1624 2126 1800 2165 ignominia
1831 2133 1861 2156 et
1890 2126 2044 2157 dedecore
2074 2125 2180 2165 ipsum
2211 2124 2331 2160 vivere,

1374 2177 1511 2207 suosque
1546 2175 1688 2207 posteros
1719 2169 1809 2208 regni
1833 2169 2031 2200 successione
2053 2167 2182 2207 privari.
2226 2166 2333 2197 Tanta

1346 2234 1347 2243 ,
1375 2210 1483 2249 itaque
1513 2212 1648 2241 mutatio
1680 2210 1761 2242 facta
1791 2216 1840 2242 est
1869 2211 1987 2246 Saulis.
2016 2215 2049 2241 ut
2073 2210 2124 2249 qui
2149 2209 2239 2249 prius
2261 2215 2332 2240 erat

365 2258 470 2280 tamen
502 2257 722 2287 regnaturum.
768 2250 863 2283 Hauc
892 2251 931 2282 ob
959 2263 1088 2283 causam
1113 2254 1208 2284 etiam
1233 2254 1319 2293 prin·
1346 2252 1347 2258 ¹

1374 2253 1477 2283 instar
1499 2252 1614 2293 angeli,
1643 2264 1730 2284 nunc
1753 2254 1785 2283 in
1817 2253 1988 2293 reprobum
2013 2262 2144 2283 sensum
2168 2252 2332 2283 coniectus

1373 2295 1424 2333 sit,
1455 2302 1483 2326 et
1515 2296 1744 2327 abominationi
1773 2296 1815 2327 sit
1844 2296 2001 2332 omnibus,
2032 2300 2063 2325 et
2093 2295 2259 2325 horrorem
2281 2295 2332 2325 in-

1375 2338 1539 2368 tuentibus
1570 2344 1635 2369 tam
1667 2339 1758 2369 triste
1781 2338 1996 2378 spectaculum
2021 2344 2053 2368 et
2075 2337 2260 2377 exemplum
2284 2337 2332 2368 di·

1376 2381 1522 2411 vinorum
1552 2381 1741 2412 iudiciorum
1765 2381 1894 2412 adferat.
1942 2380 1991 2411 En
2015 2379 2055 2410 de
2077 2390 2139 2420 qua
2163 2379 2333 2420 prophetie.

1375 2422 1426 2453 hic
1448 2430 1572 2461 agatur.
1620 2424 1789 2455 Discamus
1807 2424 1914 2462 itaque
1934 2434 1996 2453 non
2017 2429 2164 2463 oportere
2186 2433 2244 2454 nos
2262 2432 2332 2454 esse

1373 2474 1539 2497 contentos
1562 2467 1668 2506 aliquo
1692 2465 1785 2496 titulo
1809 2473 1841 2496 et
1863 2467 1955 2505 signo
1979 2476 2146 2496 servorum
2172 2464 2244 2504 Dei,
2275 2464 2330 2497 sed

1373 2518 1442 2538 esse
1468 2519 1581 2539 revera
1604 2509 1685 2540 tales
1707 2508 1816 2546 quales
1840 2508 1950 2538 habt-ri
1975 2509 2124 2539 volumus
2147 2514 2179 2538 et
2201 2507 2332 2548 agnosci

1375 2551 1432 2581 Dei
1449 2551 1533 2581 servi
1558 2558 1589 2582 ct
1612 2552 1679 2582 filii.
1712 2550 1798 2582 Sane
1818 2550 1979 2590 Caiaphas
1998 2551 2095 2581 semel
2116 2551 2330 2591 prophetavit,

1373 2603 1476 2633 neque
1497 2600 1604 2625 tamen
1624 2594 1727 2634 ipsum
1748 2600 1915 2633 propterea
1937 2593 2128 2633 prophetam
2141 2593 2329 2624 dixerimus:

1373 2646 1437 2676 qua
1460 2636 1493 2666 in
1518 2647 1551 2667 re
1570 2647 1661 2667 suam
1679 2635 1848 2667 stultitiam
1861 2636 1999 2676 produnt
2011 2636 2161 2676 papistici
2174 2636 2330 2674 doctores,

2522 2057 2528 2219 ,f
