2551 3044
165 212 226 244 589
800 213 846 243 IN
872 213 896 243 I.
924 214 1009 244 12113.
1035 215 1158 245 SAMC

252 307 296 338 Et
309 307 347 338 de
366 306 548 337 iuramento
566 306 621 337 illo
640 305 732 337 satis:
754 305 881 336 interim
896 305 1003 336 David
1020 305 1129 336 Abisai

166 351 256 382 iubet
280 349 391 381 tollere
414 350 557 381 lanceam
583 347 690 380 Saulis
715 352 746 378 et
767 347 926 388 scyphum
949 358 1060 388 aquae,
1091 349 1130 379 ad

167 393 341 434 potandum
362 395 545 432 apparatae,
570 401 671 430 neque
695 391 779 420 enim
804 391 836 420 in
861 390 972 421 calidis
996 390 1060 421 illis
1082 401 1129 421 re-

167 436 316 478 gionibus
342 434 524 465 ordinarius
548 440 616 464 erat
639 433 706 464 vini
728 437 839 472 potus:
871 433 988 465 idcirco
1012 434 1045 463 fit
1072 433 1132 464 hoc

168 480 234 510 loco
258 477 377 509 mentio
401 476 513 517 scyphi
538 485 649 515 aquae.
679 474 761 505 Nam
786 475 844 506 etsi
870 486 925 506 rex
949 481 1017 506 crat
1041 476 1131 513 Saul,

168 533 231 552 non
268 526 374 551 tamen
405 519 552 549 omnibus
583 517 671 548 horis
702 517 812 548 vinum
849 518 995 558 potabat:
1030 529 1131 558 neque

167 562 337 596 admodum
362 560 447 592 istud
471 560 670 592 mirandum:
702 560 971 600 quandoquidem,
999 566 1034 591 ut
1058 566 1132 591 ante

167 606 254 644 dixi,
287 604 376 645 regio
410 603 466 634 illa
500 603 605 635 calida
639 613 705 633 non
740 603 898 643 permittit
932 603 1130 635 ordinarium

166 649 235 680 vini
269 653 379 687 potum
414 647 546 677 incolis:
581 655 718 685 quorum
753 645 871 686 alioqui
907 646 972 676 vita
1006 646 1133 677 brevior

167 692 249 722 soret
262 689 325 720 nisi
339 689 412 729 plus
425 699 525 728 aquae
538 698 634 728 quam
657 688 727 719 viui
748 688 905 719 biberent.
929 689 973 720 Et
992 694 1132 728 praeter-

167 743 264 774 quam
293 732 376 772 quod
405 732 510 763 sobrie
541 731 611 762 illos
641 730 758 762 bibisse
789 736 881 762 extra
911 730 1043 762 dubium
1075 736 1132 767 est,

165 776 274 807 Deum
307 774 400 806 Sauli
430 775 527 805 ctiam
558 777 700 804 mentem
731 773 855 805 dedisse
885 780 1034 814 apparet,
1071 784 1133 813 qua

166 818 234 851 suis
264 817 432 849 affectibus
462 817 693 848 moderaretur.
740 817 863 848 Multos
894 817 980 848 enim
1012 817 1133 854 videas,

166 862 221 902 qui
249 861 370 892 centies
399 860 518 891 millies
549 861 653 899 perire
678 859 793 890 malint
817 866 914 899 quam
940 859 1014 890 vino
1037 859 1133 890 absti-

166 914 253 941 nere,
277 903 359 943 quod
373 908 481 933 tamen
503 907 534 933 et
552 903 678 933 animae
702 907 734 932 et
756 903 882 942 corpori
907 902 1040 933 noxium
1065 912 1134 934 esse

166 947 243 978 satis
268 946 429 977 sentiunt:
454 944 508 976 sed
532 945 599 984 suis
621 944 790 976 affectibus
814 945 981 986 indulgere
1005 951 1036 976 et
1052 945 1134 976 Bac-

166 989 316 1021 chanalia
347 989 456 1020 vivere
486 988 572 1028 ipsos
601 988 705 1024 iuvat,
742 994 774 1018 et
803 988 938 1027 Epicuri
969 988 1006 1018 de
1037 999 1134 1029 grege

165 1041 280 1073 porcos
304 1041 384 1062 esse.
408 1030 496 1070 Quin
521 1031 616 1061 etiam
639 1030 758 1061 multos
782 1031 952 1070 opulentos
977 1031 1062 1062 viros
1084 1031 1135 1062 de-

166 1075 271 1106 decori
290 1073 348 1105 sibi
371 1073 485 1104 ducere
506 1073 615 1104 videas
639 1083 739 1112 aquae
763 1079 873 1113 potum
899 1074 953 1113 qui
980 1074 1028 1105 vel
1053 1074 1135 1114 peri-

165 1117 237 1148 culo
268 1115 464 1148 valetudinis
494 1126 584 1147 suam
610 1116 808 1154 opulentiam
833 1116 939 1156 palam
964 1116 1134 1148 ostendere

165 1159 290 1191 volunt.
315 1158 380 1190 Sed
402 1169 500 1199 quum
521 1158 689 1190 videamus
712 1169 820 1199 regem
846 1160 898 1198 qui
925 1159 991 1190 vini
1010 1160 1133 1199 copiam

164 1202 286 1233 habere
320 1207 462 1241 potera-t,
506 1201 687 1232 assuevisse
721 1207 828 1232 tamen
865 1212 980 1241 aquam
1016 1202 1134 1242 bibere,

165 1245 234 1276 eius
265 1245 412 1284 exemplo
444 1255 502 1275 uos
532 1249 660 1283 oportet
690 1243 729 1275 ad
761 1244 967 1276 sobrietatem
990 1246 1133 1276 incitari:

165 1293 196 1319 et
229 1297 283 1319 eos
313 1287 426 1318 saltem
450 1287 504 1327 qui
528 1287 603 1317 vino
625 1293 850 1326 assueverunt,
881 1287 1003 1319 discere
1027 1288 1133 1319 mode-

165 1335 234 1361 rate
259 1329 382 1361 bibere:
418 1340 458 1361 ne
482 1329 543 1360 Dei
568 1329 659 1360 bonis
684 1330 841 1361 creaturis
865 1329 955 1361 abuti
978 1331 1062 1362 velle
1086 1331 1133 1362 vi-

165 1375 315 1404 deantur.

250 1415 431 1456 Pergamus
455 1414 495 1446 ad
519 1414 652 1454 reliqua.
706 1415 816 1447 David
841 1415 919 1446 abiit
943 1426 1016 1447 cum
1039 1416 1131 1447 hasta

165 1463 196 1489 et
219 1458 341 1498 scypho
354 1457 473 1498 Saulis,
498 1464 529 1489 et
553 1462 643 1488 stans
668 1458 701 1489 in
724 1458 846 1489 vertice
869 1459 989 1490 montis
1013 1470 1052 1490 ex
1077 1469 1131 1499 op-

166 1501 267 1541 posito
298 1500 406 1532 Saulis
437 1505 615 1532 castrorum
649 1500 800 1532 clamavit
833 1501 872 1531 ad
902 1502 1066 1542 populum,
1102 1506 1133 1532 et

164 1544 304 1584 primum
319 1544 481 1574 Abnerem
505 1543 640 1575 vocavit.
677 1544 757 1575 Erat
777 1548 884 1575 autem
907 1544 934 1576 is
958 1544 1068 1576 Saulis
1092 1555 1132 1575 ex

165 1586 265 1617 fratre
285 1596 394 1626 nepos,
418 1591 449 1616 et
463 1585 598 1618 ducebat
610 1586 711 1625 ipsius
731 1588 838 1627 copias
857 1591 1021 1626 totamque
1040 1598 1132 1618 exer-

165 1629 248 1660 citus
271 1639 381 1660 curam
406 1628 540 1669 agebat:
570 1628 643 1659 illos
667 1634 774 1660 autem
800 1630 906 1660 David
931 1635 1060 1662 accusat
1083 1640 1132 1661 so-

165 1671 292 1703 cordiae
323 1675 356 1702 et
385 1672 550 1712 perfidiae,
582 1672 666 1711 quod
698 1677 761 1704 tam
789 1673 855 1703 alto
879 1683 989 1704 somno
1013 1673 1134 1704 fuerint

165 1723 276 1745 omnes
305 1714 409 1746 abruti
443 1720 479 1745 ut
504 1713 634 1746 Saulem
666 1715 798 1755 impune
829 1715 973 1747 occidere
996 1715 1132 1747 licuerit.

164 1756 204 1787 In
235 1756 322 1788 hunc
353 1757 452 1798 igitur
482 1758 580 1788 finem
613 1757 718 1788 David
752 1758 878 1789 hastam
911 1763 942 1789 et
976 1758 1133 1800 scyphum

165 1798 277 1831 Saulis
301 1807 530 1840 assumpserat,
554 1804 591 1830 ut
614 1801 802 1832 certissimis
825 1801 890 1832 illis
915 1801 1017 1842 signis
1040 1812 1133 1833 suam

166 1842 385 1873 innocentiam
417 1842 564 1873 omnibus
589 1843 791 1882 patefaceret,
823 1849 854 1874 et
878 1854 946 1874 sese
970 1854 1043 1875 cum
1068 1849 1134 1875 toto

168 1883 276 1916 Saulis
289 1885 433 1916 exercitu
452 1890 673 1925 compararet:
696 1887 779 1926 quod
804 1886 933 1917 nullum
958 1886 1134 1918 fideliorem

166 1937 200 1958 se
230 1926 364 1958 haberet
393 1928 426 1958 in
458 1935 523 1958 toto
548 1929 706 1959 exercitu:
738 1939 830 1969 quem
856 1930 1016 1961 reveritus
1039 1931 1080 1960 sit
1104 1934 1135 1960 et

166 1970 360 2002 incolumem
381 1970 547 2008 dimiserit,
570 1972 622 2002 cui
641 1976 738 2012 caput
757 1973 825 2002 iure
849 1976 974 2012 poterat
997 1972 1134 2009 auferre,

167 2022 184 2043 a
204 2013 270 2044 suis
289 2023 402 2044 somno
422 2013 487 2044 alto
511 2014 624 2054 sopitis
648 2014 837 2045 derelictum
862 2019 893 2046 et
916 2015 1055 2055 praedae
1079 2026 1133 2046 ex-

166 2056 316 2095 positum.
360 2056 459 2087 Hunc
489 2056 589 2097 igitur
617 2057 650 2087 in
681 2057 778 2088 finem
803 2057 920 2098 David,
952 2069 1069 2098 nempe
1100 2063 1134 2089 ut

167 2108 257 2129 suam
289 2098 386 2129 fidem
417 2098 635 2130 innocentiam
659 2108 690 2130 et
713 2100 933 2141 integritatem
957 2101 1064 2141 palam
1089 2101 1133 2132 fa-

167 2146 262 2178 ceret,
293 2141 386 2182 signa
415 2141 472 2172 illa
495 2152 603 2173 secum
627 2141 770 2180 abstulit,
805 2154 865 2174 non
892 2149 926 2174 ut
950 2154 1025 2174 suas
1048 2144 1134 2175 vires

168 2186 348 2214 ostentaret
371 2189 403 2215 et
426 2184 636 2224 praedicaret,
660 2195 757 2225 seque
780 2185 929 2217 omnibus
942 2186 1052 2217 Saulis
1075 2187 1133 2217 mi-

168 2224 278 2257 litibus
291 2227 484 2259 anteferret:
509 2228 574 2267 qui,
598 2227 624 2259 si
643 2232 738 2259 modo
751 2228 902 2266 licuisset,
927 2229 1133 2268 tranquillam

169 2272 200 2298 et
223 2269 361 2307 quietam
386 2269 471 2300 domi
495 2270 597 2301 vitam
622 2281 717 2311 agere
741 2271 917 2303 maluisset.
945 2271 1055 2310 Quum
1076 2272 1134 2312 igi-

168 2314 221 2341 tur
247 2311 292 2341 ita
314 2312 470 2352 gloriatus
493 2318 541 2344 est
570 2324 725 2353 suamque
749 2315 902 2345 virtutem
927 2315 1134 2354 praedicavit,

169 2354 357 2385 necessitate
370 2355 527 2386 adductus
539 2356 622 2392 fecit,
644 2363 679 2387 ut
692 2356 799 2388 Saulis
819 2357 963 2388 animum
983 2357 1134 2397 placaret,

169 2401 201 2426 et
232 2395 271 2426 ad
302 2397 554 2429 misericordiam
579 2399 731 2431 flecteret.
780 2399 843 2431 Nos
867 2400 973 2439 itaque
997 2399 1134 2432 Davidis

170 2438 350 2478 exemplum
364 2440 409 2472 sic
422 2441 597 2478 imitemur,
621 2452 662 2473 ne
679 2452 737 2473 nos
756 2443 866 2483 magni
884 2443 986 2473 faeere
1011 2443 1136 2474 laudes

170 2491 231 2520 que
261 2486 387 2513 nostras
418 2483 603 2523 praedicare
633 2485 718 2516 velle
749 2485 933 2522 videamur,
972 2491 1007 2516 ut
1039 2486 1133 2517 multi

169 2523 275 2554 solent
292 2535 324 2555 se
343 2525 519 2557 insolenter
540 2526 601 2558 hac
624 2527 656 2558 iu
680 2533 771 2567 parte
794 2538 907 2569 gerere
931 2528 1057 2559 laudem
1073 2529 1134 2559 Dei

171 2575 229 2596 sua
264 2566 435 2599 iactatione
469 2574 502 2599 et
539 2569 678 2609 superba
704 2570 896 2610 gloriatione
926 2571 1134 2610 profanantes

171 2613 202 2639 et
215 2617 472 2649 corrumpentes:
496 2611 577 2642 nihil
598 2613 684 2643 enim
709 2624 766 2644 nos
788 2613 924 2644 Davidis
948 2615 1133 2653 exemplum

170 2650 298 2683 iuverit.
322 2652 405 2683 Nam
418 2664 492 2685 suas
512 2654 624 2686 laudes
642 2655 815 2695 praedicat,
840 2661 872 2687 et
895 2655 979 2696 apud
1003 2657 1134 2688 univer-

1168 215 1233 246 11
1264 217 1360 247 (tAP.
1388 218 1513 248 XXVl.
2092 220 2154 249 :390

1184 318 1253 338 sum
1284 311 1460 341 exercituin
1486 311 1654 351 gloriatur,
1684 317 1720 342 ut
1742 311 1851 343 Saulis
1875 312 2097 343 crudelitatem
2122 319 2153 343 ct

1184 352 1351 382 saevitiam
1385 354 1516 389 molliat,
1550 360 1583 385 et
1614 354 1707 394 quale
1730 355 1771 385 sit
1794 354 1932 385 militum
1957 365 2032 395 erga
2057 366 2152 386 suum

1183 393 1408 433 imperatorem
1433 397 1571 427 officium
1599 397 1725 428 doceat.
1752 398 1823 428 Non
1847 397 1939 428 aliter
1953 398 1992 428 D.
2013 398 2151 428 Paulum

1184 436 1328 467 videmus
1358 449 1432 469 suas
1462 439 1571 470 laudes
1603 439 1856 480 praedicantem,
1887 439 2095 471 vehementer
2118 452 2151 471 sc

1183 488 1344 517 excusare,
1375 481 1456 520 quod
1488 493 1520 512 sc
1544 484 1614 514 aliis
1644 483 1802 522 apostolis
1834 484 1986 520 conserat,
2017 490 2049 513 ct
2080 482 2152 523 plus

1184 530 1278 558 quam
1302 522 1387 562 ipsos
1411 534 1444 553 se
1468 524 1638 562 laborasse,
1668 531 1701 556 ct
1726 526 1819 565 plura
1842 536 1970 564 passum
2003 536 2070 557 csse
2093 536 2151 565 pro

1183 565 1349 603 evangelio
1379 567 1526 597 ostendat
1555 579 1713 599 excusare
1743 568 1827 608 quod
1859 568 2060 607 quorundam
2094 569 2148 598 im-

1184 608 1382 644 portunitate
1406 619 1442 639 co
1466 610 1638 649 redigatur.
1684 611 1752 642 Nos
1778 611 1887 650 itaque
1912 610 2075 641 discamus
2100 622 2151 641 ne-

1186 658 1248 694 que
1289 656 1493 689 arroganter,
1539 664 1642 693 neque
1681 660 1801 684 temere
1844 654 1980 683 virtutes
2022 658 2149 684 nostras

1185 696 1320 722 iactare:
1344 693 1398 723 sed
1423 695 1565 726 modeste
1590 702 1620 726 et
1640 697 1743 727 sobrie
1767 696 1794 727 si
1818 695 1990 726 necessitas
2009 697 2150 736 cos-gerit

1186 734 1385 772 praedicare:
1408 737 1452 766 sic
1476 743 1510 767 ut
1534 738 1573 768 ab
1596 740 1682 769 omni
1708 738 1883 769 ambitione
1908 738 2009 769 simus
2033 738 2147 769 alieni:

1187 776 1242 806 sed
1266 777 1303 806 ad
1329 777 1390 808 Dci
1413 779 1547 818 gloriam
1571 781 1678 811 omnia
1703 787 1811 811 nostra
1835 781 2020 811 referamus.

1272 818 1368 850 Hauc
1391 820 1491 861 igitur
1514 823 1551 853 ob
1576 834 1702 854 causam
1728 823 1835 853 David
1860 823 2014 854 militibus
2039 822 2149 855 Saulis

1187 862 1364 893 socordiam
1396 864 1567 904 exprobrat
1595 873 1626 895 ct
1657 867 1716 905 ipsi
1748 867 1932 905 imperatori
1964 865 2148 904 perfidiam:

1188 914 1279 934 suam
1306 916 1380 936 vero
1404 912 1514 938 contra
1536 908 1755 939 fortitudinem
1781 914 1811 938 et
1835 908 2148 948 magnanimitatem,

1187 951 1218 976 et-
1242 957 1400 978 summam
1415 949 1644 990 integritatem.
1680 951 1739 981 Ille
1752 950 1892 990 quidem,
1912 951 2024 988 fateor,
2044 951 2148 990 primo

1188 988 1272 1026 dicit,
1301 1001 1395 1022 unam
1419 992 1455 1022 de
1477 993 1563 1024 turba
1588 1004 1752 1033 cyr-essum,
1783 993 1866 1032 quod
1886 994 2006 1023 ironice
2027 992 2148 1024 dictum

1187 1037 1235 1063 est
1258 1033 1296 1063 ab
1320 1034 1396 1073 ipso,
1421 1036 1510 1074 quasi
1534 1036 1684 1066 innueret
1697 1036 1879 1075 gregarium
1904 1035 2040 1075 aliquem
2065 1036 2149 1066 mili-

1187 1079 1252 1106 tem
1277 1086 1440 1115 egressum
1465 1088 1481 1107 e
1505 1078 1618 1109 castris
1649 1079 1703 1117 qui
1734 1078 1772 1109 ad
1804 1078 1888 1117 regis
1916 1088 2016 1117 usque
2047 1078 2149 1110 cubile

1187 1119 1372 1157 pervenerit
1395 1119 1494 1150 vitam
1524 1126 1692 1160 erepturus
1721 1120 1906 1152 custodibus
1937 1120 2037 1151 altum
2068 1126 2148 1152 ster-

1189 1160 1344 1191 tentibus:
1387 1166 1418 1192 et
1450 1163 1508 1194 hac
1542 1164 1665 1194 ratione
1700 1163 1876 1194 socordiam
1910 1168 1940 1193 et
1981 1163 2146 1202 perfidiam

1187 1204 1328 1243 ipsorum
1353 1205 1505 1236 maiorem
1520 1206 1645 1243 faceret,
1670 1210 1701 1236 et
1724 1206 1874 1245 indignos
1893 1205 1979 1246 regis
2003 1206 2149 1236 custodia

1187 1251 1218 1277 et
1241 1246 1391 1277 satellitio
1416 1249 1571 1287 probaret.
1617 1249 1684 1279 Vos
1712 1259 1822 1279 omnes
1851 1248 1896 1278 rei
1928 1249 2038 1278 mortis
2062 1249 2147 1280 estis.

1187 1289 1250 1320 Per
1274 1300 1366 1328 quem
1391 1291 1475 1320 enim
1499 1291 1589 1322 stetit
1619 1291 1695 1330 quin
1720 1290 1880 1321 Dominus
1911 1296 2018 1322 vester
2047 1291 2148 1322 inter-

1187 1332 1358 1363 ficeretur?
1389 1332 1497 1364 David
1521 1334 1620 1373 igitur
1650 1333 1727 1364 istos
1759 1333 1961 1364 subsannans
1993 1334 2047 1370 ait,
2077 1334 2147 1374 qui-

1186 1374 1259 1405 dam
1283 1386 1299 1406 e
1325 1375 1427 1411 turba,
1459 1376 1532 1407 vilis
1563 1381 1593 1407 et
1623 1375 1766 1407 abiectus
1798 1376 1967 1407 homuncio
1998 1386 2147 1416 egressus

1187 1423 1235 1449 est
1268 1416 1307 1448 ad
1341 1428 1448 1458 regem
1480 1424 1621 1449 vestrum
1654 1417 1846 1449 necandum:
1882 1429 1938 1449 vos
1972 1428 2049 1449 vcro
2084 1419 2147 1450 viri

1187 1462 1285 1492 fortes
1308 1465 1339 1491 et
1362 1461 1496 1497 strenui,
1524 1460 1681 1501 quomodo
1712 1461 1817 1500 ipsum
1843 1461 1936 1491 tutati
1967 1460 2064 1492 estis?
2097 1462 2146 1492 Tu

1187 1514 1262 1534 vero
1293 1502 1414 1541 Abner
1442 1514 1550 1535 nonne
1582 1504 1630 1534 vir
1660 1503 1750 1534 fortis
1781 1514 1813 1533 es
1845 1508 1877 1533 et
1908 1504 2145 1544 magnanimus,

1186 1557 1292 1577 nonne
1325 1546 1389 1576 dux
1419 1557 1451 1577 es
1482 1547 1666 1577 exercitus?
1708 1556 1813 1576 nonne
1852 1545 1963 1577 multis
2001 1546 2146 1577 victoriis

1186 1588 1345 1629 insignis?
1371 1600 1476 1619 nonne
1503 1599 1666 1619 armorum
1693 1588 1916 1628 peritissimus,
1939 1588 1965 1619 si
1990 1588 2047 1619 tibi
2068 1589 2147 1620 fides

1186 1631 1400 1663 adhibeatur?
1425 1631 1594 1670 Quomodo
1617 1641 1692 1671 ergo
1716 1636 1746 1662 te
1770 1631 1821 1662 hic
1844 1631 1993 1670 gessisti?
2018 1631 2145 1671 qualem

1187 1679 1219 1705 te
1242 1675 1348 1705 virum
1371 1674 1581 1715 praestitisti?
1604 1674 1728 1714 Regem
1760 1678 1850 1704 tuum
1881 1673 1995 1712 aliquis
2024 1674 2063 1704 ad
2095 1685 2147 1705 ne-

1187 1728 1254 1748 cem
1290 1717 1398 1757 petiit,
1439 1717 1578 1756 dumque
1612 1717 1742 1747 interim
1777 1716 1840 1747 alto
1876 1717 1999 1756 sopitus
2033 1727 2146 1748 somno

1186 1760 1322 1791 iaceres:
1348 1769 1445 1799 quam
1468 1760 1594 1790 fidelem
1618 1770 1748 1799 operam
1771 1759 1832 1798 ipsi
1851 1759 2060 1798 praestitisti?
2087 1761 2146 1790 At-

1186 1813 1246 1842 que
1270 1804 1313 1833 ita
1333 1802 1440 1833 David
1463 1813 1553 1833 suam
1578 1803 1795 1842 integritatem
1819 1806 1851 1832 et
1874 1801 2088 1833 innocentiam
2109 1813 2145 1834 ao

1186 1856 1300 1877 causae
1334 1855 1410 1876 suae
1443 1845 1597 1875 iustitiam
1632 1844 1784 1876 defendit.
1835 1843 1901 1874 Nos
1935 1845 1998 1874 iam
2032 1845 2145 1876 utilem

1187 1887 1366 1919 doctrinam
1390 1898 1429 1918 ex
1453 1888 1523 1918 istis
1538 1897 1704 1918 eruamus:
1728 1896 1853 1926 nempe,
1877 1892 1912 1916 ut
1924 1886 2032 1918 hostes
2055 1887 2145 1919 nobis

1187 1931 1328 1962 infensos
1362 1930 1489 1970 placare
1522 1930 1622 1961 modis
1657 1929 1806 1961 omnibus
1839 1928 2043 1967 studeamus,
2084 1929 2144 1961 etsi

1187 1984 1300 2005 causae
1325 1978 1451 2004 nostrae
1476 1973 1546 2003 freti
1571 1972 1727 2004 bonitate:
1753 1977 1784 2002 et
1801 1982 1974 2011 pravorum
1999 1973 2144 2003 omnium

1187 2026 1223 2047 ac
1247 2015 1465 2056 improborum
1490 2015 1657 2046 hominum
1682 2014 1887 2046 virulentiam
1913 2014 2145 2054 placidioribus

1187 2058 1293 2090 verbis
1324 2059 1471 2098 frangere
1505 2059 1663 2088 nitamur:
1695 2062 1859 2097 sperantes
1896 2057 1962 2087 fore
1997 2062 2033 2087 ut
2061 2057 2143 2089 hauc

1187 2102 1273 2133 viam
1300 2106 1451 2140 sequutos
1475 2100 1563 2131 Deus
1587 2105 1732 2140 acceptos
1756 2099 1881 2136 habeat,
1911 2104 1943 2129 et
1974 2100 2078 2140 magis
2108 2110 2144 2131 ac

1187 2145 1290 2184 magis
1321 2143 1488 2175 benedicat
1519 2148 1550 2174 et
1580 2143 1730 2174 fortunet.
1776 2141 1947 2172 Caeterum
1986 2147 2017 2172 et
2048 2142 2144 2174 licere

1187 2188 1278 2217 nobis
1302 2186 1376 2217 hinc
1390 2185 1678 2217 animadvertimus
1692 2186 1797 2216 hostes
1816 2184 1946 2215 liberius
1966 2186 2144 2225 increpare,

1186 2229 1280 2260 modo
1305 2235 1410 2260 tamen
1435 2228 1545 2259 eodem
1568 2238 1629 2268 quo
1654 2226 1761 2259 David
1785 2237 1919 2266 agamur
1942 2228 2073 2266 spiritu:
2103 2239 2144 2258 ne

1188 2273 1340 2302 nimirum
1366 2271 1567 2302 contumeliis
1591 2276 1645 2301 aut
1678 2270 1818 2301 dicteriis
1849 2270 2057 2308 excipiamus,
2087 2270 2143 2301 sed

1186 2315 1284 2346 libere
1307 2315 1449 2353 ipsorum
1474 2314 1553 2344 vitia
1572 2318 1786 2344 monstremus
1809 2317 1840 2342 et
1859 2312 2142 2352 reprehendamus.

1271 2357 1450 2397 Pergamus
1474 2355 1512 2386 ad
1526 2356 1657 2395 reliqua,
1676 2354 1790 2395 quibus
1804 2354 1920 2386 dicitur
1933 2353 2013 2386 Saul
2033 2355 2144 2387 audita

1186 2411 1263 2431 voce
1295 2398 1428 2436 Davisii,
1460 2399 1560 2429 filium
1592 2409 1663 2429 eum
1696 2407 1835 2428 vocasse.
1884 2396 1976 2436 Quae
2006 2408 2067 2428 vox
2097 2398 2143 2429 illi

1187 2453 1249 2473 non
1274 2446 1394 2472 temere
1418 2446 1473 2471 aut
1496 2441 1645 2471 simulate
1669 2439 1804 2471 excidit:
1835 2439 1890 2470 sed
1921 2450 1962 2470 ex
1991 2450 2089 2471 sensu
2112 2448 2143 2472 et

1186 2496 1293 2516 morsu
1317 2483 1540 2522 conscientiae,
1571 2482 1775 2523 agnoscentis
1807 2487 1926 2522 quanta
1954 2482 2088 2522 perfidia
2111 2490 2143 2514 et

1186 2527 1389 2566 improbitate
1420 2526 1521 2556 filium
1560 2528 1763 2556 innocentem
1793 2530 2054 2565 persequeretur,
2092 2527 2143 2557 cui

1186 2571 1249 2601 iam
1272 2568 1409 2600 secundo
1430 2569 1527 2599 vitam
1548 2567 1691 2606 debebat,
1715 2575 1841 2607 praeter
1860 2567 2031 2598 innumera
2046 2568 2142 2600 bene-

1187 2613 1257 2644 ficia
1276 2612 1390 2651 quibus
1421 2610 1481 2650 ipsi
1513 2611 1650 2641 maxime
1680 2610 1848 2641 devinctus
1878 2616 1954 2640 erat.
1999 2610 2051 2641 Ex
2081 2621 2143 2651 quo

1186 2660 1316 2695 apparet
1341 2654 1389 2684 vel
1416 2652 1627 2692 nequissimos
1648 2653 1794 2684 homines
1817 2651 1909 2683 deiici
1932 2657 1964 2683 et
1983 2654 2140 2692 prosterni
