2551 3044
393 203 456 234 443
1183 194 1384 228 HOMILIA

480 297 628 327 Vidimus
665 295 815 325 hesterna
846 294 998 324 concione
1032 291 1189 322 Davidem
1223 292 1295 323 licet
1329 292 1362 322 in

393 341 527 373 summis
551 337 794 369 difficultatibus
817 337 1038 371 constitutum,
1061 344 1095 365 sc
1119 334 1238 364 virenti
1262 335 1365 366 olivae

393 391 604 423 comparasse,
624 380 707 420 quod
725 381 754 409 in
772 379 830 409 Dei
851 387 951 409 manu
968 384 1067 409 esset:
1088 377 1177 416 atqui
1197 377 1366 408 videbatur
1391 391 1392 397 1

394 427 500 467 potius
524 424 703 457 exaruisse,
729 432 832 461 neque
856 421 981 452 radices
1005 419 1088 451 ullas
1112 421 1205 450 vivas
1227 419 1366 459 amplius
1391 431 1393 457 ³]

699 475 798 505 quum
833 464 933 504 ipsius
968 463 1134 494 occasione
1167 464 1366 494 sarcerdotes
1392 499 1393 505 ἵ

394 469 523 500 habere.
579 465 662 496 Nam

393 510 526 543 Domini
558 509 640 539 eaesi
671 508 822 543 fuissent,
855 506 1048 537 videbantur
1076 515 1187 536 omnes
1210 505 1366 536 adversus

391 555 496 595 ipsum
510 550 721 583 insurrecturi
740 557 772 580 ct
791 549 863 580 odio
882 548 1082 585 inflammati,
1102 547 1219 579 facturi
1237 558 1277 579 ne
1296 548 1367 588 quis

393 597 459 628 ullo
473 596 577 636 ipsum
593 594 703 624 favore
717 592 986 631 complecteretur
1005 598 1037 622 et
1049 590 1227 622 adiuvaret.
1252 590 1366 630 Itaque

393 639 561 671 hominum
593 637 743 676 opinione
777 634 882 665 David
921 634 1009 665 velut
1039 634 1072 664 in
1107 632 1365 673 desperationem

393 682 555 715 coniectus
574 679 761 710 videbatur:
782 677 836 708 sed
857 677 950 708 radix
970 677 1073 717 ipsius
1091 676 1217 708 occulta
1236 675 1364 711 latebat,
1390 690 1392 699 ·

395 723 479 766 quod
504 724 535 754 in
568 722 705 752 Domino
740 730 830 760 spem
865 730 956 751 suam
989 719 1174 751 collocabat.
1231 718 1364 749 Certum

392 768 478 799 enim
513 772 561 797 est
595 774 654 795 nos
695 765 726 794 in
758 763 809 794 his
843 763 938 794 terris
981 763 1153 800 fluctuare,
1194 767 1225 792 et
1254 761 1365 791 multis

391 809 507 851 agitari
533 805 795 847 tempestatibus:
828 805 884 837 sed
908 805 1052 836 anchora
1079 811 1189 835 nostra
1220 805 1252 834 in
1277 803 1365 834 coelo

392 854 457 884 fixa
481 857 538 889 est,
563 851 595 881 in
619 860 680 889 quo
705 859 762 879 nos
785 854 912 888 oportet
935 847 1076 879 fundari.
1123 846 1284 886 Deinceps
1308 856 1364 876 au-

393 895 519 926 diemus
543 891 702 934 quomodo
727 892 815 923 Deus
840 890 980 928 Davidi,
1010 890 1085 922 licet
1107 890 1176 921 eius
1199 889 1364 920 occasione

393 937 496 971 caesis
529 934 765 971 sacerdotibus,
802 934 989 975 providerit.
1033 933 1118 964 Nam
1148 933 1302 972 profugus
1325 930 1363 961 ad

393 991 468 1012 eum
492 978 668 1015 Abiathar,
694 976 837 1008 medium
859 976 975 1008 salutis
998 976 1045 1006 illi
1068 975 1188 1014 attulit,
1211 975 1364 1005 nimirum

393 1022 498 1064 ephod
522 1020 736 1055 sacerdotale.
761 1025 797 1051 ut
820 1019 972 1060 deinceps
995 1018 1219 1049 declarabitur.
1265 1017 1366 1047 Porro

392 1066 445 1098 hic
458 1066 489 1097 in
504 1064 618 1105 primis
626 1063 765 1095 occurrit
774 1061 909 1093 historia
922 1061 1068 1102 insignis,
1083 1071 1122 1092 ex
1133 1071 1195 1100 qua
1206 1059 1365 1090 Davidem

395 1115 529 1149 apparet
563 1116 728 1146 nunquam
763 1105 862 1136 fuisse
885 1103 1096 1144 defatigatum
1128 1102 1366 1139 benefaciendo,

396 1152 469 1183 licet
502 1151 541 1181 ab
573 1148 759 1181 hominibus
793 1147 993 1179 occasionem
1019 1156 1082 1177 non
1107 1145 1200 1176 modo
1225 1156 1286 1175 non
1312 1144 1367 1174 ha-

395 1194 502 1232 beret,
533 1192 588 1224 sed
620 1201 692 1223 eum
717 1191 823 1231 potius
846 1190 972 1221 malitia
995 1189 1104 1221 Saulis
1128 1189 1166 1219 ab
1190 1188 1294 1219 officio
1319 1187 1367 1217 di-

395 1241 549 1269 moveret.
584 1234 668 1266 Nam
691 1234 757 1265 fere
780 1232 827 1272 fit,
851 1238 888 1264 ut
909 1233 935 1263 si
955 1232 1025 1272 quis
1049 1231 1194 1271 publicae
1217 1230 1367 1260 utilitatis

395 1279 561 1312 studiosus
591 1277 687 1309 fuerit
712 1286 770 1317 pro
803 1286 862 1307 sua
894 1275 995 1310 virili,
1024 1281 1055 1305 et
1087 1279 1197 1304 tamen
1221 1273 1367 1303 molestia

396 1323 457 1363 ipsi
492 1320 701 1358 exhibeatur,
750 1324 783 1350 et
815 1328 872 1359 pro
905 1317 1067 1349 laboribus
1101 1327 1181 1356 quos
1213 1315 1368 1346 sustinuit

397 1364 533 1405 accipiat
551 1362 795 1401 detrimentum,
819 1366 851 1392 et
873 1366 970 1400 caput
989 1360 1089 1400 ipsius
1113 1364 1296 1399 quaeratur,
1320 1358 1368 1388 in-

397 1407 550 1449 dignatus
580 1404 662 1437 nolit
702 1404 842 1445 amplius
876 1409 942 1434 tam
980 1403 1116 1443 ingratis
1151 1406 1184 1432 et
1217 1402 1369 1441 malignis

398 1449 586 1482 hominibus
627 1457 759 1488 operam
799 1456 891 1478 suam
926 1446 1039 1477 locare.
1085 1444 1223 1475 Davidis
1257 1444 1368 1475 eadem

399 1493 574 1524 videbatur
596 1490 746 1522 conditio.
792 1489 876 1520 Nam
906 1488 1033 1528 saepius
1064 1489 1165 1527 ipsam
1188 1488 1290 1517 vitam
1313 1497 1369 1517 ex-

398 1535 544 1577 posuisse
571 1532 722 1574 perieulis
748 1542 806 1573 pro
831 1532 954 1572 patriae
973 1530 1156 1562 defensione
1180 1529 1320 1560 vidimus
1339 1534 1370 1560 et

398 1576 623 1610 memorabiles
646 1576 798 1607 victorias
822 1574 1013 1609 obtinuisse.
1044 1579 1080 1604 ut
1103 1578 1207 1603 totum
1231 1583 1369 1613 reguum

398 1621 460 1662 ipsi
484 1619 595 1651 multis
620 1618 804 1650 nominibus
827 1616 1015 1648 devinctum
1038 1616 1145 1654 fuerit,
1167 1621 1199 1646 et
1221 1615 1369 1646 nomina-

400 1664 460 1695 tim
490 1662 572 1703 quod
595 1661 694 1701 ipsius
724 1669 822 1700 opera
850 1659 1009 1691 debellato
1034 1659 1164 1699 gigante
1187 1668 1281 1689 suum
1305 1663 1369 1688 sta-

400 1710 470 1737 tum
500 1704 698 1736 retinuisset.
750 1701 859 1734 David
890 1702 990 1743 igitur
1012 1711 1110 1741 quum
1135 1711 1169 1732 se
1192 1706 1256 1731 tam
1280 1701 1370 1732 forti-

399 1752 451 1780 ter
485 1747 652 1789 gessisset,
686 1751 723 1777 ut
751 1745 785 1776 in
819 1755 855 1775 eo
885 1744 1059 1776 desiderari
1083 1743 1163 1774 nihil
1187 1748 1309 1784 posset,
1340 1748 1371 1774 et

400 1791 506 1823 officio
530 1789 668 1821 fideliter
689 1788 821 1819 functus
844 1793 945 1824 esset,
979 1797 1038 1827 pro
1061 1792 1108 1817 tot
1132 1786 1371 1817 benefactorum

401 1832 674 1869 remuneratione,
694 1831 798 1871 patria
816 1831 940 1870 cogitur
957 1829 1115 1869 exsulare,
1135 1835 1165 1859 et
1184 1829 1217 1859 in
1237 1829 1371 1860 saltibus

399 1884 431 1908 et
463 1875 626 1916 speluncis
649 1873 793 1909 latitare,
827 1872 911 1913 quod
934 1872 1049 1903 nullibi
1073 1879 1157 1903 stare
1181 1872 1241 1911 ipsi
1266 1876 1372 1902 tutum

400 1919 458 1957 sit3
488 1924 520 1950 et
549 1922 699 1957 parentes
723 1915 823 1956 ipsius
846 1915 951 1955 patria
974 1920 1006 1945 et
1030 1915 1095 1945 lare
1119 1914 1292 1945 domestico
1316 1925 1371 1945 ex—

402 1966 508 1993 torres
531 1961 562 1991 in
588 1959 721 2001 regione
742 1959 916 1999 peregrina
936 1957 1036 1988 veluti
1059 1957 1229 1996 deponere,
1253 1962 1286 1987 et
1309 1957 1372 1987 huc

402 2010 436 2038 et
458 2004 535 2035 illuc
559 2002 688 2043 vagari,
717 2001 819 2032 veluti
843 2001 900 2040 qui
923 2001 1050 2041 magnis
1073 1999 1318 2039 tempestatibus
1341 2006 1372 2030 et

402 2046 553 2089 procellis
572 2044 812 2077 concutiuntur.
833 2043 1055 2074 Nihilominus
1074 2047 1183 2073 tamen
1197 2041 1236 2072 ad
1250 2043 1372 2081 patriae

402 2089 625 2121 defensionem
659 2097 750 2118 suam
782 2096 914 2126 operam
944 2086 1069 2117 confert
1091 2085 1248 2116 adversus
1271 2084 1372 2115 Phili-

401 2139 516 2170 masos,
551 2132 716 2170 vitamque
739 2139 796 2169 pro
816 2128 917 2160 Saule
940 2127 1090 2169 periculis
1109 2128 1250 2167 exponit.
1307 2127 1373 2158 Sed

402 2176 542 2215 qualem,
566 2183 694 2214 quaeso,
719 2172 900 2203 mercedem
924 2182 944 2202 a
962 2170 1063 2203 Saule
1087 2175 1118 2201 et
1141 2170 1213 2201 aliis
1237 2171 1373 2210 recipit?

403 2218 505 2255 Nam,
530 2221 565 2247 ut
589 2216 738 2255 deinceps
761 2214 960 2252 videbimus,
990 2219 1117 2245 tantum
1141 2213 1243 2243 abfuit
1266 2217 1304 2243 ut
1327 2213 1374 2243 ira

405 2260 514 2292 Saulis
546 2259 704 2290 leniretur
731 2263 764 2288 et
793 2257 998 2298 mitigaretur
1032 2256 1092 2287 hoc
1115 2255 1252 2286 Davidis
1281 2256 1373 2293 facto,

404 2309 440 2334 ut
471 2308 583 2334 contra
607 2300 686 2332 Saul
722 2301 826 2340 magis
856 2299 1085 2335 excanduerit,
1116 2305 1148 2329 et
1170 2297 1309 2329 laetatus
1332 2299 1375 2328 sit

403 2345 564 2377 Davidem
598 2344 683 2374 intra
710 2342 871 2382 quandam
903 2342 1016 2373 urbem
1046 2341 1248 2377 conclusum,
1284 2341 1373 2380 quasi

405 2389 470 2420 iam
494 2388 527 2418 in
552 2387 652 2428 ipsius
675 2389 866 2426 potestatem
887 2391 971 2416 esset
991 2389 1159 2416 venturus.
1189 2383 1241 2414 Ex
1260 2383 1375 2423 quibus

405 2431 554 2462 omnibus
567 2429 768 2469 singularem
782 2428 1025 2459 instructionem
1041 2427 1204 2467 percipere
1214 2425 1375 2464 debemus,

405 2484 538 2513 nempe,
568 2482 668 2512 quum
699 2470 871 2501 adversum
904 2480 961 2501 nos
992 2470 1118 2501 malitia
1142 2469 1307 2500 hominum
1341 2479 1375 2499 se

404 2517 594 2551 exercuerit,
615 2521 647 2545 ct
661 2513 895 2554 ingratitudine
908 2520 939 2543 et
954 2512 1192 2543 inhumanitate
1204 2511 1373 2542 adversum
1401 2505 1403 2515 '

406 2569 463 2590 nos
493 2558 690 2594 neatuarint,
727 2567 766 2586 ne
791 2562 897 2586 tamen
923 2562 1092 2595 propterca
1124 2554 1311 2586 recedamus
1336 2555 1374 2585 ab

408 2602 520 2637 officio,
544 2600 599 2631 scil
620 2609 702 2640 quae
722 2599 810 2629 iubet
835 2598 925 2629 Deus
949 2605 1121 2638 praestare,
1146 2603 1178 2628 ct
1201 2597 1373 2628 amicitiam

406 2654 477 2674 cuin
503 2643 642 2673 inimicis
666 2642 768 2673 colere
793 2642 948 2677 nitamur,
983 2641 1166 2680 malumque
1191 2641 1271 2671 bono
1290 2650 1375 2671 com-

1416 196 1598 228 Lxxxn.
2323 188 2386 220 444

1417 299 1599 331 pensemus.
1646 289 1734 319 Sane
1766 287 1843 319 haec
1868 286 2001 317 Domini
2032 286 2135 318 nostri
2167 287 2241 318 Iesu
2264 286 2388 318 Christi

1390 336 1391 342 ¹
1419 333 1579 369 doctrina,
1614 329 1755 361 nondum
1798 330 1900 370 ipsius
1938 339 1993 360 ore
2027 330 2131 360 fuerat
2160 331 2387 370 pronunciata:

1419 375 1505 407 Bene
1544 374 1637 413 facite
1671 382 1725 404 vos
1752 372 2020 412 persequentibus,
2049 372 2225 411 precamini
2250 382 2310 411 pro
2345 373 2388 404 iis

1419 420 1473 458 qni
1492 416 1575 448 vobis
1590 415 1790 446 maledicunt.-
1814 425 1925 446 verum
1947 421 2054 445 tamen
2073 415 2106 445 in
2125 415 2232 446 animo
2249 414 2386 447 Davidis

1419 462 1515 491 altius
1539 458 1690 490 haerebat
1708 459 1818 497 infixa,
1843 458 1927 489 sicut
1946 458 2043 488 etiam
2064 456 2193 488 divinae
2213 458 2291 498 legis
2311 468 2386 498 pars

1419 511 1476 534 est.
1518 502 1606 540 Quin
1628 501 1726 532 etiam
1747 500 1854 531 David
1875 500 1956 531 illud
1976 501 2148 540 usurpavit
2171 500 2254 539 quod
2277 506 2388 541 postea

1392 547 1393 581 ξ
1419 545 1547 585 scriptis
1571 554 1588 574 a
1612 543 1678 574 filio
1704 542 1875 575 Solomone
1899 543 2054 573 traditum
2077 549 2135 581 est,
2159 553 2218 574 nos
2240 550 2388 583 oportere
2422 565 2426 570 ·

1420 598 1541 628 prunas
1558 586 1708 618 ardentes
1727 587 1759 617 in
1779 586 1983 617 inimicorum
2003 592 2099 625 caput
2118 585 2291 617 accendere
2309 587 2388 627 ipsis

1392 639 1393 644 ¹
1419 630 1641 661 indesinenter
1656 629 1898 660 benefaciendo:
1923 635 1959 658 ut
1977 629 2004 659 si
2024 629 2092 659 fieri
2112 634 2217 668 potest
2235 639 2389 662 conemur

1418 674 1504 713 ipsos
1523 673 1562 703 ad
1583 673 1746 703 meliorem
1767 678 1908 702 mentem
1929 681 2090 708 revocare,
2111 676 2143 702 et
2165 671 2387 704 confusionem

1418 716 1495 755 ipsis
1529 714 1663 753 addere,
1705 722 1741 745 ut
1773 725 1792 745 a
1825 713 1950 745 malitia
1983 724 2042 744 sua
2070 719 2320 752 convertantur,
2354 720 2387 746 et

1417 759 1448 789 in
1475 764 1595 789 rectam
1620 758 1706 789 viam
1731 756 1942 788 reducantur:
1967 757 2077 787 futura
2100 757 2222 787 maiore
2240 756 2387 797 ipsorum

1417 801 1607 832 confusione
1637 806 1671 831 et
1703 799 1821 831 damno
1855 799 1882 830 si
1917 799 2078 830 obstinate
2112 798 2144 829 in
2178 799 2300 830 malitia
2329 810 2388 832 sua

1417 844 1630 884 perrexerint.
1674 843 1747 874 Hoc
1779 852 1838 873 nos
1868 841 2017 881 exemplo
2051 851 2109 872 suo
2133 841 2240 872 David
2271 841 2388 883 docuit,

1417 885 1501 926 quod
1524 886 1594 917 ideo
1618 886 1755 916 alacrius
1779 895 1837 916 nos
1859 884 1949 915 decet
1968 884 2097 923 imitari,
2121 883 2206 924 quod
2225 884 2389 917 Dominus

1418 936 1530 960 noster
1551 929 1643 960 Iesus
1663 929 1816 960 Christus
1835 926 1914 958 illud
1933 937 1990 958 sua
2006 927 2168 957 sententia
2180 928 2389 960 confirmarit.

1418 972 1568 1003 Profecto
1587 972 1624 1010 si,
1644 971 1727 1011 quod
1745 971 1890 1011 plerique
1908 970 2021 1008 solent,
2040 979 2222 1010 repugnare
2241 970 2390 1002 sensibus

1419 1015 1538 1046 nostris
1554 1020 1585 1045 et
1600 1014 1751 1045 humanis
1770 1012 1920 1045 omnibus
1935 1012 2105 1043 affectibus
2120 1013 2183 1043 ista
2200 1012 2390 1051 dixerimus,

1418 1058 1566 1088 inimicos
1596 1067 1720 1092 amare.
1752 1061 1785 1087 et
1807 1055 1929 1087 malum
1954 1056 2038 1086 bono
2061 1064 2283 1095 compensare,
2315 1065 2393 1087 con-

1418 1099 1597 1132 sideremus
1619 1099 1778 1131 Davidem
1796 1109 1858 1130 non
1879 1098 1979 1129 fuisse
1999 1098 2141 1128 ferreum
2162 1108 2266 1137 neque
2288 1098 2392 1139 stupi-

1419 1143 1513 1181 dum,
1547 1143 1625 1183 quin
1660 1142 1788 1173 eosdem
1823 1151 1897 1173 cum
1931 1141 2004 1172 aliis
2038 1140 2222 1172 hominibus
2255 1140 2390 1173 affectus

1419 1185 1568 1217 haberet:
1611 1185 1666 1216 sed
1701 1185 1763 1216 Dei
1798 1189 1947 1216 sanctum
1981 1183 2132 1223 spiritum
2173 1183 2262 1214 intus
2295 1183 2389 1216 illum

1420 1229 1558 1265 rexisse,
1582 1228 1716 1268 ideoque
1739 1225 1991 1258 mansuetudine
2014 1230 2046 1257 et
2070 1225 2271 1266 benignitate
2294 1226 2392 1258 etiam

1419 1281 1496 1312 erga
1519 1271 1667 1302 inimicos
1691 1281 1794 1307 usum,
1817 1269 1978 1309 superat-is
1999 1276 2032 1299 et
2055 1268 2186 1299 domitis
2209 1269 2241 1300 vi
2260 1269 2394 1309 spiritus

1421 1315 1525 1346 sancti
1556 1313 1707 1345 omnibus
1738 1313 1806 1344 suis
1835 1310 2057 1352 passionibus,
2087 1310 2166 1342 adeo
2196 1311 2326 1351 quidem
2357 1316 2395 1344 ut

1420 1357 1527 1397 ipsum
1569 1356 1608 1388 ad
1643 1361 1780 1387 mortem
1811 1354 2078 1396 persequentibus
2107 1354 2297 1386 benefacere
2327 1365 2392 1386 non

1421 1399 1602 1437 destiterit,
1635 1398 1827 1439 praesertim
1859 1397 1913 1429 ubi
1947 1397 1986 1429 de
2015 1397 2113 1428 totius
2147 1396 2258 1437 populi
2288 1397 2393 1429 salute

1422 1448 1529 1474 actum
1548 1448 1607 1474 est.
1641 1441 1730 1473 Hinc
1748 1441 1909 1472 discamus
1933 1439 2099 1471 hominum
2120 1439 2392 1480 ingratitudinem

1421 1486 1584 1526 patienter
1606 1485 1703 1522 ferre,
1727 1484 1753 1516 si
1776 1493 1836 1524 pro
1859 1483 2035 1515 benefactis
2057 1481 2144 1513 mala
2167 1481 2259 1514 nobis
2281 1493 2394 1523 repen-

1422 1528 1509 1564 dant,
1533 1534 1564 1559 et
1587 1538 1645 1568 pro
1669 1527 1792 1558 viribus
1816 1524 2044 1557 benefaciendo
2067 1524 2224 1556 malitiam
2247 1524 2392 1565 ipsorum

1422 1581 1622 1611 superemus.
1668 1570 1815 1601 Profecto
1845 1569 1942 1600 etiam
1967 1567 2103 1608 privatis
2132 1567 2219 1598 istud
2251 1567 2394 1600 officium

1422 1613 1592 1652 debemus,
1625 1612 1682 1644 sed
1710 1622 1809 1652 quum
1832 1611 1872 1642 de
1895 1612 1994 1642 totius
2017 1610 2126 1651 populi
2149 1609 2253 1642 salute
2276 1611 2394 1652 agitur,

1422 1657 1462 1688 ad
1484 1657 1598 1688 vivum
1629 1656 1732 1696 magis
1754 1655 1839 1686 affici
1863 1665 1921 1686 nos
1944 1658 2085 1693 oportet:
2117 1662 2221 1692 neque
2250 1663 2394 1694 unquam

1423 1699 1593 1739 defatigari
1614 1697 1851 1735 benefaciendo,
1876 1697 1951 1728 licet
1973 1696 2122 1727 homines
2144 1695 2236 1727 nobis
2254 1695 2394 1728 occasio—

1423 1753 1495 1774 nem
1521 1753 1583 1773 non
1608 1741 1800 1781 praebeant,
1830 1739 1886 1771 sed
1910 1739 2016 1779 potius
2039 1738 2124 1770 ultro
2143 1748 2202 1769 nos
2224 1738 2264 1770 ab
2288 1738 2393 1771 officio

1423 1785 1588 1816 dimovere
1610 1784 1694 1815 vello
1719 1783 1899 1815 videantur.

1510 1830 1619 1867 Atque
1642 1827 1704 1858 ista
1722 1824 1958 1858 consideranda
1980 1830 2058 1856 sunt
2080 1824 2114 1855 in
2137 1833 2175 1856 ea
2198 1824 2394 1865 narratione,

1423 1881 1486 1911 qua
1525 1870 1644 1901 dieitur
1682 1868 1799 1907 David,
1844 1868 1899 1899 ubi
1941 1878 1960 1898 a
1992 1867 2178 1899 Philistaeis
2215 1866 2395 1899 audivisset

1423 1914 1548 1945 Ceilam
1577 1912 1743 1944 obsidione
1771 1912 1890 1952 premi,
1920 1911 2030 1941 statim
2061 1911 2237 1942 accurrisse
2267 1909 2394 1942 miseris

1423 1956 1628 1988 Ceilensibus
1651 1956 1816 1996 suppetias
1839 1953 1977 1993 laturus,
2012 1953 2071 1984 etsi
2094 1962 2161 1983 non
2191 1952 2230 1983 ab
2254 1951 2318 1983 illis
2337 1962 2394 1984 vo-

1423 2006 1531 2031 catus:
1562 1999 1694 2039 quinam
1720 1997 1806 2028 enim
1831 1996 1940 2027 miseri
1965 1995 2126 2026 Davidem
2155 1995 2212 2026 vix
2242 1994 2396 2035 spelunea

1424 2047 1534 2073 tutum
1565 2042 1598 2072 in
1629 2051 1724 2072 suum
1755 2039 1913 2071 auxilium
1943 2037 2133 2070 vocassent?
2165 2038 2265 2069 Venit
2294 2037 2395 2079 igitur

1424 2086 1531 2120 ultro,
1559 2083 1621 2115 Dei
1647 2083 1827 2114 vocationis
1855 2081 2075 2114 recordatione
2098 2080 2265 2121 impulsus.
2309 2080 2395 2113 Nam

1426 2126 1589 2159 Samuelis
1622 2125 1803 2157 ministerio
1837 2135 1894 2156 rex
1927 2124 2130 2165 designatus,
2171 2128 2204 2154 et
2245 2122 2279 2154 in
2319 2133 2393 2155 eum

1425 2172 1523 2202 finem
1545 2175 1664 2201 unctus
1687 2168 1807 2200 fuerat:
1830 2177 1867 2199 ac
1890 2167 1964 2199 licet
1987 2166 2129 2197 nondum
2153 2166 2187 2196 in
2206 2165 2299 2206 regni
2321 2175 2394 2206 pos-

1426 2213 1602 2245 sessionem
1626 2216 1776 2243 venerat:
1807 2220 1841 2242 se
1873 2215 1981 2241 tamen
2004 2208 2189 2240 devinctum
2218 2208 2330 2246 sensit,
2362 2213 2395 2241 et

1426 2255 1528 2288 veluti
1570 2255 1630 2286 Dei
1671 2264 1769 2284 manu
1814 2252 2025 2284 constrictum
2066 2251 2106 2282 ad
2153 2251 2394 2291 suscipiendam

1427 2298 1536 2338 populi
1560 2297 1724 2329 israelitici
1749 2306 1859 2328 curam
1885 2300 1917 2326 et
1940 2294 2170 2329 defensionem.
2200 2299 2233 2325 et
2254 2293 2395 2326 fideliter

1427 2341 1628 2372 subditorum
1641 2339 1784 2371 omnium
1798 2337 1974 2370 commodis
1987 2343 2019 2368 et
2038 2337 2135 2368 saluti
2147 2336 2394 2369 consulendum.

1428 2384 1534 2414 David
1558 2384 1657 2423 igitur
1679 2382 1719 2414 ad
1745 2382 1913 2413 hominum
1938 2380 2092 2411 malitiam
2123 2379 2231 2411 oculos
2261 2379 2394 2419 claudit,

1429 2438 1467 2456 no
1491 2427 1529 2456 ab
1553 2426 1657 2457 officio
1679 2426 1888 2461 deterreatur,
1913 2423 1968 2454 sed
1991 2433 2102 2453 omnes
2125 2432 2198 2453 suos
2221 2432 2338 2454 sensus
2360 2423 2394 2454 in

1431 2469 1489 2498 l)ci
1514 2469 1714 2499 vocationem
1738 2468 1880 2498 intentos
1911 2465 2044 2497 habeat:
2075 2471 2107 2496 et
2135 2463 2395 2505 qnandoquidem

1428 2512 1466 2541 ad
1497 2511 1732 2550 procurandam
1765 2509 1873 2551 populi
1903 2509 2039 2540 salntem
2072 2513 2203 2539 vocatus
2234 2512 2298 2546 est,
2335 2508 2395 2539 hoc

1428 2565 1538 2586 unuin.
1563 2554 1723 2593 superatis
1747 2553 1895 2583 omnibus
1923 2550 2175 2588 difficultatibus,
2209 2555 2300 2590 agat:
2334 2550 2394 2582 Dei

1429 2597 1614 2626 mandatnm
1640 2596 1742 2637 pluris
1765 2596 1886 2626 faciens
1909 2604 2004 2634 quani
2022 2593 2175 2634 quidquid
2196 2592 2235 2623 ab
2255 2592 2393 2624 homini-

1430 2638 1488 2669 bus
1512 2640 1633 2678 patitur
1657 2639 1859 2670 iniuriarum.
1905 2637 1970 2668 Nos
1995 2637 2095 2677 ipsius
2119 2635 2267 2675 exemplo
2290 2635 2392 2667 disca-
