2551 3044
163 200 225 231 561

166 293 298 324 consilio
324 293 419 324 vitam
444 292 596 329 restituit,
625 291 681 322 sed
705 290 888 330 quomodo?
921 289 1037 320 Nonne
1061 289 1129 328 ipse

165 336 256 367 Deus
279 335 393 367 salutis
416 345 506 366 meae
539 334 601 365 fuit
623 332 738 364 autor?
770 333 814 364 Et
844 333 890 362 ita
919 342 953 362 se
983 332 1129 371 ingratos

167 379 322 418 praebent
344 379 377 408 in
402 377 570 413 beneficos,
595 386 731 416 quorum
756 385 854 414 opera
867 374 957 404 Deus
981 385 1057 405 usus
1080 379 1129 405 est

166 421 197 452 in
233 421 335 451 salute
369 421 513 460 ipsorum
555 418 782 458 promovenda.
839 416 906 448 Sed
948 416 1129 447 istiusmodi

167 464 314 494 homines
341 462 516 493 ambitione
545 467 577 492 et
606 461 791 501 arrogantia
822 464 965 500 turgent,
996 464 1028 489 et
1061 460 1129 490 Deo

166 506 227 545 ipsi
251 506 400 536 resistere
424 504 504 534 velle
528 503 689 538 videntur,
725 502 936 542 impedientes
966 512 1006 532 ne
1029 502 1130 542 ipsius

167 548 249 579 dona
273 548 305 578 in
330 547 513 577 hominibus
535 550 721 586 appareant.
769 545 833 576 Alii
864 544 898 574 in
929 545 1128 575 contrarium

167 590 281 621 vitium
305 590 495 628 praecipites
519 593 630 625 ruunt,
654 588 737 619 tanti
762 588 916 618 facientes
939 586 1088 617 homines
1111 597 1130 617 a

165 632 285 672 quibus
309 632 463 662 beneficia
486 631 641 670 quaedam
673 636 872 670 acceperant,
903 635 940 660 ut
970 629 1032 659 Dei
1065 640 1128 660 non

166 675 384 705 meminerint.
430 674 496 704 Nos
524 674 632 713 itaque
661 674 723 704 ista
753 674 800 704 sic
828 673 998 704 conciliare
1029 671 1128 703 disea-

166 728 246 753 mus,
278 722 315 747 ut
339 726 547 756 quaecunque
570 716 726 747 beneficia
749 716 933 755 accipimus,
963 714 1034 745 Deo
1062 720 1128 745 tan-

166 769 263 799 quam
288 760 410 790 auctori
432 763 465 790 et
489 759 633 799 largitori
657 764 788 799 accepta
801 758 952 793 feramus,
975 758 1028 796 qui
1042 758 1128 788 solus

166 803 312 833 omnium
337 801 491 833 bonorum
516 803 587 832 tons
611 807 660 832 est
682 807 715 832 et
738 801 911 841 scaturigo,
936 800 985 830 cui
1010 801 1129 839 gratia-

166 855 239 876 rum
263 844 392 875 laudem
417 844 535 876 idcirco
559 844 721 875 debemus.
768 844 813 875 Et
843 848 952 874 tamen
982 842 1129 874 homines

165 897 378 928 agnoscamus
397 893 550 926 tanquam
570 887 671 926 ipsius
683 887 849 917 ministros
861 893 893 916 et
904 886 1130 925 instrumenta,

165 930 308 971 ipsisque
341 929 484 960 debitum
515 929 668 960 honorem
704 934 736 960 et
770 928 905 969 gloriam
941 927 1130 967 tribuamus,

166 974 212 1004 sic
235 978 272 1003 ut
301 972 384 1003 nihil
408 972 447 1002 de
476 972 544 1002 eius
574 972 676 1012 gloria
705 972 912 1011 detrahatur,
942 972 993 1002 cui
1025 972 1130 1002 omnis

166 1015 270 1046 honor
300 1021 333 1046 et
364 1014 466 1055 gloria
495 1014 647 1045 debetur:
683 1014 738 1045 sed
769 1015 876 1054 potius
906 1014 968 1044 Dei
1004 1013 1130 1045 bonitas

166 1057 371 1099 praedicetur
394 1057 490 1087 rebus
513 1057 579 1088 suis
591 1057 707 1088 creatis
730 1057 769 1088 ad
791 1062 935 1088 nostram
955 1056 1128 1087 utilitatem

167 1106 199 1131 et
229 1100 434 1132 commodum
464 1100 594 1130 utentis.
641 1099 735 1138 Quod
768 1110 843 1130 vero
874 1099 926 1130 hie
956 1098 1130 1130 Consilium

167 1143 302 1183 dicitur,
333 1142 433 1182 accipi
463 1147 568 1181 potest
594 1152 654 1182 pro
684 1143 847 1182 sapienter
869 1142 954 1172 dioto
978 1141 1029 1172 vel
1053 1152 1130 1181 pru-

167 1186 286 1217 dentia.
331 1184 532 1224 Quocunque
563 1196 639 1216 vero
670 1196 766 1217 sensu
795 1185 937 1222 dicatur,
968 1184 1130 1216 Davidem

167 1227 317 1260 videmus
340 1238 535 1268 magnopere
547 1227 734 1267 praedicare
758 1233 791 1258 et
803 1228 973 1259 admittere
996 1238 1129 1267 sugges-

167 1278 237 1302 tum
270 1271 331 1310 ipsi
365 1280 384 1300 a
417 1270 553 1300 muliere
587 1271 768 1302 consilium.
821 1271 933 1309 Quare
967 1270 1130 1302 discamus

166 1324 233 1345 non
256 1313 445 1344 erubescere
468 1312 635 1350 admoniti,
665 1318 698 1344 et
728 1324 786 1344 nos
809 1324 921 1344 eorum
945 1314 1033 1344 sanis
1056 1323 1129 1344 con-

165 1356 246 1388 siliis
274 1355 439 1393 subiicere,
470 1356 524 1395 qui
547 1356 671 1387 sincere
694 1367 752 1387 nos
775 1356 967 1387 admonent:
998 1360 1054 1386 aut
1077 1356 1131 1396 qui

167 1398 206 1430 de
239 1398 388 1429 admissis
429 1399 567 1438 peccatis
606 1398 823 1439 redarguunt,
865 1404 922 1429 aut
960 1398 1131 1430 admittere

166 1447 297 1482 paratos
326 1441 526 1480 impediunt,
558 1441 778 1481 cuiuscunque
806 1452 905 1473 sexus
935 1446 990 1472 aut
1020 1441 1130 1472 condi-

168 1485 266 1515 tionis
290 1484 429 1514 fuerint:
453 1483 510 1515 sed
533 1484 639 1524 potius
659 1490 811 1524 tanquam
826 1484 984 1515 divinitus
1008 1484 1048 1514 ad
1072 1495 1131 1515 nos

167 1527 283 1558 missos
316 1527 526 1566 recipiamus,
562 1533 594 1558 et
628 1526 765 1558 libenter
798 1532 928 1568 peccata
961 1527 1130 1563 fateamur,

167 1569 352 1609 exemplum
387 1568 525 1600 Davidis
558 1569 693 1606 imitati,
733 1570 788 1610 qui
828 1570 959 1600 laudato
997 1570 1131 1601 oonsilio

169 1611 345 1652 Abigailis,
379 1611 500 1643 fatetur
534 1622 567 1643 se
601 1611 779 1643 cohibitum
814 1613 912 1643 fuisse
946 1623 987 1643 ne
1010 1613 1130 1643 malum

168 1655 297 1694 faceret,
328 1654 523 1695 Nabalisque
553 1661 651 1686 totam
682 1655 823 1693 domum,
855 1661 892 1686 ut
918 1661 1132 1695 proposuerat

168 1698 203 1729 in
226 1697 344 1734 animo,
368 1696 558 1728 destrueret.
605 1698 699 1735 Nam,
729 1700 789 1735 ait,
820 1698 885 1729 nisi
905 1699 1060 1737 festinans
1082 1708 1131 1729 ve-

168 1741 268 1772 nisses
289 1739 409 1771 obviam
430 1740 518 1778 mihi,
541 1743 617 1771 certe
637 1751 698 1772 uon
726 1741 852 1772 relictus
879 1741 992 1780 fuisset
1015 1741 1134 1772 Nabali

168 1793 264 1822 usque
296 1783 338 1814 ad
371 1782 466 1814 lucem
499 1785 684 1814 matutinam
717 1787 855 1824 mtuyens
894 1784 936 1814 acl
969 1785 1131 1823 parietem.

169 1826 239 1857 Nae
262 1835 356 1865 saepe
387 1825 517 1865 quidem
548 1826 595 1857 ita
622 1826 800 1867 loquuntur
827 1827 880 1866 qui
910 1826 1134 1858 fortitudinem

169 1868 310 1908 aliquam
333 1874 506 1904 ostentant,
531 1875 562 1898 et
582 1875 704 1900 terrere
717 1870 795 1901 alios
808 1869 941 1900 volunt:
965 1869 1020 1901 sed
1039 1870 1134 1910 longe

170 1911 233 1942 alia
250 1910 390 1942 Davidis
412 1910 464 1941 hic
486 1921 579 1942 mens
602 1912 670 1943 fuit.
717 1912 800 1943 Nam
824 1912 907 1952 quod
932 1912 971 1943 ad
995 1912 1132 1943 funden-

170 1953 248 1984 dum
272 1954 463 1993 sanguinem
487 1960 637 1993 paratum
661 1965 695 1985 se
718 1955 816 1986 fuisse
839 1956 968 1994 fatetur,
993 1955 1070 1986 facit
1093 1955 1133 1985 ad

170 1996 232 2027 Dei
253 1997 391 2037 gloriam
415 2002 446 2027 et
458 1997 713 2028 misericordiam
736 1999 840 2038 magis
853 1999 1021 2038 magisque
1040 2008 1133 2037 prae-

170 2038 357 2080 dicandam,
387 2040 479 2070 cuius
508 2040 611 2079 gratia
641 2040 700 2071 fuit
727 2051 746 2071 a
777 2041 935 2080 sanguine
966 2040 1132 2071 fundendo

170 2082 347 2119 cohibitus,
389 2082 525 2121 ideoque
565 2084 688 2123 gratias
728 2084 796 2123 agit
829 2083 900 2113 Deo
935 2083 1020 2123 quod
1054 2094 1133 2114 sano

170 2124 314 2156 mulieris
337 2125 469 2156 consilio
493 2125 536 2156 sit
558 2125 732 2166 impeditus
756 2137 797 2157 ne
820 2126 977 2166 sanguine
1000 2126 1133 2157 innoxio

170 2176 285 2198 manus
316 2166 469 2198 foedaret.
521 2167 596 2198 Non
627 2169 688 2199 fuit
717 2169 819 2209 igitur
847 2174 911 2199 tam
943 2174 1134 2200 excaecatus

171 2209 329 2249 superbia,
353 2211 433 2241 utin
452 2210 575 2241 malum
588 2212 796 2252 praecipitem
815 2223 849 2243 se
869 2211 1002 2242 dederit.
1039 2212 1133 2248 Nam,

171 2251 309 2290 obsecro,
333 2263 396 2292 quo
418 2263 452 2283 se
475 2253 606 2293 flagitio,
631 2265 728 2294 quam
751 2255 958 2286 abominabili
978 2260 1011 2285 et
1033 2255 1135 2285 detes-

171 2294 269 2325 tando
298 2295 482 2335 polluisset,
511 2297 652 2328 aeternis
682 2298 794 2337 poenis
824 2297 930 2337 digno,
961 2297 1035 2328 lieet
1062 2298 1135 2328 reli-

172 2347 267 2376 quam
291 2339 390 2369 vitam
419 2338 451 2368 in
481 2349 608 2370 summa
635 2340 820 2371 innocentia
850 2340 1000 2380 deinceps
1030 2346 1135 2371 trans-

172 2379 307 2419 egisset:
330 2380 599 2421 quemadmodum
624 2388 655 2413 et
668 2393 758 2414 reum
779 2384 898 2415 factum
911 2383 1008 2413 fuisse
1027 2393 1135 2414 coram

172 2421 242 2453 Deo
266 2422 412 2455 videmus
442 2431 546 2455 morte
570 2424 676 2464 Uriae,
707 2436 802 2465 quam
833 2426 894 2466 ipsi
925 2425 1011 2456 fideli
1042 2436 1136 2456 servo

173 2466 359 2503 procuravit
392 2471 465 2506 post
498 2467 649 2499 violatam
684 2474 715 2500 et
752 2474 937 2508 corruptam
979 2468 1135 2499 adulterio

173 2516 305 2538 uxorem
335 2509 444 2548 ipsius,
479 2520 542 2549 quo
575 2510 697 2550 flagitio
731 2511 868 2543 dedecus
902 2516 1068 2542 aeternum
1103 2511 1135 2541 in

175 2557 269 2579 suum
299 2558 395 2590 caput
422 2552 600 2588 accersivit,
636 2554 698 2585 nisi
728 2554 816 2585 Deus
850 2555 1003 2584 misertus
1036 2554 1136 2593 ipsius

175 2591 281 2621 esset?
315 2592 411 2625 Hanc
443 2595 544 2634 igitur
578 2596 618 2626 ob
651 2606 780 2628 causam
810 2596 880 2627 Deo
910 2596 1029 2635 gratias
1059 2598 1135 2636 agit,

174 2633 258 2672 quod
281 2645 346 2665 non
368 2646 480 2675 passus
503 2638 545 2668 sit
567 2637 674 2677 ipsum
698 2650 733 2670 eo
763 2641 923 2670 amentiae
946 2639 1067 2675 venire,
1100 2644 1136 2669 ut

257 2683 365 2711 calvini
382 2693 474 2719 opera.
514 2688 570 2714 Vol.
585 2688 680 2714 XXX.

814 197 860 227 IN
886 197 911 227 .
937 197 1025 227 LIB.
1045 195 1244 227 SAMUEL.
1279 197 1376 228 OAP.
1400 196 1511 228 XXV.

2085 194 2148 227 562

1181 290 1338 327 sanguine
1364 290 1502 320 humano
1531 294 1561 321 et
1585 290 1717 320 innoxio
1741 289 1843 320 vitam
1868 299 1960 319 suam
1991 287 2147 326 foedaret,

1181 337 1212 361 et
1235 339 1388 372 perpetuo
1412 332 1565 363 dedecore
1588 334 1748 364 obrueret.
1779 332 1834 363 sed
1867 331 2035 362 mulierem
2061 331 2147 362 hanc

1181 374 1240 413 ipsi
1256 375 1393 405 volucrit
1414 375 1539 405 obviam
1565 376 1643 410 fieri,
1669 374 1708 405 ad
1733 375 1792 406 hoc
1812 374 2027 405 avertendum
2047 384 2066 404 a
2088 383 2147 404 suo

1180 417 1283 456 capite
1307 418 1437 454 malum,
1461 417 1541 456 quod
1567 418 1645 448 falso
1668 416 1870 448 ulciscendae
1891 417 2031 447 iniuriae
2054 425 2147 456 prae-

1181 462 1274 489 textu
1311 459 1511 490 moliebatur.
1569 460 1635 490 Nos
1675 461 1782 499 itaque
1816 459 1955 490 Davidis
1997 458 2147 498 exemplo

1181 500 1341 532 discamus
1374 503 1418 532 sic
1453 512 1625 542 agnoscere
1659 508 1804 542 peccata,
1840 508 1875 532 ut
1910 501 1972 532 Dei
2008 502 2146 541 gratiam

1181 544 1299 574 mentis
1325 544 1471 575 laudibus
1494 544 1674 579 efferamus,
1706 550 1739 575 et
1761 555 1801 575 ne
1825 544 1986 575 simulatis
2010 549 2043 574 et
2065 544 2147 574 ficti-

1182 586 1236 615 tiis
1261 586 1365 617 verbis
1399 597 1436 617 ea
1466 587 1630 622 fateamur,
1664 588 1718 618 sod
1751 587 1892 626 ingenue
1924 597 1982 617 nos
2013 587 2147 617 miseros

1181 632 1214 658 et
1255 628 1397 667 perditos
1439 630 1505 659 fore
1542 640 1769 669 agnoscamus,
1808 629 1877 660 sine
1912 629 1975 660 Dei
2020 628 2148 659 miscri-

1181 670 1297 709 cordia,
1328 671 1383 710 qui
1415 671 1506 702 nobis
1536 672 1681 709 occurrit,
1711 683 1749 702 ne
1780 673 1813 702 in
1845 671 1971 711 flagitia
2003 680 2148 709 ruamus,

1182 723 1377 753 manumque
1405 715 1538 754 porrigit
1568 719 1605 744 ut
1633 725 1671 745 ex
1703 714 1811 755 abyssi
1836 714 2019 754 gurgitibus
2043 723 2146 744 emer

1182 765 1307 795 gamus.

1266 798 1338 829 Iam
1362 808 1439 829 vero
1463 799 1558 839 agite,
1581 802 1631 831 etc.

1464 1070 1708 1109 HOMILIA
1740 1070 1866 1109 XCII

1268 1171 1318 1202 36.
1350 1171 1437 1202 Venit
1466 1182 1534 1211 erqo
1556 1171 1688 1211 Abiyail
1717 1171 1757 1202 ad
1781 1171 1902 1202 Nabal:
1934 1174 1961 1202 et
1990 1182 2052 1203 cece
2083 1174 2149 1203 erat

1184 1214 1212 1245 ei
1235 1214 1405 1245 convivium
1428 1214 1462 1244 in
1484 1214 1570 1245 domo
1593 1215 1667 1250 eins,
1691 1215 1782 1253 quasi
1805 1214 1979 1245 convivium
2002 1215 2097 1254 reyis,
2121 1216 2149 1246 et

1182 1266 1236 1288 cor
1260 1257 1364 1288 Nabal
1386 1257 1569 1288 iucundum:
1591 1259 1654 1288 erat
1677 1257 1758 1287 enim
1780 1256 1885 1287 ebrius
1904 1257 2017 1288 nimis:
2040 1260 2066 1288 et
2088 1266 2150 1288 uon

1184 1299 1332 1330 indicavit
1354 1300 1381 1330 ei
1404 1299 1527 1330 verbum
1545 1299 1698 1339 pusillum
1722 1301 1775 1330 aut
1784 1299 1904 1339 yrande
1926 1309 2024 1338 usque
2047 1309 2146 1330 mane.

1184 1342 1235 1373 37.
1266 1342 1412 1374 Diluculo
1442 1344 1542 1373 autem
1569 1352 1662 1381 quum
1691 1341 1865 1381 cliqessisset
1892 1342 2000 1372 vinum
2033 1342 2147 1378 Nabal,

1183 1385 1333 1416 indicavit
1361 1385 1389 1415 ei
1418 1394 1500 1415 uror
1528 1394 1586 1415 sua
1614 1383 1706 1414 verba
1734 1384 1814 1419 leaeo,
1846 1386 1872 1414 et
1902 1387 2075 1415 emortuum
2106 1387 2150 1416 est

1184 1437 1236 1458 cor
1279 1427 1346 1458 eius
1390 1428 1587 1466 intrinsecus,
1629 1430 1656 1458 et
1696 1427 1799 1466 factus
1837 1429 1880 1457 est
1920 1427 2013 1466 quasi
2055 1427 2148 1466 lapis.

1184 1469 1234 1502 38.
1274 1470 1432 1509 Quumque
1461 1469 1701 1509 pertransissent
1739 1469 1839 1500 decem
1879 1469 1962 1505 dies,
1992 1470 2150 1508 percussit

1184 1513 1340 1545 Dominus
1372 1512 1490 1549 Nabal,
1529 1515 1555 1543 et
1582 1515 1720 1543 mortuus
1748 1514 1801 1542 est.
1853 1511 1903 1542 39.
1938 1512 2026 1551 Quod
2054 1522 2150 1551 quum

1186 1556 1325 1587 audisset
1349 1555 1456 1586 David
1478 1557 1632 1586 mortuum
1656 1554 1768 1592 Nabal,
1792 1554 1854 1584 ait:
1877 1553 2067 1585 Benedictus
2085 1554 2149 1586 Do-

1185 1599 1290 1629 minus
1312 1599 1365 1638 qui
1387 1598 1536 1628 iudicavit
1558 1607 1684 1628 causam
1713 1596 1867 1636 opprobrii
1896 1597 1956 1627 mei
1987 1597 2023 1627 clo
2053 1607 2151 1628 manu

1189 1641 1301 1677 Nabal,
1325 1643 1351 1672 et
1372 1651 1491 1672 servum
1513 1650 1605 1671 suum
1616 1640 1776 1670 custodivit
1799 1650 1819 1670 a
1841 1639 1932 1677 malo,
1956 1641 1984 1670 et
1994 1639 2152 1670 malitiam

1187 1683 1293 1715 Nabal
1314 1683 1450 1715 reddidit
1472 1682 1627 1714 Dominus
1652 1683 1685 1713 in
1713 1683 1803 1721 caput
1832 1682 1911 1712 eius.
1957 1681 2052 1713 Misit
2082 1692 2152 1722 erqo

1184 1726 1301 1766 David,
1332 1729 1358 1757 et
1383 1726 1523 1765 loquutus
1552 1728 1595 1756 est
1623 1725 1665 1756 asl
1687 1724 1829 1764 Abisson,
1860 1726 1893 1754 ut
1922 1726 2054 1755 sumeret
2083 1734 2152 1755 eam

1184 1769 1245 1800 sibi
1275 1771 1308 1800 in
1344 1779 1479 1799 uxorem.
1525 1768 1576 1798 40.
1604 1767 1647 1798 Et
1675 1770 1819 1798 venerunt
1842 1767 1937 1805 pueri
1968 1766 2080 1798 David
2109 1767 2152 1798 ad

1186 1812 1315 1852 Abiyail
1337 1812 1371 1843 in
1391 1811 1575 1848 Carmelum,
1598 1813 1625 1841 et
1647 1810 1764 1849 loquuti
1785 1811 1857 1840 sunt
1879 1809 1921 1840 acl
1944 1819 2022 1848 eam,
2046 1810 2151 1841 dicen-

1184 1857 1244 1886 tes:
1272 1854 1380 1885 David
1409 1854 1495 1884 misit
1523 1863 1578 1884 nos
1606 1853 1648 1883 ad
1676 1856 1712 1892 te,
1743 1855 1775 1883 ut
1803 1851 1936 1891 accipiat
1967 1854 1994 1882 te
2023 1851 2085 1882 sibi
2117 1852 2151 1883 in

1185 1907 1321 1928 uxorem.
1363 1896 1413 1927 41.
1437 1896 1521 1935 Quae
1543 1905 1726 1935 oonsurqens
1744 1895 1888 1926 adoravit
1904 1904 2010 1933 prona
2035 1895 2067 1925 in
2089 1897 2150 1926 ter

1184 1950 1262 1977 ram,
1295 1942 1322 1971 et
1350 1940 1410 1971 ait:
1445 1938 1531 1977 Ecee,
1563 1938 1683 1977 famula
1711 1940 1764 1968 tua
1795 1937 1835 1967 sit
1866 1937 1898 1967 in
1921 1937 2081 1974 ancillam,
2118 1940 2152 1969 ut

1186 1983 1266 2014 lavet
1285 1983 1377 2022 pedes
1398 1991 1554 2012 servorum
1572 1981 1701 2012 Domini
1721 1980 1789 2010 mei.
1835 1979 1887 2009 42.
1913 1977 1956 2009 Et
1978 1980 2150 2019 festinavit,

1186 2028 1212 2056 et
1241 2025 1380 2056 surrexit
1408 2023 1550 2064 Abiyail,
1584 2026 1611 2053 ot
1638 2022 1794 2054 adscendit
1826 2032 1922 2060 super
1955 2022 2093 2060 asinum,
2127 2025 2154 2054 et

1185 2068 1319 2108 quinque
1335 2067 1457 2107 puellae
1479 2067 1581 2097 ierunt
1609 2076 1676 2096 cum
1706 2075 1750 2102 ea,
1777 2064 1981 2105 pedissaeque
2012 2065 2096 2104 eius,
2125 2068 2153 2097 et

1186 2113 1316 2150 sequuta
1344 2113 1387 2141 est
1416 2110 1543 2141 nuncios
1573 2108 1694 2139 David:
1733 2110 1760 2138 et
1788 2107 1873 2145 facta
1902 2109 1946 2137 est
1977 2107 2028 2138 illi
2061 2118 2151 2140 uxor.

1185 2153 1236 2184 43.
1270 2153 1350 2184 Saul
1378 2155 1479 2183 autem
1511 2151 1593 2182 (ledit
1621 2150 1736 2182 Micliol
1763 2149 1863 2188 filiam
1891 2159 1985 2181 suam
2022 2160 2152 2181 uxorem

1186 2196 1294 2227 David
1316 2195 1427 2226 Plcalti
1447 2195 1512 2233 filio
1535 2194 1623 2232 Lais,
1646 2193 1699 2233 qni
1722 2194 1788 2223 erat
1810 2192 1847 2223 de
1867 2191 1995 2223 Gallim.

1272 2297 1452 2328 Historiam
1471 2307 1566 2336 quam
1591 2295 1659 2326 heri
1684 2294 1895 2324 tractavimus
1918 2293 2151 2326 consideranti-

1187 2341 1247 2372 bus
1260 2340 1374 2370 Nabali
1387 2339 1476 2370 Deus
1495 2348 1626 2379 parcere
1646 2336 1785 2367 voluisse
1804 2336 1986 2367 videretur:
2007 2338 2152 2376 quando-

1187 2382 1317 2423 quidem
1348 2382 1444 2412 morti
1474 2383 1638 2421 proximus
1667 2383 1745 2415 erat,
1777 2378 1838 2409 nisi
1870 2377 2031 2410 Davidem
2063 2380 2152 2412 Deus

1187 2427 1226 2458 ab
1260 2426 1386 2463 incepto
1426 2425 1609 2455 dimovisset
1643 2421 1800 2460 Abigailis
1830 2421 1973 2452 consilio.
2027 2422 2152 2454 Verum

1187 2468 1294 2499 exitus
1327 2468 1468 2497 ostendit
1499 2467 1645 2498 dilatam.
1688 2475 1752 2494 non
1787 2464 1926 2494 ablatam
1963 2474 2097 2503 poenam
2134 2476 2153 2497 a

1187 2511 1328 2541 Domino
1351 2510 1462 2547 fuisse
1485 2507 1741 2548 quandoquidem
1765 2516 1865 2545 quum
1889 2506 2055 2537 videretur
2077 2518 2152 2539 eva-

1188 2554 1267 2583 sisse
1287 2552 1428 2583 divinam
1450 2551 1624 2582 vindictam
1648 2548 1900 2579 misericordiam
1924 2556 2151 2589 consequutus,

1162 2611 1163 2617 1
1188 2595 1324 2626 Davidis
1344 2594 1429 2625 enim
1452 2603 1585 2624 manum
1609 2592 1777 2632 effugerat,
1812 2591 1875 2621 alia
1896 2591 2004 2631 ipsum
2028 2593 2153 2625 ratione

1190 2639 1278 2669 Deus
1309 2637 1457 2669 coercuit.
1503 2637 1546 2667 Et
1577 2634 1664 2666 istud
1695 2634 1786 2665 nobis
1817 2644 1903 2665 nunc
1931 2634 2032 2665 instat
2054 2635 2156 2675 expli-

1960 2684 1995 2710 36
