2551 3044
208 178 268 210 201

855 177 902 209 IN
924 177 951 208 Ι.
975 177 1062 208 LIB.
1087 175 1283 207 SAMUEL.
1309 177 1404 210 CAP.
1430 178 1540 209 XVII.
2116 179 2178 208 202

210 273 368 313 gentium.
412 271 495 303 Nam
530 281 629 311 quum
653 271 744 302 Deus
774 280 830 310 pc:
857 269 1048 309 prophetam
1078 280 1169 309 prae·
1221 282 1301 308 core,
1323 272 1470 311 viamque
1482 284 1577 312 quam
1598 284 1654 304 nos
1673 274 1760 313 sequi
1780 273 1859 303 velit
1877 273 2011 312 aperire.
2035 271 2176 303 Verum-

211 314 302 352 dixit,
337 325 370 345 sc
399 314 568 355 designare
592 313 750 345 Davidem
780 322 904 352 regem:
938 316 1007 343 tum
1039 312 1168 343 videtur

210 359 313 388 factus
332 368 367 388 eo
390 358 541 388 remotior
563 362 595 387 ot
618 356 759 388 alienior.
795 354 903 394 Quare
926 354 979 385 hic
1001 354 1034 385 iu
1057 355 1170 394 primis

211 399 444 432 consideranda
474 400 534 430 Dei
566 398 768 439 providentia
798 402 925 438 praeter
948 396 1169 428 admirabilem

209 443 403 474 bonitatem:
426 447 503 473 sunt
522 442 606 472 enim
626 441 704 472 haec
722 442 829 471 omnia
850 445 977 480 praeter
1000 439 1168 470 hominum

210 485 394 524 opinionem
425 489 523 524 gesta.
548 490 577 515 et
603 484 744 514 humano
767 483 874 523 captui
897 482 1168 521 incomprehensi-

211 527 295 557 bilia.

209 654 292 685 citus
317 654 424 691 animi,
457 659 491 684 ut
521 654 652 684 omuino
675 654 882 691 conciderint,
905 658 936 684 et
958 653 1068 683 fractis
1092 652 1168 683 viri-

209 695 269 727 bus
300 696 363 727 iam
393 696 455 726 iam
490 697 559 727 sino
590 696 708 736 praelio
738 695 909 727 videantur
938 695 970 725 in
993 694 1166 726 Philistae-
1193 693 1195 746 ¹]

209 749 303 769 orum
326 744 516 778 potestatem
541 739 687 769 venturi:
712 743 804 769 tanta
827 738 888 769 fuit
910 738 1003 769 istius
1026 737 1167 777 gigantis

209 781 366 822 gloriatio,
397 792 494 821 quum
527 782 633 812 nullus
663 780 819 812 adversus
847 791 921 811 eum
945 780 1078 810 auderet
1099 790 1168 818 pro-

210 824 287 855 dire.
333 824 399 855 Res
427 824 536 863 itaque
567 824 751 863 deploratae
777 823 976 858 videbantur,
1000 827 1032 853 et
1055 822 1167 852 ultimo

209 876 280 898 esse
304 866 380 897 loco.
416 866 552 897 Interim
577 877 654 897 vero
679 866 732 897 ubi
756 871 824 897 erat
847 864 977 896 David?
1023 864 1111 896 Oves
1134 864 1169 894 in

208 909 337 949 pascuis
360 908 413 940 vel
436 909 468 939 in
493 909 627 939 stabulis
650 909 796 939 curabat:
822 918 918 948 quare
942 908 1036 947 longe
1060 918 1078 938 a
1102 906 1169 938 Go-

211 951 312 982 liatho
342 956 484 982 remotus
515 952 631 991 populo
662 952 743 982 ferre
767 951 924 981 auxilium
947 960 1010 981 nou
1034 954 1168 990 poterat.

210 993 275 1026 Sed
288 1005 360 1024 eum
380 998 480 1033 pater,
504 1004 610 1024 rernm
636 994 817 1024 futurarum
841 993 968 1030 inscius,
993 992 1032 1023 ad
1055 993 1170 1023 fratres

208 1036 389 1068 visitandos
407 1036 441 1066 in
460 1042 565 1067 castra
589 1036 702 1069 mittit:
728 1036 794 1067 sola
817 1036 907 1066 illum
931 1046 1007 1066 cura
1031 1035 1169 1066 filiorum

208 1083 346 1117 exercet,
380 1079 562 1115 valeantne‚
598 1085 629 1109 et
663 1078 737 1118 quid
772 1089 879 1110 rerum
913 1084 1025 1119 agant:
1060 1078 1170 1117 itaque

208 1122 331 1153 victum
361 1125 393 1152 et
422 1121 591 1161 opsonium
621 1121 659 1152 ad
684 1121 802 1160 aliquot
825 1120 893 1152 dies
914 1120 1048 1160 perferri
1070 1119 1170 1151 iubet.

209 1163 274 1196 Sed
298 1164 429 1195 interim
442 1163 550 1194 David
575 1165 665 1203 quasi
686 1163 748 1194 Dei
772 1174 869 1194 manu
892 1164 926 1194 in
949 1168 1051 1194 eastra
1074 1163 1170 1194 dedu-

208 1207 310 1238 citur:
345 1216 448 1246 neque
482 1207 567 1236 enim
603 1207 664 1237 ista
694 1206 827 1237 fortuito
858 1206 1077 1246 contigerunt:
1113 1205 1168 1237 sed

207 1248 398 1280 admiranda
420 1254 452 1279 et
474 1249 790 1289 incomprehensibili
815 1249 875 1280 Dei
899 1249 1055 1288 sapientia
1078 1252 1169 1288 gesta

206 1298 298 1323 sunt:
323 1291 574 1322 caecutientibus
597 1292 727 1322 interim
753 1291 946 1329 hominibus,
970 1290 1169 1322 divinorum-

207 1344 270 1374 que
300 1333 506 1365 consiliorum
537 1344 670 1374 prorsus
699 1334 830 1374 ignaris.
883 1334 972 1365 Deus
1002 1344 1077 1374 ergo
1100 1333 1168 1364 Da-

205 1376 315 1409 videm
347 1387 464 1408 arcano
495 1388 551 1408 suo
582 1377 714 1408 consilio
739 1376 827 1408 ducit
850 1377 883 1407 in
906 1381 1021 1413 castra,
1043 1376 1168 1407 exitum

206 1429 304 1460 quem
341 1418 491 1460 deinceps
527 1419 668 1450 audituri
705 1430 815 1450 sumus
845 1418 1040 1451 habiturum.
1092 1419 1167 1450 Non

206 1472 284 1503 ergo
314 1462 370 1493 abs
401 1473 435 1493 re
465 1462 516 1493 hic
540 1463 697 1502 repetitur
720 1462 785 1493 Isai
809 1462 959 1493 habuisse
981 1468 1051 1493 octo
1074 1461 1166 1499 filios,

205 1515 342 1545 quorum
371 1505 523 1536 minimus
553 1510 622 1536 erat
652 1504 768 1542 David,
799 1510 830 1536 et
859 1505 988 1544 quidem
1018 1505 1052 1535 in
1081 1505 1167 1545 agris

206 1557 341 1587 pascens
374 1558 466 1586 oves,
502 1552 533 1579 et
565 1548 797 1579 abiectissimus
831 1548 864 1578 in
899 1547 991 1578 domo
1023 1552 1166 1587 paterna.

207 1589 272 1622 Sed
295 1589 386 1621 Deus
415 1591 507 1621 illum
535 1591 567 1621 in
597 1596 702 1621 castra
734 1590 846 1621 venire
869 1590 948 1622 vult.
994 1589 1068 1628 Qua
1091 1600 1166 1622 vero

204 1632 395 1664 occasione?
451 1633 521 1664 Nae
555 1633 594 1664 ad
629 1633 746 1664 fratres
780 1633 900 1664 missus
933 1643 952 1664 a
985 1636 1093 1672 patre,
1128 1632 1166 1664 de

204 1685 300 1715 opere
319 1674 429 1707 divino
449 1675 532 1716 quod
552 1680 727 1716 sequutum
747 1681 795 1707 est
818 1686 881 1706 non
905 1675 1076 1716 cogitabat.
1100 1675 1166 1706 Sed

206 1718 296 1749 Deus
326 1718 372 1748 ita
401 1718 481 1749 solet
504 1729 583 1758 opus
605 1729 701 1749 suum
725 1729 923 1758 promovere,
947 1723 983 1749 ut
1005 1717 1096 1749 nobis
1118 1718 1166 1749 in-

205 1761 396 1792 strumentis
414 1766 524 1792 utatur
543 1761 582 1792 ad
606 1761 731 1792 consilii
755 1762 803 1792 sui
827 1761 1055 1801 impletionem,
1078 1761 1166 1792 illius

205 1807 316 1835 tamen
344 1803 478 1844 ignaris.
524 1806 571 1835 Ac
601 1804 733 1844 proinde
762 1803 848 1834 laudi
879 1804 952 1836 duci
981 1803 1071 1835 nobis
1099 1815 1165 1835 non

202 1845 296 1877 debet
315 1846 472 1886 quidquid
491 1857 508 1877 a
532 1847 622 1878 nobis
643 1847 814 1887 perficitur.
850 1846 916 1878 Sed
939 1856 1029 1878 suam
1052 1850 1164 1886 poten-

199 1889 280 1920 tiam
306 1888 397 1920 Deus
420 1890 465 1920 ita
489 1890 651 1930 patefacit,
681 1900 781 1929 quum
805 1895 915 1920 nostra
935 1899 1032 1929 opera
1055 1890 1164 1929 utitur,

202 1935 241 1963 ut
268 1931 342 1963 licet
369 1942 501 1972 prorsus
525 1932 626 1964 divini
652 1933 772 1963 musilii
797 1932 913 1972 ignari,
936 1936 1046 1963 tamen
1068 1932 1164 1963 facia-

201 1984 276 2006 mus
306 1985 386 2014 quae
416 1985 456 2006 ne
485 1975 680 2016 cogitatione
703 1974 832 2014 quidem
856 1974 1165 2007 existimavissemus

204 2027 298 2057 posse
333 2018 532 2058 contingere.
585 2018 673 2050 Sane
706 2017 816 2048 David
850 2028 915 2049 non
949 2018 1099 2049 veniebat
1131 2019 1163 2049 in

204 2064 313 2092 castra
346 2070 383 2091 ea
416 2066 541 2099 mente,
575 2065 612 2092 ut
646 2065 711 2091 tam
746 2060 874 2100 insigne
907 2060 1046 2098 facinus,
1080 2062 1165 2101 apud

204 2113 318 2134 omnes
341 2107 463 2134 aetates
486 2103 622 2134 summis
644 2103 793 2134 laudibus
816 2103 1013 2134 efferendum
1037 2103 1165 2145 faceret,

204 2145 360 2186 populum
379 2156 494 2185 nempe
508 2145 571 2176 Dei
589 2146 742 2177 liberaret
764 2150 795 2176 et
818 2146 852 2176 in
875 2145 1056 2177 libertatem
1079 2157 1165 2178 asse-

205 2192 302 2219 reret.
354 2188 467 2228 Longe
497 2189 608 2220 aberat
630 2188 732 2228 ipsius
755 2188 905 2229 cogitatio
928 2188 967 2220 ab
990 2188 1050 2220 hoc
1072 2189 1166 2221 facto.

206 2229 402 2270 Quanquam
437 2241 535 2270 quum
571 2241 651 2271 opus
674 2231 779 2271 ipsum
803 2230 1006 2271 aggreditur,
1039 2242 1073 2263 re
1096 2233 1166 2273 ipsa

205 2276 358 2304 testatum
390 2273 475 2311 facit,
517 2285 551 2305 se
581 2284 600 2304 a
631 2273 700 2304 Deo
732 2273 889 2314 singulari
919 2274 1098 2306 constantia
1134 2280 1166 2307 et

205 2315 328 2347 invicta
356 2315 545 2347 fortitudine
573 2316 635 2347 iam
667 2320 742 2347 ante
770 2315 940 2347 donatum:
971 2316 1025 2347 sed
1056 2322 1165 2349 tamen

205 2358 375 2390 eonsilium
405 2358 505 2398 ipsius
536 2369 600 2389 non
630 2358 691 2389 fuit
720 2358 810 2390 initio
840 2359 901 2391 nisi
931 2359 1066 2391 fratrum
1090 2361 1165 2392 visi-

205 2401 294 2432 tatio.
340 2401 426 2432 Hinc
457 2400 617 2432 discamus
638 2401 753 2439 Deum,
781 2401 857 2433 licet
886 2412 943 2433 nos
973 2402 1012 2433 ad
1036 2403 1165 2443 aliquod

206 2444 424 2474 ministerium
452 2450 551 2480 vocet,
583 2448 614 2474 et
639 2444 774 2484 spiritus
797 2444 899 2476 sancti
922 2445 971 2475 sui
994 2445 1085 2476 donis
1109 2457 1165 2477 ex-

205 2486 398 2518 cellentibus
438 2490 589 2524 exornet,
630 2496 864 2526 nonnunquam
896 2491 1003 2518 tamen
1037 2487 1165 2529 insigne

207 2528 336 2569 aliquod
367 2539 446 2568 opus
476 2529 615 2560 facturos
645 2532 799 2569 tanquam
828 2539 938 2562 caecos
966 2530 1097 2570 ducere,
1134 2536 1166 2563 et

206 2572 252 2603 ita
285 2577 486 2603 transversos
520 2581 623 2610 agere.
656 2576 690 2602 ut
724 2572 795 2611 quis
828 2572 956 2604 futurus
986 2573 1027 2604 sit
1058 2574 1165 2606 exitus

203 2614 409 2656 ignoremus:
433 2614 626 2654 tandemque
645 2614 754 2646 oculos
772 2615 906 2656 aperire,
930 2619 961 2647 et
978 2616 1103 2648 animos
1118 2617 1164 2648 fa-

1194 461 1196 470 s
1221 441 1365 478 (leducat,
1394 452 1536 482 opusque
1567 454 1660 474 suuni
1686 444 1840 483 perficiat.

338 527 420 558 Ecce
444 527 529 557 euim
554 526 726 558 Goliathus
749 526 926 557 exercitum
949 524 1169 556 Israelitarum
1194 521 1196 556 Ῐ

210 568 388 601 lacessebat
429 574 459 599 et
493 569 532 599 ad
567 569 729 609 singulare
763 573 925 599 certamen
958 566 1196 607 provocabat2'

210 612 300 643 cuius
320 611 512 642 clamoribus
532 612 609 642 adeo
628 616 703 642 sunt
725 610 935 650 obstupefacti
959 609 1058 641 totius
1077 620 1168 640 exer·
1194 642 1195 648 χ

1222 318 1326 345 tumen
1341 321 1374 344 ut
1387 314 1572 346 deiiciamur
1584 322 1614 346 et
1629 317 1841 353 humiliemur,
1855 319 1887 346 et
1899 316 1943 346 illi
1957 315 2059 356 gloria
2071 315 2177 345 omnis

1222 356 1389 394 tribuatur,
1414 368 1472 388 nos
1492 358 1529 388 ad
1550 358 1678 398 aliquod
1699 364 1824 398 tempus
1846 359 1975 398 ignaros
2000 357 2176 388 voluntatis

1220 399 1320 438 ipsius
1339 399 1434 436 ducit,
1457 406 1489 431 ct
1510 405 1618 432 tamen
1638 402 1682 431 ita
1701 402 1783 441 regit
1801 407 1835 432 ut
1855 400 1892 431 ad
1912 405 2057 440 optatum
2078 401 2175 430 finem

1887 445 1992 482 Atque
2016 443 2076 473 ista
2099 443 2176 473 satis·

1222 484 1338 514 usitata
1350 490 1433 521 sunt,
1457 485 1549 515 niodo
1570 486 1704 517 volimus
1723 486 1904 517 observare.
1934 486 2039 524 Quam
2059 485 2177 516 multos

1221 526 1305 556 enim
1327 526 1435 557 videas
1448 527 1508 557 Dei
1528 538 1636 559 servos
1656 530 1687 559 in
1712 529 1852 568 qualibet
1877 529 1959 558 vitae
1984 528 2177 565 conditione,

1221 572 1253 599 et
1283 569 1378 599 variis
1408 569 1627 601 functionibus
1657 581 1795 610 quorum
1827 582 1922 610 opera
1946 571 2036 601 Deus
2067 571 2176 608 utitur,

1221 616 1252 641 et
1271 612 1394 641 ratione
1410 611 1598 643 admiranda
1617 618 1648 643 et
1671 624 1735 644 non
1759 614 1878 644 usitata,
1901 623 1994 644 suum
2018 623 2097 652 opus
2121 623 2177 652 per

1221 654 1304 693 ipsos
1329 654 1460 693 perficit.
1492 665 1570 693 quos
1594 656 1619 685 si
1645 661 1751 686 tamen
1776 656 1941 693 intuearis,
1964 660 1995 686 et
2018 655 2176 694 quomodo

1220 697 1487 736 praeparaverint
1499 709 1532 728 se
1551 698 1643 736 ipsos,
1664 704 1695 728 et
1714 709 1794 738 quae
1813 699 1907 728 initia
1926 698 2047 728 fuerint
2065 708 2173 728 eorum

1222 749 1303 778 quae
1334 738 1425 769 Deus
1455 750 1513 778 per
1541 740 1625 780 ipsos
1656 741 1768 779 effecit,
1802 741 1871 771 illos
1903 750 2066 780 nunquam
2090 740 2176 780 eogi-

1221 786 1306 811 tasse
1340 781 1378 811 de
1412 781 1493 817 istis,
1527 783 1581 813 sed
1615 783 1653 813 ab
1687 783 1725 813 iis
1759 794 1884 823 semper
1918 784 2024 822 potius
2055 782 2177 813 alienos

1220 823 1329 860 fuisse,
1353 828 1385 854 et
1404 824 1435 854 in
1455 825 1652 855 contrarium
1673 830 1842 865 spectasse,
1866 832 1897 856 et
1920 836 1937 855 a
1952 826 2019 856 Deo
2043 831 2176 864 repente

1220 866 1345 897 afflatos
1364 870 1395 897 et
1415 867 1569 906 impulsos
1588 869 1771 907 comperies.
1805 869 1866 899 Hic
1886 868 1984 908 igitur
2007 867 2178 907 diligenter

1222 908 1538 946 animadvertamus,
1580 909 1650 940 Deo
1697 911 1825 941 volente
1863 911 1982 941 nostris
2015 910 2177 941 laboribus

1222 951 1419 989 benedicere,
1450 957 1481 982 et
1512 953 1557 982 uti
1586 958 1695 983 nostra
1723 963 1819 992 opera
1849 952 1888 983 ad
1918 952 2070 984 ecelesiae
2101 963 2177 983 suae

1222 994 1433 1031 commodum,
1458 999 1489 1025 et
1513 995 1551 1025 ad
1575 996 1622 1026 sui
1647 996 1787 1026 nominis
1811 995 1957 1035 gloriam,
1981 1006 2043 1025 non
2069 995 2178 1026 offerri

1222 1036 1311 1067 nobis
1335 1037 1433 1067 ullam
1457 1038 1654 1068 occasionem
1679 1038 1846 1077 gloriandi,
1877 1044 1908 1068 et
1932 1048 1988 1068 nos
2011 1038 2177 1075 efferendi,

1222 1079 1379 1119 siquidem
1412 1080 1517 1119 operis
1546 1080 1721 1120 primordia
1751 1086 1781 1111 et
1811 1080 1905 1120 primi
1936 1087 2041 1111 motus
2073 1091 2135 1110 non
2159 1091 2178 1111 a

1222 1123 1314 1153 nobis
1344 1122 1605 1162 proficiscuntur:
1635 1122 1690 1153 sed
1722 1124 1827 1162 potius
1857 1122 2095 1163 agnoscendum
2120 1132 2178 1154 nos

1222 1165 1330 1195 omnia
1352 1164 1422 1195 Deo
1453 1170 1583 1205 accepta
1605 1165 1725 1196 referre
1748 1165 1871 1203 debere,
1894 1176 1911 1196 a
1935 1175 1997 1204 quo
2022 1171 2177 1205 tanquam

1222 1208 1306 1238 caeci
1338 1207 1465 1237 deducti
1495 1219 1624 1239 sumus:
1656 1218 1691 1239 ac
1716 1208 1850 1247 proinde
1872 1218 1935 1238 non
1959 1208 2078 1238 nostris
2102 1208 2176 1238 viri-

1221 1249 1290 1288 bus,
1314 1260 1378 1280 non
1397 1250 1575 1281 industriae
1596 1256 1732 1287 nostrae,
1756 1250 1911 1290 quidquid
1930 1249 2023 1281 laude
2043 1250 2178 1291 dignum

1221 1303 1239 1323 a
1269 1293 1360 1323 nobis
1390 1298 1516 1333 gestum
1547 1298 1612 1329 est,
1644 1293 1903 1330 attribuendum,
1934 1293 1989 1323 sed
2021 1294 2078 1323 uni
2108 1293 2178 1324 Deo

1221 1335 1355 1374 gloriam
1393 1345 1520 1366 omnem
1551 1335 1763 1367 tribuendam.
1817 1336 1907 1366 Haec
1938 1335 2046 1374 itaque
2075 1335 2176 1366 medi-

1221 1382 1327 1408 temur
1357 1378 1390 1408 in
1423 1378 1552 1409 illorum
1582 1378 1750 1409 verborum
1775 1378 1983 1417 expositione,
2016 1378 2176 1408 Davidem

1220 1420 1349 1452 venisse
1382 1421 1414 1451 in
1447 1427 1561 1458 eastra,
1596 1421 1719 1451 nullum
1753 1421 1852 1451 alium
1886 1421 1920 1450 in
1951 1422 2048 1451 finem
2079 1430 2176 1460 quam

1221 1468 1257 1494 ut
1287 1463 1404 1494 fratres
1438 1464 1592 1500 visitaret,
1624 1465 1831 1504 ipsorumque
1861 1468 1981 1494 statum
2012 1464 2096 1502 patri
2127 1473 2176 1493 re-

1219 1506 1335 1536 ferret:
1367 1515 1404 1537 ac
1427 1506 1560 1546 proinde
1583 1507 1679 1537 fuisse
1702 1507 1886 1537 futurorum
1909 1506 2071 1545 ignarum,
2096 1516 2177 1545 quae

1220 1554 1327 1580 tamen
1351 1548 1443 1580 Deus
1472 1555 1605 1580 noverat
1635 1554 1667 1580 et
1696 1550 1799 1588 ipsum
1830 1548 1869 1579 ad
1899 1548 1954 1578 illa
1983 1548 2178 1587 perficienda

1220 1591 1405 1629 deducebat,
1428 1592 1521 1622 cuius
1544 1593 1588 1622 rei
1612 1591 1724 1622 deinde
1747 1591 1843 1621 fidem
1867 1591 1941 1622 fecit
1964 1591 2079 1621 exitus.

1303 1634 1406 1666 Porro
1451 1635 1594 1674 sequitur
1626 1639 1751 1674 patrem
1784 1633 1909 1664 misisse
1940 1633 2017 1663 filiis
2051 1632 2106 1672 qui
2144 1633 2177 1663 in

1218 1677 1333 1708 castris
1353 1682 1454 1714 erant,
1489 1677 1561 1717 ephi
1584 1678 1740 1716 polentae,
1771 1681 1848 1716 puta
1870 1676 1909 1706 ad
1933 1675 2053 1715 pultem
2077 1675 2178 1707 confi-

1217 1719 1374 1757 ciendam,
1409 1719 1491 1759 quod
1526 1730 1623 1759 quum
1657 1719 1690 1750 in
1725 1718 1938 1749 tabernaculis
1971 1722 2078 1749 essent
2111 1728 2177 1748 non

1217 1762 1309 1794 facile
1333 1772 1454 1799 earnes,
1487 1769 1543 1793 aut
1572 1763 1683 1802 pisces,
1714 1766 1769 1792 aut
1798 1761 1885 1791 aliud
1915 1760 1980 1791 tale
2009 1761 2178 1800 opsonium

1217 1805 1359 1836 nancisci
1382 1810 1540 1844 poterant.
1574 1806 1618 1836 Et
1641 1809 1804 1845 praeterea
1826 1803 1909 1842 quod
1934 1803 1965 1833 in
1989 1803 2053 1833 illis
2077 1803 2179 1834 orien—

1217 1848 1335 1879 talibus
1358 1848 1542 1888 regionibus
1571 1848 1667 1887 longe
1690 1847 1791 1877 maior
1814 1851 1999 1877 servaretur
2022 1845 2180 1876 sobrietas

1217 1901 1315 1930 quam
1338 1891 1371 1921 in
1394 1890 1508 1930 quibus
1532 1890 1678 1921 vivimus.
1719 1890 1762 1920 Et
1785 1888 1870 1920 istud
1893 1888 1989 1919 etiam
2014 1888 2107 1919 hodie
2130 1888 2178 1919 vi—

1217 1935 1293 1965 dere
1326 1934 1401 1964 licet
1433 1934 1467 1964 in
1501 1933 1623 1971 Turcis,
1657 1932 1710 1972 qui
1743 1942 1841 1972 parvo
1875 1931 2017 1962 contenti
2050 1931 2177 1967 vivunt,

1217 1986 1318 2016 quum
1342 1976 1412 2007 aliis
1435 1976 1489 2015 qui
1512 1976 1605 2006 aliter
1634 1978 1843 2006 assueverunt
1865 1973 2002 2004 multum
2032 1973 2178 2004 obsonio-

1217 2030 1290 2050 rum
1321 2019 1377 2049 vix
1408 2019 1556 2050 sufficiat.
1607 2018 1695 2058 Ergo
1723 2028 1762 2048 ex
1797 2016 1936 2056 regionis
1970 2015 2056 2046 illius
2090 2026 2178 2046 more

1217 2062 1284 2093 Isai‘
1306 2062 1380 2092 filiis
1403 2062 1504 2092 mittit
1526 2060 1763 2101 aliquantulum
1788 2059 1943 2099 polentae,
1972 2069 2045 2089 cum
2070 2058 2180 2090 decem

1218 2104 1371 2144 panibus:
1396 2104 1511 2144 quibus
1535 2103 1761 2134 adiicitdecem
1775 2101 1928 2132 formulas
1951 2101 2034 2132 casei
2058 2100 2097 2131 ad
2121 2101 2178 2131 tri-

1218 2147 1340 2178 bunum
1369 2146 1572 2183 deferendas,
1606 2145 1659 2176 vel
1689 2145 1796 2176 decem
1826 2148 1968 2175 recentes
1998 2153 2034 2174 ac
2067 2143 2179 2174 molles

1218 2200 1338 2230 caseos,
1361 2200 1425 2220 vox
1449 2190 1534 2220 enim
1559 2189 1707 2219 Hebraea
1729 2186 1878 2227 ambigua
1900 2192 1956 2223 est,
1981 2192 2012 2216 et
2036 2196 2094 2225 pro
2117 2186 2180 2216 for-

1218 2233 1322 2271 mulis,
1348 2232 1397 2263 vel
1421 2242 1478 2272 pro
1502 2232 1651 2262 mollibus
1674 2230 1774 2262 caseis
1797 2229 1894 2268 accipi
1917 2233 2035 2268 potest:
2060 2233 2090 2258 et
2114 2239 2179 2259 ma-

1218 2276 1274 2306 lim
1305 2275 1343 2306 de
1373 2275 1523 2306 mollibus
1553 2275 1652 2305 caseis
1680 2272 1869 2311 intelligere,
1903 2270 1959 2302 sed
1981 2270 2125 2311 parvulis
2148 2276 2180 2302 et

1218 2328 1283 2349 non
1316 2318 1425 2358 magni
1460 2317 1563 2357 pretii.
1609 2315 1734 2347 Deinde
1767 2315 1805 2345 fit
1838 2314 1957 2344 mentio
1991 2314 2178 2353 pignorum:

1218 2371 1317 2400 quum
1350 2361 1394 2391 ait
1423 2360 1496 2397 Isa1'‚
1530 2360 1665 2399 pignora
1695 2368 1804 2389 eorum
1836 2356 1942 2387 tolles:
1976 2355 2059 2395 quod
2089 2356 2179 2386 varie

1217 2403 1299 2435 solet
1323 2403 1460 2442 exponi:
1486 2402 1551 2433 Alii
1574 2402 1659 2432 enim
1684 2400 1722 2431 de
1744 2398 1890 2440 symbolo
1903 2399 2072 2438 accipiunt,
2095 2398 2179 2438 quod

1218 2445 1362 2477 solebant
1378 2447 1520 2484 accipere
1543 2455 1583 2475 ne
1607 2443 1794 2474 viderentur
1817 2441 2036 2481 exploratores
2059 2441 2092 2471 in
2112 2451 2180 2472 cas-

1217 2488 1284 2520 tris.
1330 2488 1396 2519 Alii
1425 2490 1560 2527 pignora
1587 2485 1791 2525 intelligunt,
1827 2494 1908 2523 quae
1938 2483 2093 2514 dederant
2115 2483 2180 2514 fra-

1218 2538 1292 2568 tres,
1321 2536 1357 2561 ut
1387 2530 1495 2561 iubeat
1518 2527 1677 2560 Davidem
1708 2527 1831 2558 solvere
1854 2525 1938 2566 quod
1962 2532 2072 2557 mutuo
2095 2536 2181 2557 acce-

1218 2577 1342 2614 perant,
1366 2577 1398 2603 et
1420 2574 1556 2613 pignora
1579 2570 1618 2601 ad
1642 2581 1675 2601 se
1697 2570 1825 2600 referre.
1851 2568 1914 2600 Sed
1938 2579 2000 2599 non
2024 2574 2099 2600 sunt
2119 2569 2181 2599 ista

1219 2617 1300 2647 tanti
1324 2615 1479 2647 momenti
1510 2618 1546 2645 ut
1569 2614 1610 2645 sit
1639 2614 1673 2643 in
1695 2613 1760 2644 illis
1785 2612 1904 2643 diutius
1926 2611 2180 2643 immorandum:
