2551 3044
224 163 263 194 13
869 161 915 192 IN
938 161 963 192 I.
988 161 1075 193 LIB.
1101 160 1297 192 SAMUEL.
1321 160 1417 191 CAP.
1443 159 1538 190 XIII.

224 257 364 288 Domino
394 264 505 287 nostro
538 256 610 287 Iesu
642 255 782 295 Christo,
816 257 870 295 qui
903 256 961 286 hoc
992 256 1094 295 ipsum
1128 266 1182 285 ore

225 310 283 330 suo
306 309 396 330 sacro
419 299 651 339 pronunciavit.
688 298 776 329 Deus
800 298 909 338 itaquo
933 310 965 329 se
989 298 1052 329 illis
1076 298 1182 328 verbis

226 341 366 373 ostendit
405 342 471 372 fore
504 340 710 372 favorabilem
753 346 785 371 et
819 341 994 380 propitium
1033 336 1208 379 omnibuss

226 385 291 415 suis
315 384 477 415 fidelibus:
508 394 609 423 neque
632 389 894 422 exspectaturum
921 383 1021 414 donec
1045 384 1181 423 gemitus
1206 393 1208 403 Α

227 428 369 468 ipsorum
401 426 439 456 ad
471 436 504 457 se
535 426 732 465 perveniant,
769 432 799 456 et
830 427 861 456 in
894 427 978 456 vitae
1009 426 1180 456 discrimen

227 470 441 500 adducantur:
479 468 533 499 sed
567 479 601 498 se
634 474 885 507 praeventurum
921 479 974 499 eos
1009 475 1180 499 asseverat.

227 512 314 543 Alibi
344 522 416 541 vero
447 510 522 541 dicit
550 521 585 541 se
612 512 720 541 statim
752 511 805 540 ubi
834 511 871 541 ad
897 512 998 551 ipsum
1023 511 1182 541 clamave-

226 554 292 584 rint
317 563 447 584 manum
473 553 658 583 habiturum
680 553 719 583 ad
743 554 968 584 auxiliandum
993 554 1068 593 ipsis
1093 563 1182 592 para-

227 596 394 627 tissimam.
440 596 483 626 Et
514 596 575 626 alio
608 596 675 626 loco
706 596 800 626 etiam
825 597 992 636 profitetur
1015 607 1048 627 se
1072 605 1181 626 aurem

227 638 474 670 attentissimam
503 638 543 669 ad
575 638 716 668 fidelium
742 649 850 677 preces
874 639 1067 669 habiturum.
1113 638 1182 668 Has

226 691 337 712 omnes
364 681 591 720 promissiones
615 691 696 720 quae
726 682 844 721 passim
870 682 901 711 in
926 682 1023 712 sacris
1046 681 1181 720 scriptu·

227 723 270 754 ris
300 729 473 754 occurrunt
495 724 519 754 si
544 724 575 753 in
600 734 699 754 unum
723 724 957 763 collegerimus,
988 724 1078 754 facile
1101 722 1181 753 iudi-

226 765 369 797 cabimus
392 765 499 796 Deum
529 776 590 796 non
622 772 881 806 exspectaturum
911 777 1008 806 quum
1038 767 1072 796 in
1096 776 1182 796 sum-

227 819 295 839 mas
326 808 532 839 difficultates
562 815 593 838 et
612 809 776 847 angustias
807 809 1024 848 inciderimus,
1055 816 1088 839 ut
1111 819 1183 847 pre-

226 851 315 882 cibus
338 852 442 890 ipsum
466 851 715 890 interpellemus,
738 857 770 882 et
788 852 943 882 auxilium
967 851 1182 891 imploremus.

226 893 349 924 Verum
375 895 573 933 experientia
597 904 731 933 prorsus
755 895 950 925 contrarium
976 895 1104 924 evenire
1128 893 1181 924 do-

226 946 350 968 cemur:
375 935 634 976 quandoquidem
655 937 687 966 in
708 944 887 967 extremum
909 937 992 967 vitae
1011 936 1181 967 discrimen

227 978 357 1010 adducti
381 990 399 1009 a
422 989 516 1009 mane
539 979 577 1009 ad
602 989 784 1018 vesperam,
816 985 847 1009 et
870 979 908 1009 de
932 979 982 1010 die
1005 979 1120 1009 millies
1142 978 1180 1009 ad

227 1022 332 1052 Deum
357 1021 585 1056 exclamamus,
617 1021 774 1052 auxilium
806 1023 873 1053 eius
903 1022 1119 1061 implorantes,
1150 1028 1183 1052 et

227 1064 416 1103 languentes
450 1074 486 1094 ac
524 1074 624 1103 paene
664 1063 847 1095 deficientes
890 1065 1109 1102 vociferamur,
1151 1071 1182 1095 et

227 1113 334 1137 tamen
360 1107 425 1137 dies
448 1106 514 1137 abit
542 1107 610 1136 sine
634 1107 762 1143 auxilio,
793 1113 825 1136 et
848 1107 976 1137 videtur
1002 1108 1087 1138 Deus
1110 1118 1181 1147 pre-

226 1159 278 1180 ces
302 1154 425 1180 nostras
449 1160 511 1179 non
534 1149 704 1180 audivisse.
750 1149 819 1179 Imo
842 1150 1056 1181 crescent-ibus
1080 1150 1181 1187 malis,

226 1192 356 1223 videtur
379 1191 483 1231 potius
507 1202 525 1222 a
548 1192 638 1222 nobis
662 1192 838 1227 recessisse.
869 1198 900 1222 et
924 1203 981 1232 pro
1005 1193 1125 1223 auxilio
1147 1193 1180 1223 in

226 1235 337 1265 mortis
367 1234 539 1265 discrimen
569 1234 751 1265 coniecisse.
798 1234 920 1265 Verum
952 1235 1020 1265 istis
1050 1236 1180 1266 rationi-

227 1279 285 1308 bus
315 1277 383 1307 fieri
415 1278 673 1317 experimentum
703 1277 875 1317 patient-iae
905 1278 1047 1309 fidelium
1079 1278 1179 1309 scien—

227 1320 303 1350 dum
323 1326 380 1350 est.
427 1319 537 1359 Neque
569 1325 675 1350 tamen
702 1326 871 1360 propterea
893 1320 953 1351 sibi
978 1321 1081 1351 Deum
1105 1331 1181 1352 con-

227 1363 370 1393 trarium.
423 1361 517 1400 Quod.
549 1363 574 1392 si
607 1362 702 1401 probe
735 1363 898 1402 cognitum
934 1363 995 1394 erit
1028 1374 1046 1394 a
1080 1364 1180 1399 nobis,

224 1405 358 1436 minime
380 1405 497 1435 mirum
523 1404 684 1436 videbitur
707 1405 790 1445 quod
808 1405 859 1436 hie
879 1407 1040 1442 recitatur,
1066 1417 1180 1446 nempe

226 1447 409 1480 Samuelem
433 1447 563 1479 iussisse
587 1447 719 1479 Saulem
743 1459 777 1478 se
800 1456 1000 1487 exspectare3
1025 1454 1056 1479 et
1072 1455 1180 1479 tamen

225 1501 290 1521 non
322 1497 385 1521 tam
417 1491 479 1521 cito
504 1490 637 1525 venisse,
667 1501 762 1530 quam
785 1490 863 1521 Saul
888 1491 946 1521 sibi
970 1498 1180 1531 persuaserat.

224 1533 347 1564 Verum
384 1539 491 1563 tamen
527 1544 588 1563 non
623 1533 762 1564 defuisse
797 1534 961 1572 promissis
995 1533 1179 1565 Samuelem

224 1582 348 1608 eertum
371 1582 428 1613 est,
456 1576 510 1615 qui
534 1576 668 1615 septimo
692 1575 751 1611 die,
785 1582 817 1606 ut
839 1576 1050 1615 praedixerat,
1080 1577 1178 1614 venit,

223 1620 298 1651 lieet
326 1629 390 1649 non
421 1629 458 1649 ea
486 1617 564 1648 hora
593 1629 654 1658 qua
684 1618 938 1658 exspectabatur.
983 1621 1088 1659 Atque
1120 1620 1179 1651 hoc

224 1662 396 1702 diligenter
418 1660 654 1692 observandum
684 1667 741 1691 est.
787 1661 934 1701 Namque
963 1662 1178 1693 certissimum

224 1711 272 1736 est
306 1704 412 1735 Deum
453 1714 617 1742 nunquam
659 1703 795 1741 tardare,
837 1714 940 1743 neque
981 1706 1177 1736 occasionem

225 1748 412 1788 permittere
436 1753 470 1777 ut
492 1746 617 1777 effluat:
642 1746 696 1776 sed
727 1757 853 1785 semper
882 1753 1098 1786 opportunum
1122 1758 1178 1778 au-

225 1790 339 1821 xilium
372 1789 472 1823 nobis.
508 1795 603 1829 prout
636 1789 703 1828 ipse
737 1790 950 1819 necessarium
986 1800 1054 1821 esse
1087 1791 1178 1821 novit

224 1833 358 1864 adferre.
405 1832 527 1863 Idcirco
557 1831 681 1862 dicebat
715 1831 789 1862 olim
819 1831 973 1863 Habacuc
1007 1833 1177 1872 propheta:

231 1876 361 1907 Veniens
392 1875 496 1913 veniet,
529 1877 555 1905 et
588 1884 646 1905 non
680 1874 830 1905 tardabit:
866 1875 1017 1905 nimirum
1047 1876 1073 1906 si
1103 1876 1178 1915 quid

224 1918 263 1949 ad
297 1918 434 1949 salutem
470 1923 612 1948 nostram
651 1917 744 1947 faciat
778 1917 971 1951 intueamur,
1012 1924 1043 1948 et
1077 1919 1178 1949 officio

225 1968 334 1992 nostro
364 1961 544 2000 fungamur.
592 1960 678 1990 Dicit-
708 1960 793 1989 enim
818 1959 928 1990 eodem
952 1960 1019 1991 loco
1042 1961 1177 2000 prophe-

223 2008 272 2035 ta:
304 2003 340 2034 Si
362 2013 481 2033 moram
501 2003 617 2042 fecerit,
648 2004 787 2041 exspecta
817 2002 916 2033 illum.
961 2002 1176 2041 Quamobrem

224 2047 249 2077 si
272 2057 386 2078 sensus
417 2052 540 2076 nostros
571 2051 726 2081 coercere,
755 2051 786 2074 et
809 2044 895 2075 intra
917 2046 1091 2084 patientiae
1115 2053 1178 2076 ter-

223 2089 328 2120 minos
352 2089 517 2120 continere
548 2098 726 2127 possumus,
757 2093 788 2117 et
816 2094 1001 2126 exspectare
1031 2094 1067 2119 ut
1089 2089 1179 2120 Deus

224 2131 427 2172 providentia
456 2141 513 2161 sua
543 2141 599 2161 nos
629 2137 717 2169 regat
746 2134 778 2160 et
808 2136 966 2169 operetur.
997 2136 1083 2162 certo
1105 2142 1176 2172 per-

224 2185 334 2205 suasos
364 2184 432 2205 esse
463 2184 520 2204 nos
541 2179 673 2213 oportet,
703 2173 795 2202 illum
820 2183 984 2212 nunquam
1008 2174 1100 2205 nobis
1124 2174 1177 2205 de-

224 2217 376 2252 futurum,
407 2226 509 2255 neque
539 2215 694 2246 auxilium
726 2225 819 2246 suum
853 2215 1065 2247 tardaturum.
1111 2216 1176 2248 Sed

223 2260 249 2290 si
279 2265 406 2289 nostrae
435 2258 655 2297 impatientiae
679 2258 782 2288 locum
813 2257 934 2294 demus,
962 2268 1088 2298 semper
1111 2266 1176 2290 tar-

223 2302 299 2333 dare
341 2301 447 2331 Deum
491 2300 758 2331 existimabimus.
814 2300 897 2330 Nam
939 2301 1000 2331 nisi
1040 2302 1176 2342 singulis

223 2344 392 2375 momentis
427 2343 541 2382 quibus
575 2353 647 2373 eum
683 2344 880 2378 invocamus,
915 2343 984 2374 eius
1018 2345 1175 2375 auxilium

221 2387 426 2422 senserimus,
453 2396 578 2425 semper
609 2396 730 2416 moram
760 2385 863 2416 facere
893 2385 983 2416 illum
1007 2387 1174 2418 arbitrabi-

221 2441 303 2467 mur,
325 2435 357 2460 et
380 2429 468 2458 miris
491 2428 595 2458 modis
619 2428 840 2459 cruciabimur.
887 2430 991 2468 Atque
1015 2429 1074 2460 hoc
1097 2430 1176 2460 isra-

220 2472 327 2504 elitico
350 2470 466 2511 populo
489 2476 520 2501 et
545 2469 635 2501 Sauli
659 2471 830 2510 contigisse
853 2470 1017 2502 videmus:
1049 2472 1082 2502 in
1106 2474 1174 2512 qui-

219 2515 279 2546 bus
312 2520 465 2553 tanquam
488 2513 520 2543 in
545 2513 682 2552 speculo,
715 2519 769 2543 aut
792 2514 932 2553 imagine
955 2515 1039 2552 viva,
1063 2525 1174 2554 possu-

218 2569 290 2588 mus
321 2567 358 2587 ea
386 2566 467 2595 quae
497 2566 593 2595 supra
627 2555 767 2586 diximus
801 2556 1024 2596 contemplari:
1059 2568 1173 2597 nempe

218 2601 336 2640 Deum,
359 2600 385 2631 si
409 2598 498 2629 illum
523 2599 716 2635 intueamur,
746 2608 908 2638 nunquam
938 2599 1047 2630 deesse
1070 2601 1172 2637 nobis,

2154 156 2193 185 14

1234 255 1309 293 quin
1341 261 1557 294 opportunum
1591 265 1714 293 ¹semper
1738 254 1861 284 adierat
1884 251 2051 287 auxilium,
2083 260 2186 289 quau-

1234 297 1401 336 doquidem
1435 307 1542 335 preces
1573 305 1697 326 nostras
1728 296 1816 326 illum
1851 294 2040 335 praevenire
2063 298 2186 323 certum

1234 346 1291 370 est.
1343 338 1466 369 Verum
1497 339 1653 377 quomodo
1684 340 1713 369 in
1747 340 1849 369 Deum
1886 336 2092 371 intuebimur,
2124 335 2187 365 nisi

1234 382 1370 421 ipsemet
1392 381 1499 412 oculos
1524 381 1613 411 uobis
1637 381 1768 421 aperiat,
1792 389 1823 411 et
1848 392 1903 411 nos
1927 380 2028 410 saneti
2052 378 2100 408 sui
2124 377 2188 416 spi-

1234 425 1314 455 ritus
1340 425 1456 454 virtute
1481 424 1689 463 praeveniat?
1737 425 1790 455 s'ic
1815 426 1899 454 enim
1926 422 2065 461 loquitur
2088 420 2187 460 scrip·

1234 474 1315 501 tura,
1350 466 1464 497 docens
1496 466 1640 505 spiritum
1675 467 1733 496 Dei
1766 469 1868 497 facere
1898 466 1929 495 in
1962 463 2051 494 nobis
2083 470 2118 493 ut
2146 461 2185 493 ad

1236 510 1339 540 Deum
1364 516 1515 548 tauquam
1540 508 1576 538 ad
1599 517 1721 547 patrem
1741 509 1969 546 confugiamus,
1994 514 2023 536 et
2043 507 2074 536 in
2096 505 2185 535 illum

1234 563 1343 582 omnes
1374 562 1465 582 curas
1495 562 1528 581 es
1557 551 1785 582 sollicitudines
1816 558 1939 581 nostras
1970 549 2186 580 coniiciamus.

1236 597 1342 634 Atque
1366 593 1405 624 D.
1432 593 1551 624 Paulus
1575 594 1606 623 in
1631 594 1760 633 epistola
1785 594 1823 624 ad
1849 594 1940 624 Rom.
1964 592 1993 623 8.
2017 601 2083 630 cap.
2108 590 2184 621 fide-

1234 637 1280 668 les
1320 637 1358 667 ad
1394 636 1477 666 hanc
1509 636 1628 676 gratiae
1664 637 1722 666 Dei
1757 637 1993 667 meditationem
2028 633 2186 669 hortatur,

1235 690 1332 719 quum
1364 680 1408 709 ait
1438 678 1587 718 spiritum
1617 679 1819 718 interpellare
1844 688 1900 718 pro
1925 677 2014 708 nobis
2037 675 2185 714 suspiriis

1234 721 1514 753 inenarrabilibus.
1568 720 1651 751 Sane
1686 721 1758 752 inde
1792 723 1869 752 satis
1902 719 2107 759 conspicuum
2138 723 2187 748 est.

1235 776 1293 795 nos
1323 776 1341 795 a
1371 764 1440 794 Deo
1471 774 1596 803 semper
1624 764 1814 803 praeveniri,
1849 764 1923 794 licet
1952 762 2046 802 longe
2076 760 2187 791 abesse

1235 808 1385 838 humanis
1408 807 1554 837 sensibus
1573 812 1603 836 et
1623 812 1754 837 externa
1773 807 1876 846 specie
1896 805 2050 836 videatur.
2075 802 2185 841 Quare

1234 851 1308 881 licet
1338 849 1428 880 Deus
1459 849 1583 879 vultum
1615 859 1706 879 suum
1731 849 1898 880 occultare.
1930 848 1978 878 vel
2003 846 2186 883 dormitare,

1236 893 1284 923 vel
1317 900 1442 932 tergum
1474 898 1609 928 vertere,
1640 894 1687 921 vel
1721 893 1820 923 nostri
1852 890 1994 921 oblivisci
2031 888 2187 926 videatur,

1235 942 1342 966 tamen
1374 935 1437 965 iam
1469 935 1507 964 ab
1538 934 1592 964 illo
1622 945 1680 964 nos
1709 941 1892 974 conspectos
1916 939 1947 964 et
1970 931 2095 963 auditos
2118 940 2185 962 cer-

1234 985 1303 1009 tum
1327 983 1390 1008 est:
1413 977 1552 1016 alioquin
1577 977 1712 1016 singulis
1732 976 1901 1007 momentis
1926 975 2091 1015 perituros.
2122 973 2186 1004 Ec-

1234 1022 1304 1060 quis
1327 1021 1412 1051 enim
1437 1020 1539 1050 nescit
1562 1019 1678 1050 diaboli
1700 1019 1835 1053 fraudes,
1867 1019 1922 1058 qui
1946 1017 2036 1048 nobis
2059 1025 2188 1055 semper

1234 1063 1416 1100 insidiatur,
1446 1070 1477 1092 et
1502 1062 1623 1093 viribus
1646 1063 1786 1102 corporis
1809 1069 1840 1092 et
1861 1062 1986 1092 animae
2005 1065 2184 1100 prostratos

1235 1111 1397 1136 momento
1428 1104 1535 1135 deiicit
1569 1111 1600 1134 et
1634 1104 1804 1144 opprimit?
1849 1104 1931 1134 Nam
1967 1103 2016 1133 leo
2049 1102 2101 1132 ille
2135 1105 2185 1131 est

1234 1149 1373 1189 rugiens,
1398 1153 1434 1178 ut
1453 1147 1497 1177 ait
1517 1147 1641 1183 Petrus,
1661 1158 1784 1187 semper
1802 1145 2019 1183 obambulans,
2038 1150 2069 1175 et
2087 1154 2184 1183 quae-

1234 1202 1307 1222 rens
1329 1201 1423 1230 quem
1452 1190 1591 1221 devoret.
1636 1190 1702 1220 Nos
1725 1200 1798 1220 vero
1822 1196 1886 1220 tam
1909 1188 2038 1224 infirmi,
2069 1193 2105 1217 ut
2128 1186 2184 1216 vix

1234 1243 1370 1269 muscae,
1400 1239 1436 1263 ut
1465 1233 1511 1263 ita
1538 1233 1649 1270 dicam,
1684 1232 1721 1263 ad
1752 1232 1840 1262 illum
1871 1230 2045 1271 comparati
2075 1229 2183 1259 videa-

1234 1287 1315 1307 mur.
1369 1275 1478 1314 Quare
1512 1286 1639 1306 necesse
1672 1281 1719 1305 est
1752 1274 1918 1305 exauditas
1951 1273 2040 1312 prius
2073 1282 2185 1311 preces

1234 1326 1370 1355 nostras,
1393 1325 1425 1349 et
1448 1328 1504 1348 nos
1528 1325 1717 1357 praeventos
1741 1327 1757 1347 a
1782 1318 1858 1353 Deo,
1882 1316 1935 1346 sed
1961 1326 2022 1346 non
2047 1326 2087 1345 ex
2111 1324 2183 1345 nos-

1234 1369 1302 1392 trae
1326 1361 1459 1392 rationis
1479 1371 1574 1391 sensu
1599 1369 1628 1390 et
1657 1361 1795 1396 arbitrio,
1826 1366 1860 1389 ut
1882 1358 1983 1389 voluit
2005 1357 2094 1388 Saul.
2123 1356 2184 1387 Cui

1234 1415 1311 1435 sane
1344 1403 1474 1435 Samuel
1518 1404 1647 1434 minime
1687 1403 1795 1433 defuit.
1852 1401 1935 1432 Nam
1977 1411 2010 1431 sc
2044 1400 2184 1430 iusserat

1234 1447 1415 1487 exspectari
1445 1446 1484 1477 ad
1514 1448 1683 1486 septimum
1714 1456 1812 1484 usque
1843 1444 1936 1480 diem,
1965 1454 2026 1483 quo
2050 1453 2083 1472 se
2107 1452 2182 1472 ven-

1234 1496 1342 1521 turum
1377 1489 1578 1529 promiserat.
1630 1488 1694 1519 Sed
1729 1498 1764 1517 eo
1799 1487 1848 1517 die
1881 1492 2084 1525 exspectatus
2118 1494 2182 1515 non

1233 1533 1332 1564 venit.
1383 1532 1453 1562 Imo
1487 1532 1553 1562 dies
1587 1531 1639 1562 ille
1673 1529 1812 1561 nondum
1846 1529 2062 1569 praeterierat.
2118 1526 2182 1558 Sed

1233 1575 1310 1606 Saul
1335 1585 1408 1606 cum
1430 1575 1547 1614 populo
1571 1573 1673 1604 taedio
1697 1573 1842 1609 afficitur,
1866 1580 1896 1602 et
1920 1582 1984 1601 non
2008 1575 2182 1601 venturum

1233 1617 1415 1649 Samuelem
1450 1618 1644 1657 suspicatur:
1679 1616 1784 1655 itaque
1818 1621 1947 1654 stupore
1978 1613 2116 1654 quodam
2150 1617 2182 1642 et

1233 1661 1363 1691 horrore
1394 1660 1587 1700 percutitur:
1618 1666 1649 1689 et
1679 1658 1777 1689 animi
1805 1658 1928 1693 anxius,
1960 1656 2181 1687 holocaustum

1231 1703 1347 1734 offerre
1387 1703 1582 1742 aggreditur.
1637 1702 1835 1741 Conspicuus
1875 1699 1975 1738 igitur
2008 1699 2106 1738 ipsius
2140 1708 2182 1728 ex

1231 1756 1320 1776 mera
1353 1745 1531 1776 diffidentia
1564 1745 1678 1784 lapsus.
1725 1743 1814 1774 Scire
1847 1743 1932 1773 enim
1965 1741 2054 1771 illum
2090 1751 2183 1779 opor—

1231 1789 1303 1828 tuit,
1333 1787 1440 1818 Deum
1470 1788 1581 1818 diebus
1611 1794 1641 1817 et
1671 1786 1835 1817 mensibus
1858 1794 2004 1824 praeesse
2024 1790 2054 1814 et
2079 1783 2180 1813 domi-

1232 1832 1316 1862 nari:
1347 1840 1383 1861 ac
1413 1830 1545 1870 proinde
1575 1830 1678 1870 potius
1708 1828 1937 1868 producturum
1968 1827 2064 1857 fuisse
2095 1825 2181 1856 diem

1231 1874 1330 1911 illum,
1362 1880 1397 1904 ut
1427 1873 1621 1912 temporibus
1644 1871 1737 1902 Iosue
1767 1871 1883 1901 factum
1909 1869 2053 1909 legimus,
2085 1879 2180 1908 quam

1230 1916 1325 1948 fidem
1350 1916 1456 1947 datam
1486 1916 1618 1946 falleret.
1662 1913 1747 1952 Quid
1771 1913 1870 1953 igitur
1891 1922 1965 1942 eum
1989 1911 2183 1950 impediebat

1231 1960 1400 1999 quominus
1430 1965 1629 1998 exspectaret
1659 1956 1741 1987 diem
1766 1956 1936 1995 integrum,
1967 1954 2066 1985 donec
2089 1964 2180 1993 prae-

1231 2002 1366 2032 teriret?
1393 2001 1478 2033 Sane
1501 2010 1651 2040 magnam
1671 1998 1835 2030 dubitandi
1859 2005 1889 2028 et
1913 1996 2075 2028 metuendi
2096 2007 2180 2028 occa-

1231 2045 1352 2076 sionem
1376 2045 1497 2081 habuit,
1526 2043 1645 2074 sensim
1668 2041 1827 2073 dilabente
1850 2040 1980 2079 populo:
2006 2049 2116 2069 verum
2141 2039 2180 2070 ad

1230 2088 1428 2118 ordinarium
1453 2086 1629 2117 remedium
1653 2085 1697 2115 illi
1729 2084 1786 2114 fuit
1820 2082 2080 2122 confugiendum,
2111 2092 2180 2121 pre-

1230 2141 1282 2162 ces
1317 2130 1469 2160 nimirum
1502 2129 1616 2169 quibus
1650 2138 1666 2158 a
1697 2127 1765 2157 Deo
1797 2132 1919 2165 peteret
1953 2131 1988 2155 ut
2018 2123 2181 2155 Samuelis

1230 2173 1403 2203 adventum
1438 2178 1626 2202 maturaret:
1662 2176 1691 2200 et
1726 2167 1879 2208 quidquid
1910 2167 2076 2203 accideret,
2118 2167 2179 2197 Dei

1230 2216 1336 2246 verbis
1370 2215 1447 2245 fides
1480 2212 1660 2245 adhibenda
1693 2213 1767 2242 fuit:
1807 2217 1836 2241 et
1870 2221 1932 2241 non
1967 2208 2180 2240 dubitandum

1229 2259 1306 2298 quin
1331 2258 1521 2297 praestituto
1545 2262 1575 2286 et
1605 2261 1783 2295 opportuno
1807 2261 1947 2292 tempore
1970 2252 2112 2282 adesset:
2143 2262 2180 2282 ac

1229 2300 1359 2340 proinde
1391 2310 1455 2330 non
1487 2298 1691 2329 metuendum
1722 2308 1761 2327 ne
1784 2296 1955 2332 falleretur,
1987 2294 2057 2325 Deo
2082 2293 2177 2324 fidem

1228 2344 1394 2374 adhibens.
1439 2342 1529 2373 Istud
1561 2342 1657 2380 igitur
1685 2340 1801 2370 habere
1831 2337 1939 2369 debuit
1963 2336 2040 2368 Saul
2063 2336 2178 2366 adver-

1228 2397 1282 2417 sus
1313 2385 1521 2416 diffidentiam
1551 2383 1735 2414 remedium.
1788 2381 1870 2411 Nam
1899 2380 2056 2419 scriptura
2087 2378 2181 2410 docet

1228 2434 1372 2459 nostram
1401 2427 1537 2457 salutem
1566 2436 1634 2456 esse
1666 2427 1697 2454 in
1728 2434 1782 2463 spe
1811 2431 1842 2453 et
1872 2423 1999 2453 silentio
2023 2422 2174 2461 positam:

1227 2470 1492 2510 quemadmodum
1515 2475 1623 2500 contra
1642 2467 1797 2497 increduli
1822 2472 1973 2502 tremunt,
1996 2475 2093 2504 quum
2117 2463 2178 2495 sibi

1226 2513 1402 2553 periculum
1427 2512 1554 2550 aliquod
1578 2511 1744 2541 imminere
1767 2509 1920 2544 sentiunt,
1945 2518 2008 2538 non
2034 2506 2178 2538 consueti

1226 2557 1264 2587 ad
1290 2556 1394 2586 Deum
1418 2554 1597 2593 confugere,
1627 2553 1778 2592 quoniam
1810 2552 1841 2581 in
1866 2550 1994 2582 caducis
2019 2556 2049 2580 et
2075 2557 2174 2580 terre-

1226 2599 1276 2630 nis
1299 2598 1394 2629 rebus
1416 2596 1564 2627 fiduciam
1588 2606 1712 2625 omnem
1745 2604 1833 2625 suam
1865 2593 2028 2624 collocant.
2074 2592 2181 2623 Testis
