2551 3044
324 233 386 265 695

326 340 345 360 a
368 329 437 360 cibo
461 334 493 358 et
525 334 599 367 potu
632 338 687 368 per
718 327 836 359 multos
867 328 944 360 dies.
991 329 1094 360 Prout
1125 329 1211 360 enim
1241 335 1296 360 aer

330 372 470 404 crassior
494 379 539 400 est
574 371 605 401 in
632 371 701 401 istis
727 371 912 410 regionibus
942 382 1037 412 quam
1070 373 1101 402 in
1132 371 1296 402 orientali-

328 416 397 451 bus,
428 413 566 453 largiore
598 413 667 443 cibo
698 420 727 443 et
758 421 833 453 potu
865 414 1059 455 indigemus.
1112 415 1214 446 Porro
1246 414 1297 446 hic

329 458 377 487 vir
401 456 585 496 Aegyptius
609 457 725 486 dicitur
750 457 861 487 morbo
885 464 913 487 et
939 458 1021 488 fame
1046 457 1124 488 adeo
1145 458 1297 497 deiectus,

329 508 362 530 ut
395 498 479 538 loqui
513 510 575 529 non
608 499 764 538 potuerit,
796 498 896 530 donec
928 507 1056 541 sumpto
1088 500 1196 540 aliquo
1226 500 1296 531 cibo

328 543 496 573 restitutus
521 548 604 572 essct
628 542 656 572 ei
682 542 818 573 animus.
864 541 979 583 Itaque
1009 555 1106 584 quum
1132 544 1297 574 dedissent

328 586 355 615 ei
381 594 495 624 panem
522 592 554 614 ut
586 586 780 621 comederet,
816 592 848 615 et
883 586 962 617 duas
998 597 1077 617 uvas
1112 597 1231 626 passas,
1267 591 1296 617 et

329 638 444 667 aquam
472 634 505 657 ut
532 627 662 664 biberet,
694 626 812 657 Davidi
845 628 948 668 ipsum
981 630 1194 668 interroganti
1232 639 1297 660 res-

329 671 439 710 pondit
474 681 507 700 se
543 680 676 709 puerum
705 672 900 711 Aegyptium
943 682 1028 708 esse,
1069 683 1199 703 servum
1235 672 1296 703 viri

330 713 537 749 Amalecitae,
568 712 756 744 derelictum
782 715 820 744 ab
845 714 882 744 iis
905 715 1005 754 copiis
1029 726 1110 755 quae
1133 717 1298 746 irruerant

330 757 361 786 in
384 757 544 794 regionvm
570 762 599 785 et
624 763 762 786 tractum
788 756 879 787 illum
901 757 1114 788 meridianum
1134 758 1243 796 Iudae,
1267 763 1298 788 et

330 799 442 829 urbem
468 798 596 839 Siteleg
626 799 700 838 igne
723 799 976 830 combusserant.
1022 801 1087 831 Sed
1118 801 1296 841 iuterroga-

331 849 382 871 tus
417 852 433 870 a
465 840 594 871 Davide
629 842 680 871 ubi
716 842 778 872 iam
809 850 917 873 essent
950 843 1157 879 Amalecitae,
1191 850 1223 874 et
1256 854 1297 874 an

331 890 438 924 posset
462 884 565 923 ipsum
592 884 630 914 ad
656 884 742 914 illam
769 885 894 916 turbam
920 885 1087 921 deducere,
1113 887 1241 927 negavit
1264 897 1298 918 se

332 927 561 962 indicaturum,
575 928 634 957 nisi
648 928 736 966 prius
750 927 859 958 David
873 929 1082 960 iureiurando
1095 930 1297 967 affirmasset,

331 980 365 1000 se
390 980 492 1008 neque
515 979 588 1000 eum
614 971 870 1009 interfecturum,
900 982 1004 1012 neque
1035 973 1067 1002 in
1092 983 1223 1004 manum
1249 973 1296 1003 sui

331 1012 451 1042 domim
484 1012 687 1043 traditurum.
741 1014 836 1052 Quod
867 1025 964 1054 quum
1000 1015 1060 1055 ipsi
1093 1015 1196 1046 David
1225 1026 1296 1056 pro-

331 1056 480 1094 misisset,
506 1054 664 1085 Davidem
690 1061 719 1086 et
745 1057 864 1086 milites
885 1058 984 1097 ipsius
1005 1057 1043 1089 ad
1065 1058 1206 1089 hostium
1232 1065 1298 1088 tur-

332 1098 404 1128 bam
431 1097 576 1128 deduxit.
600 1098 702 1129 Porro
727 1099 844 1130 dicitur
868 1100 975 1131 David
1002 1102 1167 1132 invenisse
1193 1102 1299 1132 hostes

331 1141 504 1180 dissipatos
528 1142 560 1171 in
582 1148 646 1171 tota
667 1142 836 1182 superficie
856 1143 943 1174 illius
957 1150 1070 1178 terrae,
1096 1144 1300 1176 comedentes

331 1191 362 1214 et
405 1184 560 1220 bibentes,
602 1190 633 1214 et
668 1186 882 1225 tripudiantes
917 1186 955 1218 de
991 1192 1055 1218 tota
1090 1187 1210 1228 praeda
1245 1187 1299 1217 illa

331 1236 451 1265 magna
474 1237 569 1265 quam
595 1235 764 1267 ceperant:
790 1239 864 1259 nam
890 1229 937 1259 illi
962 1230 1094 1260 minime
1113 1229 1300 1260 metuebant

331 1269 390 1299 sibi
415 1280 431 1298 a
457 1268 593 1306 Davidc,
623 1278 652 1300 et
679 1278 830 1311 tanquam
862 1273 924 1302 iam
951 1279 1041 1312 parta
1067 1273 1200 1304 victoria
1224 1272 1299 1303 laeti

334 1312 590 1352 triumphabant,
615 1317 648 1343 et
670 1314 765 1353 genio
790 1314 1020 1355 indulgebant:
1045 1322 1080 1347 ut
1100 1316 1190 1346 facile
1205 1316 1297 1346 fuerit

330 1355 450 1386 Davidi
475 1356 505 1384 in
531 1356 617 1395 ipsos
640 1356 797 1395 impetum
828 1359 941 1394 facere,
973 1364 1003 1388 et
1028 1369 1108 1399 quos
1132 1359 1299 1398 inopinato

330 1398 504 1435 invaserat,
528 1399 710 1439 profligare,
741 1407 773 1430 et
797 1411 860 1431 una
891 1401 1112 1433 internecione
1135 1401 1173 1432 ad
1198 1412 1297 1432 unum

329 1451 441 1471 omnes
471 1441 587 1477 delere,
617 1443 759 1482 exceptis
791 1444 1039 1484 quadringentis
1063 1445 1142 1476 viris
1171 1444 1225 1484 qui
1249 1444 1297 1475 in-

330 1483 474 1514 sidentes
504 1484 634 1514 eamelis
666 1486 870 1526 aufugerunt.
918 1487 1116 1519 Amalecitae
1147 1498 1223 1528 ergo
1251 1487 1297 1517 illi

331 1527 492 1565 fugientes
522 1528 701 1566 aequabant
727 1539 896 1560 numerum
922 1540 1033 1561 eorum
1059 1531 1113 1570 qui
1138 1529 1296 1561 Davidem

331 1569 558 1608 sequebantur.
583 1569 634 1600 Ex
654 1580 716 1610 quo
739 1578 873 1612 apparet
898 1573 1062 1613 ingentem
1087 1573 1185 1604 fuisse
1209 1583 1297 1604 exer-

331 1612 430 1642 citum
457 1612 708 1643 Amalecitarum
732 1624 829 1654 quum
853 1616 1040 1654 praesertim
1066 1626 1083 1646 a
1107 1616 1297 1656 crepusculo

331 1657 370 1684 ad
405 1664 572 1693 vesperam
605 1655 763 1695 praelium
796 1657 972 1688 duraverit.
1018 1658 1105 1690 Hinc
1129 1659 1236 1699 itaque
1259 1659 1297 1689 fit

331 1698 434 1736 magis
480 1699 687 1737 conspicuum
729 1699 888 1730 Davidem
937 1711 1009 1731 cum
1052 1702 1297 1742 quadringentis

332 1739 516 1770 hominibus
548 1751 660 1771 ausum
695 1743 816 1782 praelio
840 1744 971 1784 aggredi
997 1749 1062 1774 tam
1087 1755 1296 1775 numerosum

331 1783 510 1813 exercitum
543 1783 574 1813 in
602 1783 671 1815 Deo
700 1795 789 1826 spem
821 1797 911 1817 suam
944 1787 1099 1826 posuisse,
1123 1798 1227 1827 neque
1252 1793 1297 1817 te·
1323 1801 1324 1811 ¹

331 1825 478 1856 meritate
513 1825 689 1866 quidquam
725 1839 930 1869 aggressum,
969 1829 1023 1860 sed
1059 1841 1114 1870 spe
1144 1830 1324 1861 victoriav=

994 1871 1107 1912 Itaque
1139 1873 1298 1913 superatis
1323 1893 1325 1900 ι

330 1878 424 1908 quam
462 1867 507 1897 illi
539 1868 628 1900 Deus
665 1878 733 1901 erat
770 1872 940 1912 pollicitus.

332 1911 521 1942 Amalecitis
554 1922 603 1941 res
633 1924 708 1944 suas
736 1915 950 1955 recuperavit,
980 1922 1009 1945 et
1034 1926 1183 1955 magnam
1211 1926 1298 1955 prae-

332 1953 405 1984 dam
439 1956 521 1984 tecit.
568 1954 631 1986 Hic
662 1967 736 1987 vero
767 1958 797 1987 in
831 1958 942 1997 primis
973 1958 1209 1989 observandum
1236 1969 1296 1989 non

331 2007 407 2028 casu
447 2005 501 2027 ant
539 1996 672 2029 fortuito
703 2000 861 2031 Davidem
900 2001 931 2031 in
970 2001 1061 2031 illum
1101 2002 1296 2041 Aegyptium

334 2040 492 2075 incidisse,
525 2040 578 2070 sed
606 2042 665 2072 Dei
691 2043 892 2082 providentia
917 2044 1034 2074 factum
1061 2044 1169 2074 fuisso.
1204 2043 1298 2076 Unde

333 2082 514 2122 colligimus
538 2083 691 2124 quidquid
718 2086 810 2116 nobis
834 2086 958 2117 accidit.
984 2098 1045 2117 non
1072 2087 1140 2118 sine
1160 2087 1217 2117 Dei
1244 2097 1297 2117 vo·
1324 2084 1326 2105 ³

334 2126 458 2156 luntate
489 2131 519 2155 et
549 2128 681 2158 consilio
712 2130 797 2159 fieri:
830 2140 902 2159 nam
935 2130 992 2159 etsi
1019 2136 1072 2160 aut
1102 2140 1208 2160 casum
1234 2130 1298 2160 for-

335 2169 453 2198 tuitum
480 2175 534 2198 aut
558 2170 704 2201 accidens
729 2172 863 2202 dicimus
886 2172 1043 2212 quidquid
1069 2178 1123 2202 aut
1147 2172 1221 2203 boni
1246 2179 1298 2203 aut
1326 2187 1327 2194 .

336 2211 462 2241 adver-i
503 2213 688 2252 contigerit:
725 2215 931 2246 statuendum
967 2223 1072 2246 tamen
1109 2220 1158 2246 cst
1183 2226 1301 2246 areana

337 2254 396 2284 Dei
412 2254 553 2283 bonuau·
567 2263 595 2285 υτ
611 2257 743 2287 consilio
759 2259 823 2293 reci
842 2268 1050 2298 quaecunque
1065 2258 1155 2289 nobis
1172 2259 1301 2289 fortuita

338 2298 498 2327 videntur.
537 2297 675 2330 Fet-tuiti
701 2302 785 2331 cuim
811 2311 902 2332 casus
930 2301 1116 2332 hominibus
1141 2301 1300 2338 dicuntur,

335 2342 418 2379 quod
452 2339 514 2369 Dei
546 2343 781 2380 providentiam
814 2344 891 2383 ipsis
925 2344 1082 2375 occultam
1119 2355 1182 2375 non
1217 2355 1302 2374 com-

337 2382 537 2422 prehendant
592 2385 823 2417 Verumtamen
849 2388 907 2417 etsi
932 2397 1007 2417 casu
1033 2387 1152 2427 aliquid
1178 2389 1303 2417 eontin-

337 2436 412 2466 gere
444 2426 532 2455 nobis
563 2426 707 2466 dicimus,
737 2440 777 2459 ne
808 2436 914 2460 tamen
947 2430 1026 2460 adeo
1050 2430 1167 2470 stupidi
1193 2431 1302 2465 simus,

338 2476 371 2499 ut
404 2469 507 2498 Deum
546 2469 575 2499 in
611 2472 706 2502 cot-lis
741 2472 881 2502 dormire
916 2481 1081 2512 putemus:
1117 2473 1303 2512 nullamque

338 2518 538 2541 torri-narum
566 2523 670 2544 rerum
696 2526 804 2545 curam
832 2515 958 2546 habere.
1005 2516 1170 2555 Quidquid
1196 2517 1304 2555 itaque

337 2554 458 2585 sinistri
491 2563 542 2584 aut
579 2556 649 2586 boni
683 2559 861 2598 contigerit,
893 2565 1059 2589 teneamus
1091 2559 1193 2589 Deum
1225 2557 1302 2589 illud

338 2598 529 2635 immittere,
566 2599 613 2629 vel
652 2608 804 2640 tanquam
840 2602 959 2631 favoris
994 2607 1023 2631 ct
1060 2601 1304 2632 benevolentiae

339 2651 415 2679 erga
447 2651 505 2671 nos
537 2643 682 2682 siguum,
724 2644 772 2673 vv!
806 2649 956 2683 tanquam
989 2645 1213 2675 coercitionem
1246 2644 1304 2674 ali-

337 2693 431 2722 quam
465 2686 554 2723 quasi
586 2697 603 2715 a
634 2686 725 2717 nobis
754 2686 865 2717 faciem
899 2687 1078 2719 avertisset.
1124 2686 1211 2718 Sane
1243 2687 1303 2718 nisi

1167 234 1371 266 HOMILIA
1401 236 1489 267 clv,

1320 340 1324 484 l

2257 237 2319 269 696

1349 330 1408 362 hoc
1443 341 1557 362 servus
1591 331 1644 362 ille
1668 331 1846 362 Abrahami
1881 331 1988 361 animo
2020 341 2077 362 suo
2112 331 2240 371 penitus
2269 332 2318 362 in-

1349 374 1483 412 fixisset,
1508 385 1569 405 non
1590 373 1723 404 dixisset
1739 384 1837 414 quum
1854 374 2107 413 proficisceretur
2127 373 2166 404 ad
2184 384 2319 405 uxorem

1348 415 1459 447 Isaaco
1491 417 1610 447 domini
1642 417 1690 447 sui
1722 417 1787 447 filio
1817 416 2052 456 quaerendam,
2088 416 2178 447 Deus
2213 417 2319 447 mittet

1349 458 1388 490 ad
1406 470 1455 490 me
1475 470 1569 499 quam
1589 459 1653 490 filio
1671 460 1739 490 heri
1760 460 1821 489 mei
1843 459 2033 490 destinavit:
2057 459 2110 490 sed
2129 469 2317 500 persuasum

1349 501 1459 533 habuit
1488 502 1590 533 Deum
1617 503 1673 542 ipsi
1699 502 1896 533 directurum
1920 512 1990 533 eam
2005 502 2104 532 filium
2118 502 2208 533 cuius
2220 513 2320 534 causa

1349 545 1381 575 in
1413 556 1482 575 eam
1516 546 1679 585 regionem
1704 551 1853 582 venerat,
1885 545 1916 574 in
1939 555 2003 584 qua
2027 552 2181 585 tanquam
2206 552 2320 577 caecus

1349 593 1380 618 et
1412 589 1602 628 peregrinus
1635 588 1840 623 versabatur,
1873 592 1905 617 et
1928 588 1996 618 sine
2022 587 2081 619 Dei
2106 588 2229 618 auxilio
2253 599 2318 619 non

1349 637 1474 670 poterat
1498 641 1567 661 eam
1599 641 1661 671 qua
1691 631 1749 661 sibi
1781 641 1862 670 opus
1891 636 1961 661 erat
1982 637 2107 671 gratam
2132 631 2318 662 Abrahamo

1350 683 1468 703 nurum
1494 674 1650 704 invenire.
1681 674 1899 713 Quamobrem
1924 673 1982 703 etsi
2008 674 2059 704 vel
2083 674 2174 705 nobis
2196 674 2319 713 incogi-

1351 716 1503 756 tantibus,
1535 716 1585 746 vel
1611 716 1879 748 extraordinariis
1908 715 2013 747 modis
2038 717 2127 747 Deus
2151 717 2318 748 nobiscum

1350 765 1433 799 agat,
1458 759 1517 790 hoc
1541 765 1648 790 tamen
1673 759 1832 800 principio
1850 759 1907 789 niti
1928 769 1986 790 nos
2004 764 2139 799 oportet,
2163 759 2319 799 quidquid

1351 804 1490 833 faustum
1524 802 1615 833 nobis
1646 813 1686 833 ex
1721 802 1896 842 improviso
1926 803 2118 837 occurrerit,
2153 802 2319 842 singulare

1352 845 1571 876 testimonium
1603 855 1672 876 esse
1701 844 1830 875 divinae
1854 854 1930 884 erga
1955 855 2012 875 nos
2036 845 2196 881 bonitatis,
2226 845 2319 884 quasi

1353 899 1448 918 manu
1479 898 1536 918 sua
1569 887 1685 918 bonum
1718 887 1797 919 illud
1829 887 1867 918 ad
1902 897 1958 918 nos
1982 887 2186 919 deducentis:
2209 894 2321 918 contra

1353 942 1428 961 vero
1453 931 1548 961 etiam
1574 930 1599 960 si
1625 930 1709 970 quod
1732 931 1958 966 infortunium,
1982 930 2068 970 quod
2093 936 2220 964 vocant,
2244 941 2320 962 eon-

1352 974 1476 1014 tigerit,
1513 973 1733 1004 testimonium
1769 973 1849 1004 illud
1889 980 1957 1004 esto
1987 973 2116 1004 divinae
2148 973 2320 1011 vindictae,

1353 1027 1410 1048 nos
1442 1016 1620 1056 punientis:
1653 1016 1735 1056 quod
1762 1017 1868 1056 ipsum
1895 1026 1956 1046 non
1981 1017 2252 1056 quaesiverimus,
2288 1021 2321 1047 et

1352 1061 1420 1100 ipse
1445 1070 1462 1090 a
1487 1059 1578 1090 nobis
1602 1059 1760 1090 alienatus
1784 1060 1828 1090 sit
1850 1066 2044 1098 tergumque
2065 1059 2217 1090 abvertit.
2247 1059 2320 1090 Hoc

1351 1103 1452 1143 igitur
1484 1101 1819 1133 considerandnm'in
1853 1103 1913 1132 isto
1945 1102 2126 1142 Aegyptio,
2157 1103 2190 1133 in
2224 1112 2318 1142 quem

1353 1146 1433 1176 forte
1458 1144 1594 1175 Davidis
1628 1144 1747 1176 milites
1781 1144 1973 1175 inciderunt.
2019 1144 2102 1175 Nam
2134 1145 2193 1175 etsi
2221 1154 2321 1176 causa

1352 1188 1507 1229 quaedam
1540 1194 1689 1227 apparet,
1725 1188 1854 1218 morbus
1885 1188 2037 1218 nimirum
2070 1193 2201 1228 propter
2223 1197 2320 1228 quem

1352 1231 1391 1262 ab
1422 1231 1499 1261 bero
1523 1230 1696 1261 derelictus
1720 1236 1810 1270 erat,
1844 1235 1876 1261 et
1899 1231 1998 1261 trium
2025 1230 2147 1261 dierum
2169 1231 2208 1262 ab
2231 1230 2320 1261 omni

1352 1274 1422 1306 cibo
1458 1280 1487 1304 et
1520 1280 1595 1313 potu
1620 1273 1830 1311 abstinentia,
1863 1279 1899 1303 ut
1918 1274 2012 1304 morti
2037 1274 2203 1313 proximus
2226 1278 2319 1311 esset,

1354 1324 1460 1347 tamen
1494 1327 1606 1347 causas
1642 1316 1719 1348 istas
1753 1316 1917 1347 naturales
1941 1315 2030 1347 Deus
2064 1316 2251 1355 coniunxit,
2285 1321 2321 1347 ut

1354 1359 1513 1390 Davidem
1550 1360 1669 1389 faceret
1703 1360 1872 1390 certiorem
1907 1358 1946 1389 de
1981 1359 2114 1390 victoria
2149 1369 2247 1399 quum
2271 1359 2320 1390 illi

1354 1403 1464 1433 divino
1497 1402 1626 1433 oraculo
1656 1401 1835 1442 promissus
1859 1402 1980 1438 fuerat,
2016 1402 2082 1432 fore
2106 1402 2260 1432 nimirum
2284 1406 2320 1433 ut

1354 1445 1460 1476 hostes·
1485 1451 1708 1484 assequeretur
1731 1451 1763 1475 et
1786 1445 1983 1485 profligaret.
2007 1444 2099 1476 Fecit
2114 1445 2216 1485 igitur
2228 1444 2319 1476 Deus

1353 1495 1388 1519 ut
1412 1487 1462 1518 hic
1487 1499 1565 1528 puer
1588 1488 1621 1518 in
1646 1487 1792 1518 morbum
1817 1488 1982 1525 incideret,
2006 1487 2120 1518 deinde
2144 1487 2319 1527 deliquium

1352 1531 1449 1562 animi
1475 1537 1640 1571 pateretur
1673 1530 1774 1562 donec
1796 1531 1827 1561 in
1854 1530 1972 1561 milites
1996 1530 2160 1567 incideret,
2195 1536 2228 1560 et
2250 1531 2320 1561 ani·

1353 1585 1423 1605 mus
1449 1575 1475 1603 ei
1502 1574 1737 1609 restitueretur,
1763 1579 1797 1604 ut
1818 1573 1938 1604 Davidi
1963 1573 2028 1604 dux
2053 1579 2146 1609 esset,
2171 1578 2203 1604 et
2222 1573 2321 1604 inser-

1353 1618 1433 1647 viret
1453 1616 1491 1646 ad
1512 1627 1591 1656 opus
1608 1616 1690 1656 quod
1713 1616 1802 1648 Deus
1818 1616 2000 1647 decreverat
2017 1625 2025 1647 :
2049 1615 2319 1656 quemadmodum

1352 1661 1398 1690 uti
1429 1660 1509 1690 solet
1533 1660 1622 1691 Deus
1656 1659 1752 1690 rebus
1781 1659 1932 1690 omnibus
1962 1659 2079 1690 creatis
2110 1659 2149 1689 ad
2185 1669 2319 1690 suorum

1350 1703 1497 1740 salutem,
1517 1708 1611 1742 prout
1632 1703 1691 1742 ipsi
1712 1702 1867 1742 placuerit
1886 1702 2147 1742 promovendam.
2172 1701 2322 1742 Denique

1350 1746 1600 1786 quotiescunque
1635 1744 1725 1776 nobis
1761 1745 1810 1775 vel
1842 1745 1960 1776 nostris
1984 1745 2203 1776 laborantibus
2229 1745 2319 1776 Deus

1351 1789 1525 1819 auxiliatus
1546 1788 1652 1822 fuerit,
1671 1788 1812 1819 sciamus
1825 1798 1898 1819 eum
1916 1789 2015 1818 nostri
2030 1788 2199 1818 misertum
2212 1787 2321 1825 fuisse,

1350 1836 1380 1862 ct
1413 1831 1504 1861 nobis
1535 1831 1746 1862 stertentibus
1776 1831 1808 1861 in
1835 1836 1978 1861 nostram
2009 1830 2144 1861 salutem
2178 1830 2321 1871 vigilare,

1351 1881 1382 1905 et
1411 1876 1591 1914 opportuno
1621 1879 1765 1914 tempore
1800 1880 1927 1914 praeter
1961 1874 2104 1904 omnium
2137 1873 2320 1913 opinionem

1324 1947 1325 1950 ,
1351 1917 1506 1948 auxilium
1533 1918 1625 1954 ferre,
1649 1923 1679 1947 et
1703 1921 1832 1947 nostrae
1857 1916 2038 1947 necessitati
2061 1926 2257 1947 succurrere.

1436 1960 1528 1998 Quod
1561 1970 1637 1990 vero
1667 1970 1748 2000 puer
1770 1959 1825 1990 ille
1848 1959 2038 2000 Aegyptius,
2074 1970 2175 1999 neque
2199 1969 2233 1990 se
2259 1959 2321 1990 Da·

1352 2003 1455 2033 videm
1481 2002 1519 2033 ad
1545 2003 1654 2033 hostes
1678 2002 1904 2036 deducturum,
1930 2012 2033 2042 nequo
2055 2002 2107 2033 ubi
2130 2008 2213 2032 esset
2230 2012 2320 2033 exer-

1351 2047 1433 2076 citus
1457 2046 1672 2077 indicaturum
1699 2045 1784 2081 dicit,
1817 2045 1918 2075 donec
1942 2045 2122 2075 iuramento
2148 2055 2181 2075 se
2212 2043 2320 2075 David

1352 2089 1577 2126 obstrinxerit,
1609 2099 1647 2119 ex
1674 2099 1710 2119 eo
1734 2093 1868 2127 apparet
1891 2093 2011 2128 quanto
2034 2088 2067 2118 in
2096 2087 2200 2127 pretio
2223 2088 2320 2118 etiam

1353 2131 1435 2169 apud
1460 2131 1642 2162 incredulos
1666 2137 1697 2162 et
1711 2130 1861 2171 profanos
1875 2130 1937 2161 Dei
1962 2140 2076 2161 nomen
2102 2130 2211 2161 fuerit.
2237 2130 2320 2161 Nam

1354 2184 1433 2209 ecce,
1457 2175 1552 2204 miser
1573 2174 1633 2205 iste
1648 2174 1829 2214 Aegyptius
1846 2173 1926 2211 legis
1946 2179 1976 2203 et
1999 2173 2162 2213 religionis
2178 2174 2321 2213 ignarus,

1327 2250 1328 2256 ἵ
1355 2217 1506 2247 miserum
1532 2217 1728 2256 mancipium
1754 2216 1807 2256 qui
1831 2227 1849 2246 a
1874 2215 2052 2246 latronibus
2075 2226 2112 2246 eo
2136 2216 2243 2246 fuerat
2267 2216 2319 2246 de-

1327 2258 1329 2286 l
1356 2260 1478 2293 ductu-3
1510 2259 1596 2300 (nam
1624 2259 1820 2290 Amalecitae
1855 2269 1918 2289 non
1949 2258 2043 2289 aliter
2077 2269 2172 2297 quam
2198 2260 2321 2290 Arabes

1355 2310 1409 2333 ant
1442 2303 1561 2341 piratae
1597 2302 1722 2343 praedis
1758 2307 1791 2332 et
1822 2301 1942 2341 rapinis
1971 2302 2070 2332 vitam
2109 2301 2321 2343 quaerebant)

1357 2345 1492 2384 [lenique
1524 2346 1739 2376 semibrutum
1779 2344 1991 2375 nihilominus
2035 2344 2138 2375 divini
2180 2344 2322 2375 nominis

1357 2394 1444 2417 tant-,i
1477 2389 1659 2419 reverentia
1690 2392 1833 2428 tenetur,
1863 2393 1896 2417 ut
1921 2387 2103 2417 iuramento
2126 2388 2279 2427 praestito
2303 2397 2322 2418 a

1330 2456 1331 2461 ,
1358 2430 1484 2461 Davide
1509 2431 1604 2461 vitam
1631 2441 1720 2462 suam
1746 2436 1775 2460 et
1799 2430 1936 2461 salutem
1962 2430 2151 2461 committat.
2183 2430 2234 2460 Ex
2259 2439 2321 2470 quo

1359 2474 1466 2503 vida-re
1497 2484 1680 2512 possumus,
1715 2483 1767 2503 eos
1801 2472 1854 2512 qui
1881 2472 1939 2503 Dei
1970 2482 2077 2503 veram
2103 2473 2320 2513 cognitionem

1358 2526 1519 2554 nunquam
1554 2517 1752 2547 habuerunt.
1787 2515 2000 2545 nihilominus
2023 2515 2141 2545 animis
2163 2525 2181 2545 a
2205 2521 2322 2546 natura

1358 2559 1547 2597 principium
1565 2559 1724 2599 quoddam
1739 2558 1874 2588 insitum
1890 2558 2039 2589 habuisse
2054 2558 2156 2589 divini
2171 2559 2322 2597 numinis,

1358 2608 1388 2631 ut
1417 2603 1602 2640 praestitum
1623 2602 1839 2632 iuramentum
1861 2601 1959 2640 ipsius
1984 2601 2112 2631 nomine
2136 2602 2322 2632 censuerint

1358 2654 1427 2674 csse
1459 2650 1608 2684 tanquam
1646 2644 1763 2685 pignus
1786 2653 1849 2683 quo
1874 2644 2004 2683 negotia
2026 2643 2133 2674 omnia
2157 2645 2240 2674 int-er
2264 2644 2320 2674 ho-

1358 2686 1461 2717 mines
1492 2687 1695 2719 dirimantur.
1740 2685 1835 2725 Quod
1866 2686 1967 2727 igitur
1998 2688 2095 2717 miser
2129 2687 2190 2717 iste
2221 2687 2321 2718 vitam
