2551 3044
139 200 201 231 485

137 293 219 325 oculi
250 293 322 324 mei.
365 292 476 331 Neque
507 288 669 322 ambulavi
701 289 732 318 in
764 288 906 328 magnis:
938 297 1042 326 neque
1067 287 1099 317 in
1126 288 1127 321 ζ

600 330 727 370 Quibus
758 330 865 361 verbis
897 334 1035 360 testatur
1065 340 1098 360 se
1125 331 1127 340 ¹

136 335 336 367 mirabilibus
366 344 464 374 super
494 343 554 364 me.

137 389 196 410 sua
217 377 399 410 conditione
423 382 454 407 et
477 375 538 406 sibi
560 374 655 406 factis
678 371 943 412 promissionibus
966 377 1099 403 conten-

138 426 224 457 tum,
258 419 340 451 nihil
373 428 487 449 ausum
521 426 592 448 csse
624 425 727 454 neque
765 415 903 446 voluisse
937 414 1125 453 suscipere,

138 470 266 503 praeter
291 462 351 493 Dei
374 459 580 491 mandatum:
603 458 658 489 sed
682 458 801 488 factum
825 467 895 488 esse
916 457 999 488 sicut
1021 466 1098 496 pue·
1124 477 1125 483 η

137 516 209 536 rum
230 504 323 535 modo
341 503 380 533 ab
403 502 554 533 uberibus
577 501 688 531 matris
712 499 896 539 depulsum:
920 504 951 529 et
973 509 1042 530 sese
1066 500 1098 530 in

137 558 174 579 ea
203 545 400 579 continuisse
430 543 598 582 modestia,
630 549 668 573 ut
690 542 772 573 nihil
795 542 882 572 ultra
905 541 1098 581 patefactam

136 590 198 622 sibi
231 589 292 620 Dei
330 587 532 619 voluntatem
567 584 700 626 aggredi
735 584 880 616 voluerit.
938 583 1097 615 Davidem

135 632 234 673 igitur
244 631 307 662 ista
319 629 523 661 retinuerunt
535 639 576 659 ne
591 629 625 659 in
639 627 774 660 Saulem
793 627 913 659 faceret
931 626 1097 665 impetum,

135 673 196 706 etsi
225 672 346 704 multae
376 671 536 711 speciosae
560 671 701 702 rationes
725 670 816 701 illum
840 669 1035 701 videbantur
1058 669 1097 699 ad

135 716 335 748 contrarium
364 714 534 746 cohortari.
579 713 663 745 Nam
693 723 756 743 non
781 719 934 752 tanquam
957 711 1098 742 latrones

135 767 191 790 aut
220 758 327 790 sicarii
359 757 477 788 milites
507 756 607 797 ipsius
631 755 737 796 ipsum
760 754 1017 795 alloquebantur,
1041 754 1097 785 sed

133 801 287 841 speciosis
327 800 503 831 rationibus
547 799 719 830 veritatem
765 798 849 828 tueri
895 796 1097 834 videbantur,

132 854 232 884 quum
252 842 424 874 aDomiuo
437 841 569 873 Saulem
594 841 628 872 in
641 840 778 872 Davidis
801 850 917 871 manus
940 838 1096 870 traditum

132 887 285 926 dicerent,
313 892 345 916 et
369 896 402 916 re
432 885 502 924 ipsa
524 883 632 915 Deum
655 883 761 923 palam
784 883 889 915 faeere
912 882 1049 913 electum
1080 894 1097 912 a

132 940 166 961 se
194 927 353 960 Davidem
383 927 423 958 ad
453 928 574 967 regiam
604 925 794 966 dignitatem
825 926 940 957 vocari.

133 981 232 1012 quum
252 971 286 1002 in
304 969 446 1001 medium
465 969 607 1000 afferunt
619 968 682 999 Dei
705 968 920 1005 autoritatem,
945 967 1095 998 eandem-

133 1025 196 1054 que
227 1013 346 1053 duplici
373 1013 488 1043 fultam
518 1011 719 1048 testimonio,
751 1011 850 1042 verbo
880 1010 1036 1041 nimirum
1067 1020 1097 1040 et

133 1057 226 1097 signo
253 1056 456 1093 confirmant,
486 1054 585 1086 verbo
614 1054 746 1094 inquam
772 1054 904 1085 Domini
934 1063 992 1092 per
1022 1063 1096 1093 pro—

133 1099 265 1139 phetam
295 1098 466 1137 praedicto,
497 1103 529 1129 et
551 1097 654 1137 signo,
685 1096 770 1136 quod
794 1096 885 1127 Deus
909 1095 1040 1127 Saulem
1064 1096 1096 1126 in
1123 1128 1125 1143 ὲ

133 1141 319 1182 speluncam
358 1140 451 1171 illum
489 1140 594 1171 solum
637 1138 813 1170 adductum
846 1138 968 1170 Davidi
1002 1138 1098 1169 tradi-

134 1185 242 1223 disset,
273 1183 357 1215 veris
387 1183 448 1214 niti
479 1182 670 1214 videbantur
700 1182 886 1213 rationibus.
931 1181 1020 1211 Hinc
1043 1181 1098 1211 ad-

133 1236 301 1258 monemur
331 1226 394 1257 Dei
429 1225 657 1266 promissiones
686 1224 720 1255 in
749 1234 843 1255 usum
874 1228 1021 1255 nostrum
1053 1225 1098 1254 ita

132 1274 330 1309 convertere,
361 1273 394 1299 et
423 1278 634 1308 quaecunque
662 1267 701 1298 ab
724 1267 794 1307 ipso
818 1267 972 1298 beneficia
995 1267 1095 1306 perci-

131 1313 238 1352 pimus
257 1311 297 1342 ad
316 1316 446 1342 nostrae
470 1310 584 1342 salutis
607 1310 895 1347 conservationem,
918 1314 955 1340 ut
977 1313 1097 1340 rectam

132 1364 259 1394 semper
281 1354 369 1385 viam
392 1354 590 1390 insistamus,
617 1358 650 1383 et
673 1363 714 1384 ne
737 1352 903 1384 tantillum
927 1351 1055 1392 quidem
1080 1362 1099 1382 a

133 1398 248 1429 semita
291 1396 518 1428 mandatorum
562 1395 783 1427 deflectamus:
830 1405 911 1435 quae
951 1394 1098 1426 fidelibus

133 1439 281 1472 omnibus
307 1439 403 1471 valde
432 1439 612 1470 necessaria
643 1437 789 1470 doctrina
816 1443 874 1469 est.
925 1437 1010 1468 Nam
1040 1447 1095 1468 ex-

133 1483 291 1523 perientia
327 1481 478 1513 docemur
511 1491 608 1521 quam
644 1486 795 1521 prompta
829 1481 897 1512 sint
926 1480 1096 1511 hominum

133 1525 276 1566 ingenia,
304 1535 404 1565 quum
435 1525 552 1556 bonam
582 1524 723 1564 aliquam
749 1534 879 1555 causam
903 1529 1035 1554 tuentur
1058 1523 1097 1554 ad

134 1567 261 1608 quidvis
292 1574 412 1598 temere
441 1566 691 1607 suscipiendum,
725 1577 790 1597 non
821 1566 1035 1603 attendentes,
1066 1565 1097 1596 id

133 1611 194 1642 sibi
222 1610 318 1642 liceat
347 1620 389 1641 an
412 1620 484 1648 non,
511 1620 609 1649 quum
633 1609 694 1640 sibi
717 1609 855 1640 oblatam
879 1609 961 1640 bene
984 1619 1098 1649 geren-

134 1652 194 1684 dae
212 1654 259 1684 rei
277 1653 476 1685 occasionem
495 1652 705 1684 arbitrantur.
727 1652 810 1683 Nam
831 1652 934 1689 aiunt,
956 1651 1099 1691 quando-

135 1695 266 1735 quidem
305 1695 528 1735 opportunitas
567 1701 626 1733 est,
668 1705 767 1735 quare
807 1705 872 1725 non
912 1694 1100 1726 uteremur?

135 1738 260 1769 Verum
283 1737 451 1778 oportebat
473 1737 578 1769 sobrie
601 1744 633 1769 et
655 1748 735 1768 sana
757 1743 866 1768 mente
889 1737 1059 1769 consilium
1084 1748 1102 1768 a

136 1780 208 1812 Deo
226 1786 344 1821 petere,
369 1791 464 1821 seque
483 1780 524 1811 ad
541 1780 643 1820 ipsius
667 1780 867 1812 voluntatem
890 1780 1099 1816 conformare,

135 1823 242 1864 potius
261 1834 358 1863 quam
377 1823 437 1854 hoc
455 1823 508 1855 vel
524 1822 606 1854 illud
628 1831 748 1854 temere
772 1823 953 1863 imaginari.
986 1823 1101 1862 Neque

134 1866 223 1897 enim
253 1876 379 1906 semper
409 1866 455 1897 ita
485 1867 616 1906 sapiunt
639 1866 796 1904 homines,
827 1876 886 1896 nec
908 1871 976 1897 tam
1000 1866 1100 1897 sobrii

134 1914 214 1940 sunt
246 1912 283 1940 ut
313 1919 386 1940 suos
427 1919 539 1940 sensus
568 1909 656 1940 intra
686 1908 775 1940 verbi
809 1908 913 1940 divini
943 1909 1099 1940 terminos

134 1951 306 1983 retineant.
352 1951 400 1982 Eo
419 1951 520 1992 igitur
544 1951 731 1992 diligentius
754 1951 890 1983 Davidis
913 1951 1099 1991 exemplum

134 1993 228 2025 nobis
250 1994 442 2025 intuendum
466 2001 523 2032 est,
550 2000 583 2025 et
604 1994 644 2025 ad
667 2004 763 2025 usum
786 1994 1013 2032 revocandum,
1036 2005 1100 2034 quo

136 2047 246 2068 sumus
274 2042 392 2068 natura
419 2037 644 2077 propensiores
674 2036 715 2068 ad
738 2037 954 2076 peccandum,
984 2047 1099 2077 nempe

135 2079 360 2119 cogitandum,
401 2089 459 2111 nos
496 2080 571 2111 licet
611 2080 807 2120 integritatis
839 2085 870 2110 et
903 2080 1099 2112 sinceritatis

134 2126 262 2153 nostrae
290 2122 477 2153 testimonia
502 2122 690 2154 firmissima
719 2122 906 2159 habeamus,
937 2128 969 2153 et
990 2123 1097 2154 Deum

134 2163 240 2204 ipsum
269 2169 301 2195 et
331 2165 462 2205 angelos
485 2165 586 2196 bonae
609 2165 825 2197 conscientiae
848 2169 977 2196 nostrae
1000 2170 1098 2197 testes

135 2206 290 2238 advocare
330 2208 507 2248 possimus,
547 2208 672 2248 Deique
714 2208 981 2247 promissionibus
1023 2209 1096 2239 freti

136 2249 245 2287 simus,
285 2260 349 2281 non
389 2257 499 2282 tamen
540 2251 655 2282 debere
691 2261 728 2281 eo
763 2251 915 2282 audaciae
950 2261 1096 2291 prorum·

135 2301 211 2331 pere
242 2295 279 2323 ut
310 2297 438 2333 praeter
471 2293 661 2324 mandatum
694 2293 797 2333 ipsius
831 2293 953 2333 aliquid
981 2304 1095 2334 aggre-

135 2333 277 2365 diamur:
325 2336 380 2367 sed
419 2341 540 2367 attente
575 2336 775 2376 perpendere
815 2336 890 2376 quid
929 2337 1097 2376 permittat

135 2375 301 2424 iubeatve:
325 2385 362 2409 ut
380 2379 407 2409 si
425 2389 483 2410 nos
502 2378 653 2419 progredi
674 2379 813 2416 iusserit,
837 2379 1095 2419 progrediamur:

135 2429 188 2450 sm
217 2419 333 2460 miuus,
363 2425 518 2461 tanquam
548 2422 667 2453 vinctis
690 2421 847 2458 manibus,
878 2422 1095 2461 quiescamus:

136 2466 169 2492 et
203 2460 282 2492 nihil
315 2473 355 2494 ex
387 2463 519 2495 arbitrio
553 2465 655 2496 nostri
683 2464 850 2495 voluntate
882 2464 1096 2504 suscipiamus

137 2503 222 2534 ultra
233 2504 295 2535 Dei
312 2505 514 2537 mandatum:
534 2507 588 2538 sed
612 2507 773 2547 patienter
796 2507 897 2547 ipsius
921 2507 1096 2538 voluntatis

135 2546 377 2585 patefactionem
389 2549 631 2589 praestolemur.
666 2550 774 2589 Atque
787 2550 866 2581 haec
878 2559 952 2589 pars
975 2549 1094 2580 silentii
1121 2577 1123 2588 ,

135 2595 193 2625 est,
216 2589 298 2629 quod
319 2600 338 2620 a
359 2591 451 2623 nobis
473 2592 573 2632 ipsius
596 2592 694 2624 verbo
717 2592 920 2623 credentibus
943 2592 1094 2633 postulat.

135 2629 220 2662 Nam
254 2632 312 2663 etsi
346 2643 404 2665 nos
437 2635 469 2664 in
498 2634 625 2666 silentio
654 2635 816 2674 possidere
844 2635 968 2667 animas
997 2635 1095 2674 iubet,
1120 2628 1123 2656 ῗ

778 196 823 226 IN
849 194 874 226 Ι.
901 194 987 226 LBI.
1013 194 1211 227 SAMUEL.
1236 195 1332 228 CAP.
1358 197 1485 228 XXIV.

986 923 1097 963 Quare
1122 941 1124 956 a

2058 199 2120 230 48ss

1154 298 1217 318 non
1254 294 1363 320 tamen
1399 291 1497 321 variis
1525 292 1638 331 agitari
1672 292 1872 331 passionibus
1901 298 1933 322 et
1962 292 2118 323 fluctuare

1153 331 1260 362 animo
1281 332 1352 362 vult
1370 337 1406 363 ut
1429 333 1533 363 solent
1555 334 1727 365 increduli:
1751 334 1806 365 scd
1831 335 1862 364 iu
1886 334 1945 365 hac
1968 333 2118 365 obedien-

1153 373 1197 403 tia
1216 384 1310 412 quam
1330 375 1466 414 requirit
1489 386 1507 406 a
1532 376 1632 412 nobis,
1657 376 1715 408 hoc
1739 376 1921 414 includitur,
1946 382 1981 407 ut
2004 377 2029 407 si
2053 387 2117 416 qua

1153 425 1185 445 se
1216 416 1306 447 uobis
1337 418 1560 457 opportunitas
1591 419 1670 450 benc
1702 420 1748 450 rei
1779 419 1938 459 gerendae
1966 419 2115 450 videatur

1151 458 1268 495 offerri,
1302 469 1366 490 non
1397 461 1504 490 statim
1537 468 1644 491 tamen
1674 461 1764 492 illam
1796 462 1999 501 arripiamus,
2028 461 2113 501 quod

1152 499 1293 547 nondum
1312 501 1409 533 fuisse
1429 502 1519 534 nobis
1544 503 1643 534 aDeo
1666 504 1780 535 factam
1805 510 1995 544 potestatem
2021 505 2115 544 plane

1152 553 1299 574 sciamus.
1332 544 1440 582 Quare
1455 545 1542 577 Deus
1556 557 1613 576 nos
1627 547 1721 577 silere
1742 554 1773 577 et
1794 548 1957 586 quiescere
1975 547 2114 585 iubente,

1152 590 1183 615 et
1217 586 1249 615 in
1285 586 1353 625 ipso
1388 588 1609 626 conquiescere
1644 594 1676 619 et
1709 590 1749 620 ab
1780 589 1880 629 ipsius
1910 589 2114 629 providentia

1152 627 1308 667 pendere,
1339 639 1541 669 summopere
1571 631 1751 662 cavendum
1782 643 1821 662 ne
1853 632 1944 663 nobis
1971 632 2115 663 habenas

1151 670 1297 701 laxemus
1331 671 1371 701 ad
1405 672 1524 711 aliquid
1559 673 1742 704 audendum
1777 674 1860 713 quod
1891 684 1956 705 non
1987 673 2115 705 disertis

1152 713 1258 744 verbis
1271 713 1360 744 Deus
1379 715 1587 755 praeceperit.
1621 716 1734 747 Fidem
1754 717 1855 757 igitur
1874 716 1966 748 nobis
1990 722 2116 757 oportet

1152 756 1236 786 vires
1269 756 1493 795 suppeditare,
1528 759 1642 797 quibus
1675 758 1850 790 humanam
1884 769 2012 790 omnem
2048 760 2115 790 vim

1124 808 1357 837 =superemus,
1398 809 1496 838 quum
1538 801 1701 840 sequenda
1741 807 1790 833 est
1823 801 1956 833 Domini
1991 802 2115 834 vocatio

1151 850 1341 880 quacunque
1361 841 1489 872 tandem
1514 843 1569 873 illa
1594 843 1643 873 via
1668 855 1724 874 nos
1747 844 1894 876 deducat.
1919 844 1962 875 Et
1985 845 2013 875 si
2026 845 2116 876 Deus

1151 893 1214 913 non
1249 882 1346 914 faciat
1379 884 1471 915 nobis
1502 890 1691 925 potestatem
1722 886 1781 918 hoc
1809 887 1859 917 vel
1890 886 1969 917 illud
2001 897 2116 927 aggre-

1151 925 1267 963 diendi,
1288 931 1440 966 tanquam
1459 928 1576 959 vinctis
1595 928 1727 968 pedibus
1746 930 1959 977 manibusque
1978 930 2116 970 gradum

1122 988 1124 1000 3
1150 968 1312 1004 sistamus,
1343 976 1375 999 et
1406 980 1446 1000 ne
1473 969 1574 1001 latum
1606 971 1734 1010 quidem
1759 983 1900 1012 unguem
1923 983 1992 1002 Sine
2015 972 2117 1012 ipsius

1151 1011 1303 1041 mandato
1337 1011 1601 1052 progrediamur:
1635 1013 1688 1044 sed
1725 1015 1884 1053 patienter
1919 1015 2025 1045 Deum
2060 1026 2115 1046 ex-

1150 1058 1339 1092 spectemus.

1235 1096 1287 1126 Ad
1325 1096 1450 1135 reliqua
1490 1098 1551 1127 iam
1589 1104 1792 1129 transcamus
1821 1100 1937 1138 quibus
1965 1099 2114 1131 audimus

1150 1138 1313 1169 Davidem
1336 1139 1469 1170 silenter
1493 1139 1531 1170 ad
1556 1140 1688 1171 Saulem
1712 1142 1917 1173 accedentem
1940 1142 2112 1174 abscidisse

1150 1192 1239 1212 oram
1281 1181 1460 1222 chlamydis
1498 1183 1614 1222 ipsius:
1657 1183 1770 1214 deiude
1804 1185 1879 1215 facti
1914 1185 2114 1224 poenitentia

1151 1224 1283 1255 ductum
1303 1224 1415 1255 fuisse:
1439 1229 1471 1255 et
1489 1225 1563 1256 licet
1582 1236 1601 1256 a
1619 1226 1684 1257 suis
1703 1227 1909 1265 stipatoribus
1932 1227 2113 1265 incitatum,

1151 1277 1217 1298 nou
1235 1267 1377 1307 potuisse
1400 1272 1509 1298 tamen
1532 1268 1608 1299 ullis
1631 1269 1810 1300 rationibus
1834 1269 1948 1301 adduci
1972 1274 2008 1300 ut
2021 1269 2115 1302 Sauli

1153 1309 1306 1340 damnum
1337 1309 1485 1340 inferret:
1517 1311 1595 1350 quin
1619 1311 1715 1342 etiam
1740 1322 1871 1342 suorum
1895 1313 2024 1343 flexisse
2047 1313 2115 1344 ani-

1152 1363 1231 1387 mos,
1262 1352 1316 1391 qui
1339 1353 1429 1392 prius
1452 1353 1557 1383 furore
1581 1353 1736 1384 adversus
1760 1354 1892 1385 Saulem
1915 1355 2112 1387 ferebantur.

1152 1395 1252 1426 Porro
1266 1396 1347 1426 foret
1360 1395 1535 1426 absurdum
1557 1401 1589 1426 et
1609 1397 1805 1435 superfluum
1830 1397 1950 1428 diutius
1973 1402 2005 1429 et
2027 1409 2115 1430 scru-

1153 1437 1295 1477 pulosius
1307 1448 1478 1477 quaerere:
1502 1438 1651 1469 Davidne
1664 1440 1804 1479 peccarit
1822 1450 1911 1470 oram
1934 1440 2115 1481 chlamydis

1153 1479 1263 1512 Saulis
1286 1480 1486 1517 abscindens,
1518 1482 1577 1512 etsi
1601 1482 1655 1520 qui
1679 1481 1792 1512 deinde
1814 1483 1918 1521 ipsum
1942 1484 2113 1523 scrupulus

1153 1522 1334 1554 stimulavit
1363 1523 1440 1554 satis
1470 1523 1610 1554 ostendit
1637 1524 1753 1555 melius
1781 1525 1878 1555 fuisse
1902 1525 2063 1557 facturum
2088 1528 2114 1558 si

1153 1566 1377 1598 abstinuisset:
1415 1571 1638 1597 verumtamen
1676 1567 1737 1606 ipsi
1775 1567 1945 1598 accusandi
1975 1575 2007 1599 et
2038 1580 2114 1600 con-

1155 1608 1329 1640 demnandi
1366 1609 1487 1640 nullam
1527 1609 1725 1640 occasionem
1761 1609 1931 1641 habemus:
1972 1611 2114 1650 quando-

1155 1651 1284 1691 quidem
1314 1651 1422 1691 potuit
1450 1652 1511 1682 tale
1539 1651 1666 1691 aliquod
1697 1652 1834 1683 frustum
1865 1652 2052 1685 abscindere
2079 1655 2115 1686 in

1154 1705 1227 1725 eum
1250 1705 1346 1725 usum
1369 1705 1461 1734 quem
1486 1698 1596 1734 postea
1618 1694 1808 1725 videbimus.
1846 1694 1901 1726 Sic
1923 1696 2008 1726 enim
2022 1696 2115 1728 Sauli

1154 1748 1189 1768 re
1222 1738 1291 1777 ipsa
1325 1742 1478 1768 testatum
1513 1736 1588 1767 fecit
1622 1738 1748 1768 venisse
1781 1737 1884 1777 ipsum
1914 1738 1947 1768 in
1976 1738 2116 1770 Davidis

1154 1784 1347 1820 potestatem
1358 1780 1540 1811 incautum:
1561 1790 1596 1811 ac
1610 1779 1742 1819 proinde
1761 1780 1787 1810 si
1807 1780 1959 1811 voluisset
1977 1782 2118 1820 potuisse

1153 1823 1300 1863 iugulum
1339 1823 1440 1863 ipsius
1476 1821 1642 1853 invadere:
1678 1828 1711 1852 et
1744 1823 1902 1861 reliquum
1936 1824 2115 1856 exercitum

1154 1876 1246 1897 caeso
1276 1865 1356 1896 duce
1388 1865 1538 1896 facillime
1568 1865 1749 1905 profligare.
1793 1865 1877 1895 Nam
1902 1865 2029 1905 alioqui,
2053 1868 2117 1899 nisi

1153 1908 1245 1948 signo
1275 1908 1329 1939 illo
1353 1908 1431 1940 Saul
1455 1907 1652 1945 convinctus,
1682 1917 1846 1946 nunquam
1870 1908 1989 1939 Davidi
2012 1910 2115 1941 credi-

1153 1950 1261 1989 disset,
1284 1951 1410 1983 venisse
1433 1961 1467 1981 se
1488 1950 1523 1981 in
1546 1950 1647 1990 ipsius
1668 1960 1783 1981 manus
1806 1956 1837 1980 et
1859 1951 2052 1982 incolumem
2076 1952 2116 1984 ab

1152 1995 1221 2034 ipso
1251 1994 1435 2025 dimissum:
1466 1993 1589 2023 etiamsi
1613 1994 1732 2023 centies
1756 1993 1863 2023 David
1886 1993 2057 2025 iuravisset
2080 2005 2115 2026 se

1152 2037 1270 2068 milites
1305 2046 1381 2067 suos
1417 2036 1649 2075 compescuisse
1678 2046 1718 2066 ne
1746 2045 1842 2074 quam
1871 2036 1930 2074 ipsi
1961 2036 2113 2068 iniuriam

1151 2080 1325 2110 inferrent:
1349 2085 1380 2110 et
1400 2078 1437 2110 de
1456 2078 1557 2118 ipsius
1575 2078 1762 2117 integritate
1785 2083 1816 2108 et
1839 2078 1901 2108 fide
1925 2078 2113 2119 dubitasset,

1152 2122 1255 2162 deque
1274 2132 1331 2153 sua
1351 2121 1540 2153 crudelitate
1560 2121 1639 2151 nihil
1661 2120 1844 2157 remisisset,
1868 2130 1972 2160 neque
1991 2121 2115 2153 miseri-

1151 2165 1259 2196 cordia
1288 2164 1321 2195 in
1351 2165 1459 2204 ipsum
1490 2174 1565 2194 usus
1597 2164 1717 2193 fuisset.
1763 2162 1874 2201 Quum
1905 2173 1981 2194 vero
2003 2164 2113 2196 David

1150 2208 1293 2247 insignia
1328 2206 1469 2247 protulit,
1503 2211 1535 2236 et
1569 2210 1694 2245 partem
1728 2204 1910 2245 chlamydis
1937 2206 2112 2238 abscissam

1150 2250 1301 2289 ostendit,
1331 2260 1430 2289 quum
1462 2254 1567 2288 posset
1595 2247 1705 2279 eadem
1734 2247 1787 2278 via
1817 2248 1961 2286 iugulum
1985 2249 2111 2280 abscin-

1150 2293 1242 2324 dere:
1268 2292 1348 2324 Saul
1373 2291 1423 2323 vel
1446 2291 1569 2322 invitus
1592 2291 1686 2321 fateri
1709 2289 1791 2330 quod
1815 2290 1934 2330 alioqui
1958 2301 2021 2322 non
2044 2302 2113 2324 ere-

1150 2336 1282 2367 didisset
1312 2340 1438 2366 coactus
1468 2338 1526 2373 est,
1556 2339 1588 2363 et
1617 2333 1784 2364 convictus
1814 2333 1846 2362 in
1870 2343 1904 2364 se
1932 2333 2016 2364 ferre
2039 2344 2112 2365 sen-

1150 2379 1292 2409 tentiam.
1338 2377 1556 2416 Quamobrem
1587 2375 1664 2406 utile
1693 2375 1753 2406 fuit
1777 2375 1895 2406 Davidi
1918 2376 2110 2415 particulam

1148 2421 1236 2452 illam
1267 2419 1449 2460 chlamydis
1478 2418 1682 2455 abscindere,
1720 2417 1853 2457 ideoque
1880 2418 2000 2449 factum
2031 2419 2111 2450 illud

1149 2473 1277 2503 carpere
1296 2473 1358 2493 non
1382 2462 1465 2493 licet.
1495 2460 1588 2500 Quod
1613 2460 1652 2491 ad
1675 2460 1862 2499 scrupulum
1887 2465 1994 2491 autem
2017 2461 2111 2492 illum

1148 2517 1209 2546 quo
1239 2505 1422 2537 stimulatus
1451 2508 1508 2539 est,
1540 2514 1579 2534 ex
1603 2513 1638 2534 eo
1661 2508 1804 2543 apparet,
1835 2504 2013 2534 tentatione
2037 2514 2112 2543 qua-

1149 2549 1221 2580 dam
1251 2548 1405 2588 agitatum
1431 2545 1599 2577 Davidem.
1644 2545 1729 2575 Nam
1757 2545 1817 2576 nisi
1841 2545 1981 2585 aliquem
2004 2557 2111 2578 exces-

1149 2602 1220 2623 sum
1239 2591 1271 2621 in
1291 2601 1324 2621 se
1343 2590 1504 2626 sensisset,
1529 2598 1591 2619 non
1612 2589 1768 2628 potuisset
1791 2588 1864 2619 facti
1887 2588 1974 2619 illius
1997 2590 2109 2629 poeni-

1150 2634 1251 2665 tentia
1283 2632 1356 2664 duci
1386 2632 1418 2662 in
1456 2641 1516 2671 quo
1545 2636 1711 2671 peccatum
1742 2641 1807 2661 non
1839 2636 1917 2662 erat.
1970 2631 2021 2662 Ex
2050 2632 2113 2664 hoc

1856 2680 1906 2707 31*
