2551 3044
407 198 469 227 459

407 300 481 332 gere
506 300 568 321 non
593 296 710 328 posset,
733 288 808 328 quid
834 290 952 320 lactum
977 296 1025 319 est
1050 294 1083 318 ut
1107 287 1284 329 fugientem
1309 300 1371 320 non

407 334 450 364 sit
480 330 692 372 insequutus?
725 331 817 362 facile
845 332 931 362 enim
963 339 1032 362 erat
1063 330 1230 361 hominum
1256 331 1372 363 iudicio

407 374 568 406 Davidem
600 373 814 414 undequaque
845 374 1001 411 clausum,
1033 380 1065 404 et
1088 380 1243 413 tanquam
1268 374 1301 404 in
1326 374 1372 406 la-

406 428 503 458 queos
532 417 710 448 coniectum
744 416 960 465 intercipere?
1007 415 1072 447 Sed
1097 416 1243 447 videmus
1267 417 1372 448 Deum

407 460 508 492 veluti
540 461 573 490 in
599 470 693 490 nares
717 458 826 491 Saulis
850 460 966 490 iniecta
990 459 1090 490 fibula
1113 458 1244 491 duxisse
1268 460 1372 499 ipsum

406 511 438 535 et
461 502 513 533 vel
538 503 676 533 invitum
700 513 718 533 a
742 502 907 542 proposito
931 501 1107 532 reduxisse.
1142 501 1251 540 Quare
1272 502 1373 534 Davi-

406 547 455 577 dis
492 546 566 577 licet
600 545 790 585 patientiam
828 545 914 576 Deus
941 545 1133 584 exercuerit,
1165 555 1263 585 quum
1296 546 1374 576 urbe

405 590 516 629 fugere
554 595 683 619 coactus
713 595 777 623 est,
816 595 849 618 et
879 588 1034 627 profugus
1062 587 1153 618 velut
1182 588 1213 618 in
1246 597 1373 628 apertas

1188 193 1389 225 HOMILIA
1415 193 1613 226 LXXXIII.

406 633 470 672 lupi
501 632 608 662 fauces
639 641 672 661 sc
701 631 868 668 coniicere,
901 630 992 661 Deus
1015 636 1122 661 tamon
1147 631 1192 661 sic
1215 631 1372 662 afflictum
1398 646 1400 653 ν

406 674 616 706 vehementer
651 673 827 710 recreavit,
861 683 934 705 cum
970 673 1040 703 eius
1074 673 1226 704 misertus
1260 681 1307 704 est
1341 681 1373 704 et

407 718 514 749 Saulis
546 717 701 756 impetum
728 716 831 756 fregit,
861 716 915 755 qui
941 715 1106 746 hominum
1131 716 1248 747 iudicio
1274 717 1372 747 Davi-

407 761 478 792 dem
512 759 679 790 videbatur
710 758 860 790 facillime
890 759 922 789 in
953 768 1028 790 suos
1048 759 1175 798 laqueos
1199 758 1373 790 induturus

406 804 431 834 si
467 802 506 833 ab
540 803 666 841 incepto
701 811 759 832 ¹suo
794 812 858 832 non
894 801 1080 833 destitisset.

408 844 526 877 Davidi
559 852 648 875 tutus
682 844 769 875 locus
799 844 839 875 ad
871 844 979 885 fugam
1013 843 1191 881 videbatur,
1221 851 1252 875 et
1285 845 1373 883 urbe,

408 890 551 920 incertus
569 897 632 927 quo
652 888 721 925 iret,
756 886 944 927 profugerat
966 887 1058 926 inops
1081 887 1214 925 consilii,
1242 894 1273 917 et
1296 887 1372 927 quid

407 938 516 971 ageret
540 931 691 966 incertus.
723 928 801 961 Saul
825 936 932 961 autem
955 940 1027 960 cum
1052 930 1207 960 instructo
1231 930 1372 961 exercitu

407 973 568 1005 Davidem
598 973 797 1012 insequutus,
828 982 885 1012 per
915 972 1024 1013 sylvas
1055 976 1088 1003 et
1118 972 1185 1003 loco
1217 973 1290 1003 avia
1314 972 1373 1003 im-

408 1016 514 1048 missis
544 1015 699 1047 adversus
729 1016 834 1055 ipsum
863 1014 1018 1046 militibus
1042 1022 1193 1055 tanquam
1220 1016 1374 1046 venaticis

406 1059 539 1090 canibus
558 1059 613 1098 qui
633 1059 718 1089 ferae
739 1058 875 1099 vestigia
893 1065 1088 1098 premerent,
1107 1058 1222 1097 quibus
1242 1059 1374 1089 canibus

407 1110 439 1133 et
473 1103 549 1132 feris
584 1101 694 1132 bestiis
730 1100 807 1132 Saul
844 1110 908 1131 non
942 1100 1108 1140 indigebat
1142 1100 1180 1131 ad
1215 1100 1371 1131 Davidem

407 1145 524 1176 misere
548 1144 748 1183 laniandum,
772 1143 920 1174 facillime
945 1144 1047 1183 ipsum
1072 1143 1293 1183 oppressisset.
1327 1144 1375 1175 Ac

407 1187 598 1228 plerumque
617 1188 653 1217 fit
673 1193 707 1217 ut
728 1186 822 1217 aulici
842 1186 893 1217 isti
917 1186 1012 1222 servi,
1037 1187 1175 1225 gratiam
1200 1192 1231 1217 et
1255 1187 1373 1217 autori—

408 1235 509 1261 tatem
532 1230 674 1269 aliquam
697 1235 864 1268 venantes,
895 1229 955 1259 etsi
979 1236 1246 1267 momentaneam,
1270 1230 1374 1260 omnis

408 1273 623 1304 humanitatis
655 1271 898 1306 obliviscantur.
929 1279 961 1302 et
984 1279 1136 1311 tanquam
1160 1271 1277 1303 clausis
1300 1282 1373 1303 oeu-

408 1315 464 1354 lis,
505 1315 538 1346 in
573 1324 701 1346 omnem
735 1314 956 1346 crudelitatem
991 1315 1183 1362 praecipites
1216 1315 1371 1351 ferantur,

408 1359 499 1390 cuius
532 1358 656 1388 utinam
689 1368 728 1388 ne
760 1362 807 1388 tot
830 1357 977 1396 exempla
1001 1357 1034 1387 in
1058 1367 1170 1397 regum
1195 1367 1230 1388 ae
1254 1358 1373 1397 princi-

409 1411 487 1442 pum
517 1401 599 1431 aulis
630 1399 772 1440 quotidie
802 1406 1021 1431 cernerentur.
1067 1399 1284 1438 Quamobrem
1309 1411 1372 1431 non

408 1444 523 1475 leviter
556 1443 608 1474 hic
642 1442 914 1483 praetereundum
946 1441 1091 1473 divinum
1124 1442 1279 1473 auxilium
1310 1453 1373 1483 quo

408 1485 598 1518 miraculose
622 1485 729 1516 David
754 1484 864 1516 Saulis
887 1495 1004 1515 manus
1027 1485 1152 1525 effugit,
1181 1491 1211 1516 et
1235 1486 1293 1517 hoc
1317 1497 1373 1517 ex-

408 1528 514 1569 emplo
540 1528 579 1559 D.
604 1528 697 1559 Pauli
727 1527 906 1559 doctrinam
936 1528 1039 1567 magis
1062 1538 1098 1559 ac
1121 1528 1224 1569 magis
1247 1534 1374 1568 oportet

409 1571 604 1608 confirmari,
634 1580 749 1610 nempe
774 1570 880 1601 Deum
907 1580 976 1601 esse
1000 1570 1126 1601 fidelem
1151 1578 1181 1601 et
1206 1581 1372 1611 uunquam

408 1614 644 1654 permissurum
676 1613 786 1644 fideles
818 1612 903 1644 ultra
932 1613 1016 1643 vires
1047 1623 1122 1644 suas
1153 1615 1288 1651 tentari,
1317 1614 1372 1645 sed

408 1656 557 1688 omnibus
584 1657 726 1696 ipsorum
750 1655 977 1687 afflictionibus
1003 1661 1036 1686 et
1059 1657 1226 1696 angustiis,
1250 1657 1373 1688 felicem

409 1700 533 1731 exitum
565 1699 727 1730 daturum.
780 1698 906 1736 Altius,
934 1698 1078 1738 inquam,
1109 1699 1226 1730 animis
1257 1701 1374 1731 nostris

409 1741 575 1782 infigenda
607 1741 754 1773 doctrina
784 1741 846 1771 ista
868 1747 926 1777 est,
959 1741 1046 1771 etin
1074 1741 1198 1773 Davide
1221 1748 1374 1782 tanquam

410 1785 443 1815 in
474 1784 604 1823 speculo
634 1783 883 1824 contemplanda
906 1784 1136 1823 promissorum
1162 1784 1222 1815 Dei
1247 1786 1375 1823 veritas,

408 1838 442 1858 re
462 1827 531 1867 ipsa
551 1826 804 1858 demonstrantis
823 1837 866 1864 se,
890 1826 963 1858 licet
983 1827 1015 1856 in
1035 1827 1189 1866 quaedam
1210 1829 1376 1867 angustias

408 1877 439 1901 et
459 1869 666 1901 difficultates
685 1880 743 1900 nos
766 1869 923 1905 coniiciat,
949 1879 988 1900 ex
1013 1868 1128 1909 quibus
1153 1870 1257 1901 nullus
1282 1870 1376 1902 detur

409 1912 518 1944 exitus
561 1911 729 1943 hominum
763 1911 934 1952 opinione,
977 1911 1191 1943 nihilominus
1224 1913 1376 1944 adiuvare

409 1965 486 1986 suos
517 1960 661 2003 tempore
684 1962 876 1995 opportuno,
908 1965 944 1986 ae
969 1954 1102 1994 proinde
1125 1955 1318 2002 sperandum
1343 1957 1374 1987 in

410 1999 488 2038 ipso,
519 1999 700 2037 quicunque
732 1997 862 2028 tandem
885 2007 978 2029 casus
1002 1998 1193 2038 ingruerint,
1219 2006 1249 2028 et
1273 2000 1376 2030 omnis

410 2041 442 2071 in
474 2041 542 2081 ipso
573 2039 688 2071 fiducia
720 2039 921 2076 collocanda,
961 2040 1027 2070 fore
1058 2046 1092 2070 ut
1124 2051 1181 2071 nos
1213 2052 1376 2081 nunqu-im

410 2084 546 2120 deserat,
569 2082 623 2114 sed
644 2084 677 2114 in
701 2083 837 2114 summis
861 2082 1104 2114 difficultatibus
1129 2082 1268 2115 adiuvet.
1304 2084 1378 2115 Dis-

410 2125 547 2157 cendum
568 2125 707 2165 denique
722 2126 827 2156 Deum
846 2135 940 2165 saepe
961 2126 1147 2164 permittere
1166 2131 1201 2156 ut
1219 2127 1252 2156 in
1272 2127 1378 2157 istius-

411 2168 497 2199 modi
511 2168 718 2200 difficultates
738 2168 926 2206 incidamus,
949 2178 1011 2208 quo
1032 2168 1192 2199 disc-unus
1211 2169 1376 2209 adipsum

411 2212 599 2251 confugere,
628 2218 658 2241 et
690 2211 759 2242 eius
791 2210 963 2242 invocandi
995 2211 1148 2242 maiorem
1177 2212 1376 2243 occasionem

412 2253 606 2293 habeamus,
641 2264 680 2284 ex
715 2254 808 2285 cuius
841 2253 1047 2294 providentia
1079 2259 1111 2285 et
1144 2254 1285 2285 bonitate
1320 2265 1377 2286 nos

411 2296 551 2337 pendere
581 2297 814 2336 cognoscimus.
861 2295 916 2328 Sic
945 2300 1037 2336 pater
1067 2301 1177 2328 noster
1201 2296 1378 2336 Abraham,

411 2339 667 2379 quotiescunque
698 2340 729 2370 in
759 2349 902 2370 summas
932 2339 1100 2380 angustias
1130 2339 1252 2378 incidit,
1282 2346 1315 2370 et
1345 2340 1377 2370 in

413 2383 604 2413 immensam
635 2382 852 2413 tentationum
884 2382 1036 2422 abyssum
1066 2382 1237 2413 immersus
1259 2388 1315 2420 est,
1338 2382 1378 2413 ad

415 2424 519 2455 Deum
559 2426 690 2456 unicum
724 2425 877 2465 perfugit.
930 2425 972 2455 Et
1002 2425 1194 2456 nominatim
1223 2424 1331 2456 iussus
1361 2435 1379 2455 a

414 2467 483 2498 Deo
512 2467 614 2498 filium
645 2478 739 2498 suum
771 2468 903 2499 unicum
934 2467 1082 2499 Isaacum
1113 2468 1309 2505 interficere,
1347 2474 1380 2498 et

414 2510 578 2541 victimam
606 2509 639 2540 in
672 2510 895 2542 holocaustum
924 2511 1049 2547 offerre,
1082 2510 1175 2541 valde
1197 2510 1378 2550 obstupuit:

413 2551 470 2583 sed
511 2557 619 2584 tamen
661 2553 809 2593 exemplo
849 2564 907 2584 suo
941 2552 1071 2588 docuit,
1112 2552 1195 2593 quod
1229 2553 1378 2584 solatium

414 2595 533 2626 nostris
552 2594 702 2627 omnibus
721 2595 813 2627 malis
837 2602 868 2626 et
891 2595 1135 2627 difficultatibus
1157 2594 1377 2635 quaerendum

411 2638 462 2676 sit,
481 2648 579 2678 quum
598 2639 660 2670 ait:
685 2638 843 2670 Dominus
856 2638 1042 2677 providebit.
1076 2637 1172 2678 Quod
1191 2637 1231 2670 ad
1243 2637 1377 2670 Saulem

1137 801 1255 832 Nullus
1288 802 1372 832 enim
1399 793 1400 814 l

2330 194 2393 225 460

1425 289 1551 327 attinet,
1583 298 1683 328 quare
1710 298 1772 318 uon
1804 287 1924 319 oblitus
1947 294 1996 320 est
2019 288 2171 326 malitiae,
2196 294 2230 320 et
2251 299 2307 321 eur
2329 299 2392 320 non

1425 332 1590 363 meliorem
1632 337 1772 362 mentem
1815 330 1942 361 induit?
1998 331 2083 362 Nam
2125 330 2277 371 quamdiu
2312 331 2393 363 vixit

1425 374 1584 406 Davidem
1626 379 1840 413 persequutus
1878 380 1936 411 est,
1976 381 2008 405 et
2049 373 2088 404 ad
2128 381 2263 405 mortem
2299 384 2392 414 quae-

1424 417 1509 448 sivit.
1556 416 1774 454 Quamobrem
1799 415 1930 447 Saulem
1956 422 2090 456 apparet
2112 426 2176 448 non
2201 416 2309 457 aliqua
2333 416 2392 448 hu-

1425 460 1591 496 manitate,
1616 468 1717 496 neque
1737 464 1884 498 respectu
1904 458 2012 499 aliquo
2026 459 2162 490 Davidis
2187 459 2307 491 victum
2332 459 2394 491 iter

1426 502 1601 541 abrupisse,
1631 501 1686 532 sed
1718 512 1736 532 a
1760 500 1829 532 Deo
1861 509 2070 538 coarctatum,
2100 508 2133 533 et
2162 501 2262 533 veluti
2294 501 2394 534 fibula

1426 544 1556 576 naribus
1580 543 1699 575 iniecta
1725 542 1898 575 deductum
1931 545 2033 576 instar
2057 546 2210 584 ferarum,
2235 555 2317 584 quae
2341 555 2393 576 ca-

1427 588 1493 618 veis
1524 586 1668 618 inclusae
1692 596 1857 626 nunquam
1883 593 2031 618 naturam
2055 598 2146 619 suam
2173 594 2311 625 mutant,
2337 587 2393 619 sed

1426 630 1546 661 rabiem
1583 628 1795 668 despumant,
1836 629 1896 660 etsi
1931 635 2039 661 tamen
2073 630 2242 662 conclusae
2277 640 2394 662 nocere

1427 678 1595 712 nequeant.
1641 672 1697 703 Sic
1721 672 1810 703 Deus
1832 671 1965 703 Saulem
1999 672 2097 704 veluti
2123 680 2229 703 oestro
2252 672 2394 704 Satanae

1427 715 1600 754 impulsum
1621 714 1834 754 compescuit:
1859 720 1890 746 et
1908 715 1983 747 licet
2002 715 2110 746 furore
2129 721 2233 746 totum
2254 716 2393 747 fremen-

1426 765 1488 789 tem
1510 758 1555 788 ita
1577 757 1731 795 cohibuit,
1756 764 1791 788 ut
1813 767 1847 788 se
1870 768 2002 789 movere
2026 764 2133 789 tamen
2158 768 2222 788 non
2242 759 2393 798 potuerit,

1426 800 1510 840 quod
1541 800 1698 830 furiosum
1723 800 1885 831 hominem
1911 801 1942 832 vi
1967 811 2024 832 sua
2047 801 2200 832 interiore
2223 808 2393 834 coerceret.

1399 855 1400 878 1
1426 843 1489 874 Hic
1520 842 1707 878 notandum,
1739 843 1882 874 rationes
1915 843 2032 874 multas
2057 842 2162 874 Deum
2197 843 2314 875 habere
2337 854 2395 876 nos

1426 885 1587 921 servandi,
1617 891 1649 916 et
1677 896 1717 916 ex
1746 885 1887 916 hostium
1919 886 2067 917 manibus
2099 885 2273 926 eripiendi,
2311 886 2395 927 quod

1427 928 1576 968 deinceps
1608 927 1753 968 pluribus
1785 928 1982 960 videbimus:
2012 928 2067 960 sed
2098 929 2186 960 istud
2209 929 2394 970 exemplum

1426 972 1458 1002 iu
1473 971 1656 1011 praesentia
1675 971 1770 1002 debet
1788 971 1946 1009 sufficere,
1967 983 2007 1003 ex
2026 982 2088 1011 quo
2108 971 2272 1010 discimus,
2285 971 2394 1004 Deum

1427 1025 1522 1054 saepe
1551 1014 1741 1054 permittere
1764 1021 1798 1044 ut
1823 1013 1932 1045 hostes
1955 1014 2110 1046 adversus
2133 1024 2191 1046 nos
2214 1024 2300 1046 vana
2321 1025 2396 1047 con—

1427 1057 1497 1088 silia
1518 1056 1638 1094 ineant,
1662 1062 1695 1087 et
1713 1057 1854 1088 rationes
1873 1064 2033 1097 quaerant
2044 1056 2160 1097 quibus
2179 1067 2236 1089 nos
2249 1057 2398 1090 funditus

1428 1099 1645 1139 pessumdent,
1670 1105 1702 1130 et
1720 1100 1753 1130 in
1773 1100 1923 1131 ultimum
1949 1100 2084 1131 exitium
2109 1100 2289 1137 coniiciant,
2313 1111 2397 1141 quae

1427 1150 1533 1173 tamon
1574 1142 1683 1173 omnia
1713 1142 1803 1173 Deus
1839 1142 1974 1183 dissipat
2005 1149 2166 1174 momento
2196 1149 2228 1174 et
2255 1142 2396 1175 nubibus

1426 1186 1518 1216 irrita
1549 1184 1656 1216 donat.
1703 1187 1809 1225 Atque
1841 1185 1948 1217 hostes
1979 1185 2107 1225 quidem
2132 1185 2233 1223 Deus,
2264 1186 2290 1217 si
2314 1186 2394 1223 vult,

1428 1229 1600 1259 immutare
1630 1234 1745 1267 potest,
1779 1234 1810 1258 et
1841 1228 1926 1268 ipsos
1957 1228 2049 1268 lupos
2078 1229 2111 1258 in
2143 1239 2244 1269 agnos
2266 1233 2298 1259 et
2318 1239 2394 1260 oves

1428 1270 1670 1302 transformare.
1715 1270 1779 1302 Sed
1813 1282 1877 1301 non
1909 1281 2036 1311 semper
2064 1272 2150 1308 facit,
2181 1270 2264 1310 quod
2296 1272 2395 1303 variis

1427 1313 1530 1345 modis
1562 1323 1620 1344 nos
1650 1313 1704 1343 ille
1735 1323 1827 1344 suam
1857 1313 2102 1345 beneficentiam
2135 1314 2214 1345 velit
2242 1315 2394 1354 experiri.

1427 1356 1511 1387 Nam
1542 1366 1641 1396 quum
1665 1355 1755 1387 Deus
1785 1356 1894 1388 hostes
1925 1362 2049 1388 nostros
2072 1357 2232 1394 immutat,
2255 1357 2395 1397 gratiam

1426 1399 1555 1439 quidem
1594 1406 1625 1430 et
1656 1399 1834 1430 bonitatem
1866 1399 1968 1439 ipsius
1996 1400 2154 1431 sentimus
2184 1399 2394 1440 singularem,

1427 1450 1458 1473 et
1488 1452 1569 1482 quae
1599 1451 1750 1481 magnam
1780 1441 1870 1473 nobis
1900 1441 2056 1473 laetitiam
2087 1442 2203 1473 afferre
2231 1442 2337 1473 debet:
2368 1444 2395 1474 si

1427 1484 1554 1525 quidem
1590 1484 1745 1524 quidquid
1783 1485 1815 1515 in
1850 1485 1933 1516 votis
1961 1484 2079 1516 habere
2110 1494 2276 1525 possemus
2305 1485 2397 1517 nobis

1427 1527 1596 1567 contingit,
1627 1528 1717 1558 factis
1748 1528 1860 1559 amicis
1882 1527 1921 1559 iis
1945 1528 1999 1568 qui
2023 1537 2082 1559 nos
2105 1533 2202 1558 antea
2223 1537 2396 1577 perseque-

1428 1571 1555 1602 bantur.
1604 1570 1726 1601 Verum
1756 1576 1789 1601 et
1818 1570 1882 1602 alia
1912 1571 2035 1602 ratione
2066 1570 2326 1602 benevolentiam
2351 1571 2396 1611 ip-

1428 1614 1495 1644 sius
1533 1613 1737 1653 experimur,
1777 1619 1814 1644 ut
1841 1619 1873 1644 et
1903 1613 2030 1645 diabolo
2061 1618 2092 1644 et
2120 1612 2269 1644 omnibus
2296 1613 2397 1654 ipsius

1428 1656 1586 1687 ministris
1615 1655 1770 1687 audacter
1800 1655 2002 1694 insultemus,
2033 1660 2066 1687 et
2090 1656 2160 1687 Deo
2191 1655 2314 1696 gratias
2338 1656 2397 1687 im-

1429 1698 1581 1730 mortales
1616 1709 1712 1739 agere
1745 1697 1907 1730 discamus
1937 1709 1976 1730 ex
2008 1699 2127 1736 animo,
2162 1708 2260 1739 quum
2290 1698 2398 1736 hostes

1428 1742 1482 1782 qui
1512 1741 1658 1773 faucibus
1689 1742 1809 1781 apertis
1839 1747 1985 1773 nostrum
2014 1742 2205 1781 sanguinem
2236 1741 2398 1778 sitiebant,

1428 1790 1459 1816 et
1489 1785 1619 1816 iamiam
1651 1784 1802 1815 laniaturi
1834 1795 1892 1816 nos
1917 1783 2118 1822 videbantur,
2142 1784 2189 1815 sic
2211 1784 2342 1816 cohibet
2363 1784 2397 1816 vi

1428 1838 1486 1859 sua
1515 1827 1654 1867 quadam
1683 1837 1810 1865 arcana,
1841 1832 1879 1858 ut
1908 1837 1949 1858 ne
1980 1837 2110 1858 movere
2133 1837 2167 1858 se
2190 1826 2320 1867 quidem
2343 1827 2398 1858 ad·

1430 1881 1542 1902 versus
1575 1881 1632 1901 nos
1660 1870 1798 1910 possint,
1833 1869 1910 1901 lieet
1939 1870 2149 1901 vehementer
2178 1874 2337 1910 expetant
2367 1876 2398 1901 et

1429 1919 1596 1945 conentur.
1639 1913 1709 1944 Hoc
1733 1913 1832 1953 igitur
1855 1912 2064 1953 conspicuum
2089 1912 2237 1953 exemplo
2250 1912 2400 1951 Davidis,

1429 1967 1523 1997 quem
1548 1955 1627 1987 Saul
1659 1955 1798 2004 quidem,
1819 1956 1966 1995 persequi
1993 1966 2055 1986 non
2079 1955 2212 1994 destitit,
2235 1955 2290 1987 sed
2315 1966 2398 1987 nun-

1429 2010 1524 2038 quam
1550 2006 1659 2029 tamen
1682 1998 1714 2028 in
1740 1998 1840 2038 ipsius
1863 2009 1978 2029 manus
2002 1998 2112 2030 venire
2135 1998 2223 2029 Deus
2243 1998 2398 2038 permisit.

1430 2041 1547 2073 Nullus
1582 2051 1658 2072 vero
1693 2041 1745 2072 hic
1780 2041 1927 2072 fortunae
1961 2040 2050 2072 locus
2083 2046 2141 2072 est.
2198 2040 2282 2072 Nam
2312 2041 2398 2081 quod

1430 2089 1504 2116 ante
1523 2084 1663 2115 diximus
1676 2083 1838 2115 Davidem
1858 2094 1931 2115 eum
1954 2084 2022 2115 suis
2045 2083 2201 2115 militibus
2224 2089 2397 2115 exeuntem

1429 2127 1521 2159 Oeila
1548 2126 1649 2158 fuisse
1673 2132 1827 2167 vagatum
1851 2127 2020 2164 incertum,
2051 2126 2146 2157 debet
2168 2125 2206 2157 de
2228 2126 2397 2158 hominum

1429 2171 1580 2210 opinione
1608 2169 1765 2210 intelligi,
1801 2168 1918 2209 quibus
1949 2169 2057 2200 David
2087 2170 2179 2209 inops
2208 2168 2334 2200 consilii
2365 2174 2398 2201 et

1431 2213 1571 2244 incertus
1602 2213 1711 2252 vagari
1737 2211 1922 2243 videbatur:
1953 2211 2211 2252 quandoquidem
2232 2222 2274 2242 ex
2296 2211 2397 2243 saeris

1431 2255 1650 2286 monumentis
1694 2254 1846 2286 discimus
1890 2253 2051 2286 Davidem
2095 2254 2204 2285 omnia
2245 2253 2398 2286 facillime

1431 2308 1600 2345 superasse
1623 2297 1768 2338 pericula
1792 2297 1853 2328 Dei
1877 2297 2031 2328 nimirum
2055 2297 2186 2328 auxilio.
2232 2296 2316 2328 Nam
2339 2296 2398 2328 ho-

1432 2341 1555 2371 minum
1585 2340 1652 2371 vita
1682 2340 1786 2380 posita
1814 2344 1865 2371 est
1892 2340 1924 2371 in
1955 2340 2016 2371 Dei
2047 2350 2163 2370 manu:
2196 2349 2233 2371 ac
2262 2338 2397 2388 preinde

1431 2389 1554 2413 certum
1585 2388 1634 2414 est
1664 2393 1704 2414 ne
1735 2382 1886 2422 capillum
1911 2382 2040 2430 quidem
2064 2382 2178 2422 capitis
2200 2382 2271 2414 sine
2293 2381 2397 2422 ipsius

1432 2426 1598 2456 voluntate
1617 2435 1776 2457 casurum.
1811 2424 1924 2465 Neque
1942 2425 2028 2457 enlm
2052 2425 2112 2456 ista
2126 2424 2245 2456 Davidi
2269 2429 2395 2456 tantum

1431 2468 1645 2508 conveniunt,
1683 2467 1738 2500 sed
1772 2468 1923 2500 omnibus
1954 2467 2101 2499 fidelibus
2130 2467 2333 2500 scribuntur:
2365 2472 2397 2498 et

1430 2510 1502 2541 istis
1532 2510 1695 2548 docentur,
1727 2510 1798 2541 Deo
1827 2521 1898 2542 sese
1927 2511 2128 2543 committere
2158 2516 2190 2542 et
2219 2509 2257 2541 ad
2289 2510 2395 2550 ipsum

1431 2552 1627 2584 difficillimis
1649 2554 1746 2584 rebus
1768 2554 1951 2594 confugere,
1974 2563 2054 2593 quos
2076 2563 2134 2584 suo
2158 2551 2318 2592 praesidio
2330 2557 2397 2584 tue-

1431 2600 1484 2626 tur
1513 2603 1542 2626 et
1574 2606 1613 2626 ex
1644 2596 1793 2627 omnibus
1825 2597 1976 2637 periculis
2005 2595 2100 2626 eruit.
2144 2595 2192 2627 Ac
2221 2595 2296 2627 licet
2318 2605 2396 2626 non·

1431 2648 1596 2677 nunquam
1619 2638 1724 2670 hostes
1744 2639 1889 2671 veritatis
1908 2639 1940 2670 in
1961 2648 2018 2670 nos
2041 2638 2180 2678 aliquam
2203 2642 2393 2678 potestatem
