2551 3044
144 183 207 215 469

142 277 239 309 risse:
263 277 318 309 sed
342 277 466 308 animes
489 275 635 316 Ziphaeis
658 274 793 313 dedisse,
819 280 853 306 ut
878 276 1015 315 vestigia
1038 275 1104 306 Da·

143 320 226 352 vidis
250 324 527 360 persequerentur,
551 323 586 348 ut
605 317 707 358 possit
730 317 798 357 ipse
818 317 920 348 tutius
940 317 1103 348 hominem

145 363 269 404 insequi
292 367 323 394 et
347 361 481 401 vestigia
505 369 665 400 premere:
691 370 727 391 ac
751 360 950 400 praecepisse
972 366 1006 390 ut
1018 359 1057 390 ad
1071 372 1104 391 sc

144 448 309 480 scanderet
332 446 370 477 ad
395 455 448 476 eos
471 449 502 475 et
526 444 688 475 Davidem
720 445 986 484 apprehenderet.
1032 445 1104 476 Hoc

145 500 222 522 vero
245 489 376 521 consilio
400 487 534 518 faciebat
554 493 588 517 ut
607 491 712 526 posset
731 497 787 526 per
807 488 907 518 otium
927 488 1103 519 exereitum

145 533 304 573 colligere,
330 540 427 570 quare
452 540 515 560 non
540 529 762 560 arbitrandum
787 534 836 561 est
859 530 950 560 illum
975 541 1103 570 procra-

144 575 295 610 stinasse,
331 582 424 613 quem
456 576 550 603 antea
581 571 729 603 videmus
758 572 865 604 furore
896 578 928 604 et
963 573 1104 604 amentia

144 618 313 658 flagrasse:
338 615 392 646 sed
411 614 512 654 ipsius
531 614 632 645 furori
646 614 735 646 Deus
750 625 873 646 moram
887 615 1006 653 iniecit,
1027 615 1103 646 dum

142 659 274 692 consilio
305 669 355 689 res
385 667 459 689 suas
487 667 677 697 promovere
707 658 880 698 cogitavit,
912 663 943 689 et
973 658 1103 690 incauta

142 703 190 734 ira
213 700 375 733 Davidem
404 701 595 740 opprimere,
628 710 668 731 ne
700 700 801 740 possit
825 711 842 731 e
865 701 931 732 suis
956 701 1104 732 manibus

142 744 242 776 elabi:
274 749 306 775 et
329 744 451 774 interea
472 741 578 773 David
610 746 739 783 tempus
769 743 808 773 ad
838 743 1040 774 evadendum
1066 743 1104 774 de

142 787 360 828 Ziphaeorum
385 785 563 825 prodit-ione
583 784 767 816 admonitus
790 785 911 816 habuit.
936 786 1008 817 Etsi
1029 796 1104 817 vero

142 831 246 871 potuit
268 829 401 860 nuntius
423 828 476 858 ille
500 827 640 858 humano
659 828 791 859 consilio
815 829 852 858 ad
876 829 1033 860 Davidem
1055 839 1104 859 ve-

141 874 222 913 nire,
254 876 360 903 tamen
392 870 500 901 divina
531 870 736 909 providentia
759 870 899 902 Davidis
929 872 1104 902 miserente

141 915 276 947 missum
299 923 467 955 persuasos
489 922 558 943 esse
577 923 634 944 nos
658 918 792 952 oportet.
818 913 919 945 Porro
938 925 1002 945 non
1026 914 1104 954 legi·
1130 909 1131 919 ¹

141 969 213 990 mus
232 957 284 989 hie
302 966 463 988 summum
477 955 674 987 sacerdotem
693 956 865 995 quidquam
890 957 950 997 ipsi
970 967 1103 997 respon-

141 1044 206 1075 tius
225 1043 276 1074 ille
290 1041 415 1072 delatus
429 1045 492 1072 est:
518 1045 733 1072 veruntamen
753 1041 834 1072 nihil
854 1041 959 1073 obstat
978 1043 1102 1082 quomi-

140 1097 202 1118 nus
221 1095 337 1117 areana
351 1084 409 1115 Dei
429 1083 631 1123 providentia
651 1088 753 1114 totum
773 1084 859 1115 istud
873 1085 1101 1116 administarit.

140 1128 235 1160 Unde
254 1132 385 1168 apparet
405 1137 438 1157 re
460 1126 529 1166 ipsa
542 1136 654 1157 verum
676 1127 760 1166 quod
780 1127 873 1158 initio
893 1127 971 1166 dixi,
997 1128 1102 1159 Deum

142 1171 295 1203 nimirum
326 1169 479 1209 periculis
502 1169 651 1200 omnibus
675 1170 793 1201 nostris
825 1169 951 1201 obviam
975 1171 1021 1201 ire
1045 1181 1102 1201 sua

141 1212 358 1254 providentia:
383 1213 452 1243 sine
470 1211 561 1243 cuius
581 1211 679 1242 ductu
698 1217 729 1242 et
748 1212 898 1252 auspiciis
911 1224 951 1244 ne
971 1223 1102 1253 passum

141 1257 268 1297 quidem
299 1265 490 1295 promovere
521 1264 698 1294 possemus,
730 1260 761 1285 et
791 1265 873 1295 quae
903 1255 1047 1287 labantes
1070 1261 1102 1287 et

139 1300 277 1331 incertos
299 1298 397 1328 etiam
416 1297 554 1328 sustinet
576 1308 615 1327 ne
636 1297 729 1336 plane
748 1308 945 1330 corruamus.
970 1298 1025 1330 Sic
1049 1298 1102 1330 ad-

123 1335 298 1373 ¹monitum
323 1340 481 1371 Davidem
506 1340 558 1370 hie
589 1339 627 1370 de
651 1340 759 1371 Saulis
783 1340 925 1372 adventu
954 1341 1100 1382 legimus,

140 1389 176 1416 ut
199 1383 260 1415 sibi
283 1382 472 1415 consulendi
496 1382 635 1422 spatium
664 1383 822 1415 habuerit.
864 1384 959 1416 Hanc
983 1385 1101 1416 doctri-

141 1437 214 1458 nam
239 1427 320 1457 serio
344 1425 545 1461 meditemur,
570 1430 601 1455 et
624 1435 836 1466 agnoscamus
860 1437 917 1457 nos
941 1427 1025 1466 quod
1049 1438 1103 1458 na-

141 1475 214 1501 tura
244 1468 329 1500 caeci
363 1468 462 1499 simus
493 1478 511 1498 a
542 1468 611 1498 Deo
642 1469 710 1509 regi
737 1475 893 1509 oportere,
924 1469 1007 1509 quod
1035 1481 1101 1500 non

141 1512 300 1553 possimus
336 1511 446 1550 procul
484 1510 651 1542 oculorum
684 1512 783 1543 aciem
819 1512 1005 1551 extendere,
1040 1513 1101 1544 nisi

141 1554 250 1587 oculos
263 1553 433 1593 aperuerit.
455 1553 500 1584 Et
519 1553 593 1584 licet
611 1554 754 1592 pericula
773 1555 850 1585 satis
870 1565 1102 1595 cognoscamus

142 1597 354 1632 imminentia,
382 1597 540 1627 rationem
570 1600 678 1627 tamen
711 1597 765 1627 illa
789 1597 935 1637 fugiendi
960 1609 1022 1629 non
1047 1598 1102 1629 ha-

142 1640 282 1678 beamus,
308 1639 368 1670 nisi
392 1649 523 1670 manum
548 1639 615 1678 ipse
639 1641 791 1680 porrigat,
813 1646 845 1670 et
864 1641 950 1671 viam
971 1641 1102 1681 aperiat..

142 1682 251 1722 Quare
274 1681 434 1713 discamus
463 1681 498 1712 in
526 1681 595 1721 ipso
619 1683 844 1722 conquiescere
875 1688 907 1713 et
929 1684 975 1714 sic
997 1684 1102 1723 ipsum

142 1726 294 1756 invocare
316 1725 350 1755 in
371 1724 538 1764 angustiis,
562 1728 599 1754 ut
617 1725 755 1756 sciamus
775 1725 985 1757 nihilominus
998 1727 1103 1766 ipsum

143 1778 253 1808 preces
276 1772 402 1798 nostras
432 1767 630 1806 praevenire,
664 1778 765 1808 neque
795 1774 982 1808 exspectare
1005 1770 1104 1801 donec

144 1810 183 1841 ad
208 1810 313 1851 ipsum
337 1809 567 1850 confugiamus.
613 1809 696 1841 Nam
720 1821 816 1851 saepe
839 1811 913 1842 dum
938 1812 1104 1843 stertimus

143 1863 200 1893 pro
223 1852 314 1883 nobis
337 1852 427 1883 illum
452 1856 578 1892 oportet
601 1852 746 1893 vigilare.

229 1895 400 1927 Caeterum
421 1896 480 1926 etsi
494 1895 632 1926 Davidis
644 1896 731 1927 salus
745 1896 912 1937 desperata
924 1896 1103 1935 videbatur,

142 1938 353 1969 nihilominus
375 1943 482 1969 tamen
507 1938 612 1969 Deum
635 1938 809 1976 invocavit,
833 1939 1103 1980 quemadmodum

142 1981 279 2021 ipsemet
301 1981 354 2012 Ps.
378 1980 421 2012 34
443 1991 534 2021 quem
560 1981 599 2011 de
622 1981 682 2013 hac
706 1981 840 2013 historia
863 1983 1000 2023 scripsit,
1025 1983 1103 2014 satis

144 2028 254 2064 aperte
282 2028 435 2055 testatur:
471 2022 526 2054 ubi
555 2034 629 2055 suas
663 2025 858 2057 tentationes
893 2025 1103 2066 gravissimas

143 2066 305 2107 exprimit,
335 2066 450 2106 quibus
474 2066 519 2097 sic
545 2077 736 2098 concussum
760 2079 794 2099 se
818 2068 940 2099 fatetur
963 2073 994 2099 et
1018 2077 1104 2099 metu

145 2119 181 2140 ac
202 2108 376 2140 formidine
399 2119 592 2149 suspensum
612 2114 643 2141 et
661 2110 738 2150 quid
762 2121 796 2141 se
816 2111 932 2142 misero
957 2111 1105 2142 futurum

145 2156 231 2183 esset
248 2152 484 2192 ingnorantem,
508 2156 545 2182 ut
563 2162 597 2183 se
612 2157 720 2183 tamen
740 2153 780 2184 ad
793 2153 900 2185 Deum
919 2154 1105 2194 confugisse

146 2194 344 2233 profiteatur.
388 2194 475 2226 Hinc
498 2194 572 2225 illae
602 2195 705 2234 ipsius
728 2195 768 2226 ad
792 2195 970 2227 Dominum
995 2207 1104 2228 voces:

146 2235 277 2267 Domine
297 2247 386 2268 serva
408 2248 455 2269 me
476 2237 511 2267 in
533 2238 654 2269 nomine
677 2241 736 2277 tuo,
760 2241 786 2269 et
803 2239 838 2270 in
856 2239 967 2271 virtute
988 2242 1042 2270 tua
1059 2249 1106 2270 me

146 2278 258 2310 iudica.
282 2278 406 2317 Quibus
430 2280 535 2311 verbis
559 2281 700 2320 primum
723 2292 792 2312 sese
816 2286 918 2313 totum
939 2282 1008 2313 Deo
1032 2293 1104 2322 per-

147 2320 253 2358 mittit,
277 2321 360 2361 quod
384 2322 422 2353 de
445 2334 478 2354 se
502 2328 533 2353 et
552 2323 620 2354 vita
639 2333 697 2355 sua
715 2323 884 2355 videretur
903 2330 1009 2356 actum
1025 2335 1103 2356 esse.

147 2362 274 2394 Deinde
298 2364 506 2396 nihilominus
529 2376 562 2396 se
586 2376 651 2397 non
670 2371 790 2398 temere
814 2377 919 2407 neque
941 2367 979 2399 de
1003 2368 1105 2398 nihilo

147 2405 187 2436 ad
217 2405 324 2437 Deum
353 2408 523 2449 confugere
553 2407 660 2447 docet,
691 2420 789 2449 quum
820 2420 889 2441 sese
919 2410 1013 2441 offert
1045 2411 1105 2450 ipsi

146 2446 364 2490 iudicandum,
393 2455 426 2481 et
454 2451 532 2491 petit
555 2455 593 2482 ut
615 2451 793 2483 secundum
815 2463 906 2484 suam
936 2453 1105 2493 integrita-

147 2495 211 2520 tem
246 2490 284 2522 de
317 2501 413 2523 causa
441 2504 498 2524 sua
529 2494 617 2525 Deus
647 2495 728 2526 ferat
760 2496 965 2527 sententiam.
1011 2495 1105 2534 Quod

147 2531 281 2573 dignum
312 2539 360 2565 est
389 2534 624 2568 observatione.
666 2537 749 2568 Nam
779 2548 873 2578 saepe
904 2539 998 2569 multi
1030 2543 1107 2570 sunt

147 2575 226 2607 satis
245 2575 379 2608 audaces
402 2582 434 2609 et
455 2578 658 2618 impudentes
689 2579 728 2611 ad
751 2580 857 2612 Deum
881 2581 1106 2618 invocandum,

148 2627 228 2657 quos
251 2622 358 2651 tamen
381 2620 407 2651 si
431 2630 556 2652 summo
578 2621 649 2654 iure
673 2633 748 2654 eum
771 2623 850 2663 ipsis
873 2623 963 2655 Deus
987 2629 1106 2665 ageret,

765 181 811 212 IN
837 182 862 212 I.
887 181 975 212 LIB.
998 181 1197 215 SAMUEL.
1222 184 1319 217 CAP.
1344 186 1477 217 XXIII.

1161 368 1282 393 vocent.

145 410 396 441 reverterentur,
427 409 496 434 tum
527 404 593 433 fore
626 407 661 432 ut
684 413 756 433 cum
781 403 846 433 suis
871 403 1027 433 militibus
1050 402 1103 433 dc·
1131 398 1133 416 ¹¹

2056 188 2119 219 410

1158 281 1281 307 certum
1313 285 1362 309 cst
1391 280 1507 310 mereri
1537 280 1654 311 millies
1683 281 1715 311 in
1747 281 1898 321 abyssum
1931 281 2117 313 divinorum

1158 318 1348 351 iudiciorum
1380 321 1515 359 detrudi,
1548 323 1632 362 quod
1663 323 1742 354 falso
1774 324 1904 355 nomine
1935 323 2043 355 Deum
2068 325 2118 355 in-

1336 363 1493 395 Davidcm
1528 365 1627 405 igitur
1660 367 1866 397 observemus
1901 366 2118 399 exauditionis

1158 414 1234 434 suae
1259 405 1504 437 fundamentum
1530 418 1648 447 ponere
1678 409 1835 439 iustitiam
1865 419 1955 440 suam
1981 415 2011 440 et
2032 410 2118 440 vitae

1159 446 1394 486 integritatem:
1424 459 1521 488 quam
1549 450 1588 480 ob
1613 460 1741 482 causam
1772 451 1905 483 iudicari
1936 462 1970 482 se
2000 462 2019 482 a
2048 451 2118 483 Deo

1158 490 1315 528 postulat:
1350 492 1438 530 quasi
1475 492 1593 523 diceret
1627 504 1660 524 se
1692 504 1755 524 non
1788 494 1938 525 invocare
1970 494 2001 524 in
2032 494 2118 526 mala

1158 541 1253 562 causa
1266 532 1373 563 Deum
1392 538 1573 573 patronum,
1599 541 1632 566 ut
1652 546 1746 576 saepe
1765 536 1858 567 multi
1879 536 1985 567 Deum
2005 542 2118 568 eontra

1158 574 1208 604 ius
1238 585 1331 606 omne
1363 580 1393 606 ct
1423 586 1559 616 aequum
1592 579 1700 609 favere
1738 578 1797 609 sibi
1833 579 1865 609 in
1900 579 1986 610 mala
2019 589 2117 611 causa

1159 624 1328 656 exoptant,
1365 624 1395 648 ct
1429 620 1495 649 suis
1525 621 1757 659 cupiditatibus
1792 626 1824 652 ct
1857 622 2118 662 corruptionibus

1131 679 1133 700 ;
1158 659 1281 691 subiici.
1313 660 1378 691 sod
1404 661 1508 692 David
1533 673 1566 693 se
1592 664 1659 693 Deo
1682 664 1933 695 examinandum
1958 665 2118 704 proponit,

1158 708 1189 731 et
1202 708 1303 742 rogat,
1329 708 1362 733 ut
1375 712 1469 734 causa
1483 706 1610 745 cognita
1623 706 1814 736 sententiam
1830 713 1982 747 tanquam
1997 717 2119 746 aequus

1158 744 1253 775 iudex
1279 745 1367 776 ferat.
1395 746 1522 777 Interea
1544 753 1651 778 tamen
1675 748 1734 779 Dei
1760 750 1915 779 virtutem
1938 750 2033 780 ctiam
2058 750 2119 780 im-

1158 786 1271 826 plorat.
1319 788 1405 819 Satis
1433 790 1517 819 enim
1549 796 1642 821 norat
1675 797 1822 830 oportere
1848 792 1952 822 Deum
1985 791 2024 822 ad
2059 801 2119 823 nos

1157 830 1332 861 servandos
1347 832 1497 861 virtutem
1512 842 1602 863 suam
1615 844 1771 871 exserere,
1792 834 1865 865 licet
1878 834 1912 865 in
1932 834 2120 874 integritate

1159 872 1256 902 vitam
1281 872 1396 913 degere
1420 874 1646 906 studuerimus.
1693 876 1765 914 Qua
1789 877 1821 906 in
1846 887 1879 907 re
1902 887 1961 907 nos
1984 878 2023 908 ab
2047 877 2118 907 eth-

1157 914 1238 945 nicis
1262 914 1389 946 differre
1414 927 1471 956 par
1495 924 1550 954 est,
1582 924 1615 947 ut
1639 918 1711 949 licet
1734 929 1848 949 causae
1873 926 1999 950 nostrae
2024 919 2114 950 boni·

1130 986 1131 993 ,
1157 961 1224 988 tate
1246 962 1276 988 et
1289 959 1448 997 aequitate
1466 959 1539 989 freti
1563 960 1672 997 simus,
1697 969 1728 991 et
1751 962 1936 1001 integritate
1949 962 2113 993 conscien-

141 1001 236 1039 disse,
266 997 523 1040 quandoquidem
549 997 588 1028 ad
617 998 709 1028 illum
734 998 834 1030 veluti
865 999 998 1030 fortuito
1022 1010 1103 1030 nun·
1130 1001 1131 1007 ¹

1157 1000 1228 1037 tiae,
1264 1000 1372 1031 Deum
1397 1008 1501 1031 tamen
1527 1008 1671 1042 oportere
1701 1004 1840 1035 sciamus
1865 1015 1995 1034 manum
2020 1015 2112 1035 suam

1129 1061 1131 1080 3
1157 1042 1196 1073 ad
1213 1053 1270 1115 pos
1288 1044 1462 1075 servandos
1485 1055 1642 1081 exserere,
1666 1046 1734 1076 sine
1758 1056 1819 1086 qua
1843 1046 1923 1077 nihil
1946 1046 2001 1077 illa
2024 1046 2115 1078 nobis

1129 1110 1130 1117 ,
1156 1095 1214 1124 pro
1232 1092 1345 1116 uerint.

1128 1150 1130 1172 ,¹
1156 1138 1193 1158 eo
1222 1127 1345 1167 psalmo
1369 1128 1486 1167 David,
1517 1131 1663 1169 inquiens
1686 1131 1839 1162 adversus
1870 1142 1903 1162 se
1926 1131 2113 1171 peregrinos

1400 1086 1556 1125 Querelas
1586 1087 1699 1118 deinde
1730 1088 1875 1128 pluribus
1910 1089 2114 1129 persequitur

1156 1170 1379 1207 insurrexisse,
1411 1177 1442 1202 et
1472 1172 1615 1203 crudeles
1645 1184 1680 1204 ac
1711 1174 1861 1205 barbaras
1890 1180 2001 1214 gentes
2024 1175 2113 1205 vitae

1156 1212 1256 1252 ipsius
1280 1213 1447 1245 insidiatas
1470 1215 1576 1246 fuisse.
1607 1215 1710 1254 Quam
1730 1217 1888 1256 percyrini
1912 1227 2020 1248 vocem
2045 1217 2114 1256 qui—

1157 1255 1228 1286 dam
1253 1256 1298 1287 sic
1327 1257 1494 1296 accipiunt,
1525 1264 1560 1288 ut
1587 1269 1605 1288 a
1630 1258 1754 1289 Davidc
1779 1259 1914 1290 Iudaeos
1937 1259 2038 1290 velint
2058 1259 2112 1290 de-

1156 1299 1286 1338 signari,
1316 1304 1346 1330 et
1370 1299 1542 1340 degeneres
1565 1302 1687 1332 animos
1710 1301 1787 1340 ipsis
1809 1302 2004 1341 exprobrari,
2028 1301 2112 1341 quod

1156 1341 1195 1372 ab
1219 1341 1397 1372 Abrahami
1428 1343 1580 1383 progenie
1611 1343 1794 1374 defecerint.
1839 1344 1931 1383 Quae
1962 1344 2112 1384 loquendi

1157 1384 1293 1414 formula
1315 1385 1392 1416 satis
1415 1391 1463 1415 est
1486 1386 1519 1415 in
1544 1396 1633 1416 sacra
1656 1386 1813 1426 scriptura
1833 1386 2001 1426 frequens:
2026 1387 2113 1418 natio

1156 1426 1241 1457 enim
1266 1427 1321 1457 illa
1344 1438 1470 1467 semper
1493 1428 1530 1459 de
1554 1429 1653 1468 stirpe
1672 1439 1728 1459 sua
1752 1429 1959 1469 gloriabatur,
1984 1435 2014 1460 et
2037 1439 2114 1461 avos

1156 1468 1377 1509 praedicabat:
1405 1470 1459 1501 sed
1484 1471 1580 1501 etiam
1604 1481 1697 1510 saepe
1716 1476 1826 1502 contra
1848 1471 1938 1503 Deus
1962 1471 2024 1502 illis
2049 1472 2113 1512 pri-

1156 1522 1242 1542 mam
1256 1512 1412 1552 originem
1426 1513 1541 1549 obiicit‚
1562 1518 1594 1543 et
1608 1519 1733 1552 patrum
1747 1515 1982 1554 corruptionem
1996 1525 2112 1554 expro-

1157 1554 1238 1593 brat,
1258 1560 1286 1585 et
1303 1562 1455 1594 tanquam
1476 1556 1687 1587 adulterinam
1708 1561 1837 1596 gentem
1857 1557 1967 1588 reiicit.
1987 1557 2113 1588 Verum

1157 1597 1239 1628 duae
1259 1597 1332 1628 illac
1353 1608 1446 1629 voces
1466 1599 1580 1638 quibus
1600 1598 1707 1629 David
1727 1600 1835 1636 utitur,
1859 1600 1954 1630 simul
1974 1600 2112 1636 iunctae,

1157 1641 1264 1680 potius
1283 1640 1425 1671 indicant
1437 1641 1595 1680 Ziphaeos
1614 1652 1686 1672 cum
1700 1641 1808 1680 Saule,
1832 1647 1862 1672 et
1883 1642 2005 1682 reliqua
2018 1648 2112 1682 parte

1158 1683 1276 1723 populi,
1307 1693 1375 1714 0550
1406 1684 1509 1714 instar
1540 1683 1745 1714 barbararum
1778 1685 1923 1724 gentium
1957 1685 2113 1716 adversus

1158 1726 1280 1757 vicinos
1293 1727 1529 1766 insurgentium
1545 1732 1576 1757 et
1588 1726 1760 1758 crudeliter
1772 1728 1994 1758 saevientium.
2018 1726 2112 1766 Quod

1157 1768 1253 1809 longe
1275 1768 1386 1800 durius
1409 1775 1466 1807 est,
1497 1779 1592 1808 quam
1624 1770 1650 1800 si
1680 1780 1698 1800 a
1728 1770 1860 1800 remotis
1879 1769 2029 1810 gentibus
2052 1770 2114 1802 ista

1157 1812 1288 1842 fierent:
1319 1811 1477 1851 siquidem
1501 1811 1597 1842 vicini
1621 1810 1638 1842 a
1663 1812 1785 1848 vicinis,
1817 1818 1872 1842 aut
1895 1812 2114 1844 familiaritate

1158 1854 1296 1894 quadam
1321 1854 1446 1891 iunctis,
1472 1854 1623 1885 beneficia
1646 1855 1752 1894 potius
1770 1865 1865 1894 quam
1882 1855 1920 1886 ab
1944 1855 2115 1895 incognitis

1158 1902 1191 1927 et
1214 1897 1307 1937 longe
1331 1897 1462 1927 remotis
1482 1902 1678 1936 exspectant.
1704 1896 1768 1927 Sed
1788 1908 1886 1936 quum
1906 1897 1960 1928 illa
1978 1898 2114 1928 familia-

1159 1940 1236 1970 ritas
1267 1940 1300 1970 in
1330 1939 1522 1970 contrariam
1549 1940 1760 1970 conditionem
1787 1940 1932 1977 vertitur,
1963 1944 1994 1970 et
2024 1942 2112 1971 omni

1159 1983 1260 2022 posito
1291 1982 1413 2022 pudore
1443 1982 1474 2012 in
1506 1983 1627 2013 vicinos
1657 1983 1808 2022 saevitur,
1840 1983 1934 2023 longe
1963 1983 2113 2023 graviora

1158 2025 1231 2055 odia
1254 2029 1285 2056 et
1308 2025 1392 2056 facta
1416 2024 1593 2056 crudeliora
1607 2030 1797 2056 exercentur
1820 2035 1914 2064 quam
1935 2026 2114 2057 0101110110-

1159 2067 1246 2098 ribus
1277 2067 1468 2100 nationibus.
1501 2074 1535 2098 ut
1564 2067 1658 2107 plane
1691 2068 1842 2098 barbaros
1864 2073 1895 2098 et
1927 2068 2117 2100 furibundos

1159 2111 1273 2141 merito
1305 2110 1425 2141 dixeris
1456 2111 1507 2150 qui
1540 2110 1628 2150 prius
1658 2110 1749 2142 amici
1774 2115 1876 2140 erant.
1920 2110 1993 2142 Hoc
2016 2111 2116 2151 igitur

1158 2163 1255 2184 sensu
1280 2153 1388 2184 David
1418 2159 1531 2193 gentes
1565 2152 1713 2184 barbaras
1744 2158 1775 2182 et
1805 2152 1950 2184 crudeles
1980 2163 2015 2185 se
2044 2165 2116 2193 per-

1158 2197 1266 2235 sequi,
1300 2202 1454 2236 tanquam
1484 2196 1689 2235 peregrinum
1720 2200 1752 2226 et,
1782 2196 1931 2235 ignotum
1965 2196 2115 2235 aliquem,

1157 2239 1217 2270 etsi
1241 2244 1349 2270 tamen
1372 2239 1528 2279 sanguine
1559 2239 1702 2269 iunctum
1732 2238 1946 2277 conqueritur.
1992 2239 2115 2270 Idcirco

1158 2282 1256 2322 igitur
1280 2282 1435 2312 terribiles
1460 2286 1491 2311 et
1510 2280 1654 2311 crudeles
1676 2286 1776 2317 vocat,
1800 2290 1929 2311 causam
1948 2291 2038 2311 suam
2051 2281 2116 2312 Dei

1158 2324 1274 2355 iudicio
1297 2324 1476 2360 subiiciens,
1509 2329 1539 2353 et
1569 2323 1723 2354 arbitrum
1754 2332 1869 2354 causae
1893 2323 1997 2354 Deum
2022 2323 2116 2355 advo-

1158 2376 1253 2398 cans:
1278 2373 1309 2398 et
1333 2367 1486 2398 adversus
1511 2365 1583 2396 illos
1608 2365 1763 2396 auxilium
1788 2365 1947 2406 implorat,
1973 2372 2003 2397 et
2025 2377 2059 2397 se
2081 2367 2114 2398 in

1159 2409 1306 2449 precibus
1330 2414 1360 2440 et
1384 2407 1668 2448 supplicationibus
1690 2408 1729 2438 ad
1754 2408 1860 2439 Deum
1890 2414 2115 2448 perseveratu-

1159 2463 1231 2483 rum
1254 2452 1432 2492 profitetur.
1458 2451 1551 2490 Quod
1576 2451 1701 2490 insigne
1722 2451 1779 2481 fuit
1798 2451 1899 2490 ipsius
1922 2451 1995 2482 fidei
2020 2462 2116 2493 argu-

1160 2499 1314 2526 mentum.
1358 2494 1468 2525 Facile
1502 2494 1587 2524 enim
1622 2499 1669 2524 est
1703 2500 1796 2524 extra
1830 2503 1957 2524 omnem
1994 2494 2115 2525 ictuum

1160 2537 1261 2568 aleam
1286 2537 1324 2567 de
1348 2537 1408 2567 Dei
1432 2537 1575 2576 potentia
1594 2540 1625 2566 et
1649 2536 1792 2566 bonitate
1817 2536 1913 2575 loqui,
1944 2542 1975 2567 et
2005 2547 2115 2568 sacrae

1160 2580 1336 2620 scripturae
1367 2579 1451 2611 locos
1481 2588 1747 2616 commemorare,
1785 2578 1944 2618 fidemque
1974 2579 2114 2620 aliquam

1161 2622 1411 2663 imperterritam
1435 2627 1465 2652 et
1488 2621 1642 2652 invictam
1671 2621 1831 2661 profiteri:
1861 2620 1917 2652 sed
1938 2632 2037 2661 quum
2062 2633 2115 2663 pe-

1864 2671 1913 2697 30*
