2551 3044
188 174 248 205 149

180 277 257 298 sane
281 267 411 304 iactura,
443 266 493 297 vel
518 266 637 306 uxoris,
668 265 719 297 vel
751 265 922 296 liberorum
947 263 1058 295 laetari
1081 261 1140 292 mi-

182 309 270 340 nime
300 309 423 349 poterit,
455 309 544 348 quasi
574 320 613 339 ex
644 308 742 339 animi
776 307 935 338 sententia
957 312 989 337 et
1011 304 1141 352 arbitrio

183 352 245 392 ipsi
268 352 447 387 cessissent,
478 353 532 382 sed
563 351 660 382 variis
691 350 797 390 potius
820 350 904 380 curis
934 356 964 380 et
987 347 1142 379 molestiis

184 400 329 435 angetur,
351 405 451 433 neque
474 394 571 424 etiam
596 393 745 434 lacrymis
764 398 797 422 et
818 392 983 432 questibus
1006 390 1143 421 abstine-

183 437 239 468 bit.
285 436 412 475 Quaero
441 437 546 475 itaque
577 447 616 466 an
639 436 691 466 ille
714 435 754 466 sit
778 441 906 475 propter
930 435 1087 473 lacrymas
1111 438 1143 478 et

184 489 276 511 curas
299 478 570 510 condemnandus.
617 478 750 509 Minime
781 477 934 518 gentium.
982 476 1073 512 Nam,
1097 480 1143 504 uti

184 522 267 559 dixi,
303 521 373 551 licet
396 531 507 551 omues
532 521 663 551 humani
688 521 821 551 affectus
846 530 906 549 non
930 519 994 550 sint
1017 518 1143 548 divinae

185 563 341 595 voluntati
372 563 617 603 consentientes,
651 574 712 593 nou
748 562 817 593 ideo
852 568 958 592 tamen
992 558 1143 592 contrarii

184 612 240 637 aut
262 612 490 645 repugnantes.
529 606 577 636 Ac
600 616 675 636 sane
699 606 790 635 modo
814 604 854 635 sit
877 604 1090 645 lacrymarum
1113 607 1144 632 et

182 648 289 679 luctus
322 648 435 687 aliquis
470 647 592 684 modus,
628 655 658 678 et
692 647 891 686 impatientia
920 657 983 678 non
1006 644 1143 681 accedat,

182 690 237 730 qui
271 690 309 720 ob
344 701 394 721 res
428 690 578 721 adversas
613 691 671 721 sibi
705 701 724 721 a
745 689 815 721 Deo
846 689 1004 720 immissas
1031 687 1145 728 lugent

184 732 286 773 magis
316 743 406 764 suam
437 733 651 764 obedientiam
679 731 826 772 produnt,
857 741 952 772 quam
975 729 1068 761 multi
1091 729 1144 769 qui

184 775 336 806 videntur
369 775 496 815 quidem
529 776 660 806 omnino
693 785 762 806 sese
793 774 855 806 Dei
885 773 1042 805 voluntati
1075 783 1143 812 pei·-

183 818 320 856 mittere,
344 824 377 848 et
399 818 466 849 eius
489 817 641 848 mandata
664 817 747 848 ultro
771 817 910 856 exsequi,
938 825 1072 856 quorum
1095 821 1144 845 ta-

183 870 256 891 men
293 861 377 891 mala
410 871 501 891 mens
534 865 566 890 et
599 859 703 891 malus
736 865 785 890 est
814 859 949 890 animus.
993 857 1144 897 Exempli

183 903 304 943 gratia:
328 903 355 934 si
374 903 446 942 quis
465 913 608 939 uxorem,
632 902 756 939 liberos,
780 907 954 941 parentem,
977 906 1034 932 aut
1045 900 1143 932 alium

183 946 364 986 quempiam
390 945 561 985 propinato
581 954 704 975 veneno
729 944 832 983 tollat,
855 944 918 975 Dei
941 943 1070 984 quidem
1093 943 1144 974 de-

183 995 305 1018 cretum
339 988 431 1018 illum
464 987 595 1027 exsequi
629 992 752 1019 certum
782 992 839 1024 est,
870 986 960 1018 cuius
988 986 1022 1017 in
1044 996 1144 1017 manu

184 1031 250 1061 vita
273 1030 416 1061 omnium
439 1030 605 1061 homiuum
630 1029 733 1070 posita
757 1038 813 1068 est,
841 1040 935 1069 quam
959 1028 1019 1069 ipsi
1041 1038 1144 1068 neque

182 1073 334 1113 retinere,
357 1083 460 1112 neque
472 1072 659 1112 producere,
679 1083 717 1102 ne
736 1072 776 1102 ad
796 1077 993 1103 momentum
1007 1070 1143 1111 quidem,

183 1115 251 1146 sine
284 1115 354 1146 Deo
388 1120 535 1154 possunt.
580 1114 702 1145 Verum
738 1118 847 1144 tamen
881 1114 971 1145 illum
1006 1113 1143 1145 eundem

184 1158 246 1188 Dei
271 1157 427 1188 voluntati
450 1167 580 1197 prorsus
603 1166 783 1197 repugnare
806 1164 836 1187 et
848 1156 1064 1188 contradicere
1076 1167 1143 1187 cer-

183 1208 250 1231 tum
274 1206 330 1237 est,
355 1205 511 1239 quatenus
533 1210 624 1231 suam
648 1200 848 1230 voluntatem
870 1199 961 1230 Deus
986 1199 1142 1239 patefecit,

182 1251 213 1274 et
236 1243 379 1274 officium
401 1243 514 1282 cuique
537 1242 752 1283 praescripsit.
797 1242 909 1282 Itaque
932 1253 972 1273 ex
995 1241 1066 1272 istis
1088 1251 1141 1282 ap-

183 1290 272 1325 paret
300 1295 393 1325 posse
422 1284 551 1325 quidem
582 1285 729 1315 homines
759 1285 984 1316 afflictionibus
1014 1293 1094 1324 quae
1125 1295 1143 1315 a

182 1327 253 1359 Deo
283 1327 507 1358 immittuntur
536 1327 660 1359 moveri
693 1333 725 1358 et
758 1327 889 1358 tristitia
920 1327 1011 1364 affici,
1042 1337 1143 1367 neque

183 1377 290 1401 tamen
313 1369 383 1401 ideo
406 1377 517 1401 contra
534 1369 634 1410 ipsius
654 1369 851 1401 voluntatem
870 1369 1038 1401 reluctari:
1060 1369 1142 1409 quod

182 1412 230 1443 illi
253 1413 386 1444 affectus
408 1412 475 1443 sint
497 1412 669 1452 naturales,
699 1417 731 1443 et
760 1413 828 1444 fieri
859 1423 920 1443 non
944 1412 1044 1453 possit
1067 1412 1142 1452 quin

182 1455 362 1487 istiusmodi
384 1455 512 1487 casibus
530 1455 738 1487 vehementer
760 1460 877 1486 natura
899 1454 979 1486 duce
1001 1455 1142 1486 affician-

183 1504 245 1529 tur.
269 1497 393 1529 Verum
418 1498 477 1529 hoc
499 1508 588 1538 opus,
611 1497 663 1529 hic
675 1497 763 1529 labor
776 1503 833 1534 est,
858 1497 1023 1529 affectibus
1035 1497 1142 1529 istius-

183 1540 271 1572 modi
293 1541 425 1571 modum
448 1550 576 1581 ponere,
605 1540 732 1571 eosdem
755 1540 910 1576 fraenare,
934 1545 1142 1580 agnoscentes

183 1583 266 1614 hanc
290 1584 432 1614 omnium
455 1582 665 1614 afflictionum
688 1589 720 1614 et
743 1583 886 1614 luctuum
906 1582 1141 1614 conclusionem

183 1636 253 1657 esse
275 1633 437 1666 oportere,
471 1631 507 1656 ut
529 1625 599 1656 Deo
629 1625 767 1656 debitam
796 1625 1007 1656 obedientiam
1031 1624 1140 1656 redda-

182 1679 264 1706 mus,
295 1669 428 1708 eiusque
459 1668 598 1699 nominis
620 1669 739 1708 gloriae
763 1675 793 1698 et
817 1668 1054 1707 amplificationi
1077 1678 1141 1698 ma-

182 1711 232 1751 gis
256 1722 292 1743 ac
308 1711 411 1750 magis
432 1710 628 1747 studeamus,
652 1716 684 1741 et
707 1710 746 1741 ad
769 1711 838 1741 eius
863 1721 918 1741 nos
945 1710 1138 1741 voluntatem

183 1755 251 1785 sine
275 1754 487 1794 repugnantia
499 1763 737 1793 componamus.
762 1753 932 1784 Caeterum
951 1752 1033 1792 quod
1058 1753 1139 1784 dixi-

184 1807 255 1827 mus
270 1796 431 1828 Samuelis
443 1796 566 1827 luctum
581 1796 681 1826 videri
696 1796 836 1836 potuisse
848 1795 921 1826 fidei
934 1796 1140 1836 contrarium,

182 1838 416 1871 observandum
450 1849 508 1869 nos
542 1840 572 1869 in
607 1839 702 1869 rebus
732 1838 803 1869 istis
837 1838 1036 1878 temporariis
1065 1849 1141 1869 1106-

183 1891 350 1921 nunquam
374 1880 451 1912 adeo
475 1881 649 1917 caecutire,
683 1887 718 1911 ut
752 1880 930 1920 perspicere
953 1890 1017 1911 non
1041 1881 1140 1921 possi-

181 1935 254 1955 mus
279 1924 338 1956 Dei
360 1923 511 1960 consilia,
542 1934 624 1963 quae
648 1931 754 1954 tamen
778 1923 845 1962 ipse
868 1923 960 1953 nobis
983 1923 1138 1962 patefece—

182 1968 233 1998 rit.
256 1966 408 2007 Exempli
431 1967 550 2007 gratia,
581 1966 713 1997 Samuel
744 1965 886 1996 audierat
909 1964 1039 1996 Domini
1067 1977 1139 1997 sen-

182 2010 318 2041 tentiam
342 2009 380 2039 de
403 2008 501 2040 Saule
524 2008 778 2047 exauctorando,
812 2014 843 2038 et
866 2007 903 2038 de
927 2007 1013 2047 regia
1036 2008 1139 2048 digni-

182 2058 246 2084 tate
265 2052 480 2083 deturbando:
504 2051 558 2082 sed
573 2057 678 2082 tamen
692 2062 756 2081 non
776 2057 880 2090 potest
899 2050 1000 2090 primo
1020 2050 1138 2082 intuitu

179 2095 312 2135 quinam
334 2093 367 2126 id
390 2095 446 2125 fiat
469 2093 734 2125 animadvertere.
775 2093 813 2123 In
837 2093 906 2124 istis
929 2100 1034 2124 tamen
1055 2093 1138 2125 diffi-

179 2137 353 2169 cultatibus
383 2136 514 2168 Samuel
543 2136 725 2176 generalem
749 2136 847 2166 fidem
872 2135 996 2173 retinet,
1030 2146 1138 2167 eorum

181 2190 262 2220 quae
293 2180 332 2211 de
366 2179 465 2211 Saule
499 2178 589 2210 Deus
623 2177 823 2210 decreverat:
867 2178 943 2209 hinc
978 2179 1139 2219 lacrymae

182 2223 291 2261 ipsius,
314 2222 391 2254 hinc
412 2221 518 2253 luctus
541 2221 594 2252 ille
617 2226 803 2261 perpetuus:
827 2219 904 2251 adeo
926 2225 962 2251 ut
984 2221 1064 2252 nihil
1089 2222 1139 2252 hic

181 2273 301 2296 temere
324 2264 509 2304 susceperit,
534 2271 568 2294 ut
591 2263 695 2295 solent
717 2262 848 2294 fanatici
871 2263 1015 2294 homines
1033 2264 1137 2304 indig-

181 2307 267 2345 nari,
296 2307 359 2338 nisi
382 2306 472 2337 Deus
495 2306 601 2338 omnia
624 2317 663 2337 ex
686 2306 826 2345 ipsorum
851 2305 1014 2337 voluntate
1037 2307 1137 2337 adini·

182 2350 306 2381 nistret.
343 2349 385 2380 At
409 2348 539 2380 Samuel
564 2359 742 2389 agnoscens
765 2352 898 2379 unctum
922 2347 1052 2380 Saulem
1075 2349 1138 2380 Dei

182 2391 342 2429 mandato,
367 2401 429 2422 606
450 2397 553 2431 potest
565 2399 695 2430 repente
709 2391 920 2422 reverentiam
938 2391 1026 2422 illam
1042 2401 1137 2431 quam

182 2434 310 2465 domino
337 2440 368 2465 et
387 2435 454 2474 regi
473 2433 606 2464 debebat
625 2433 760 2464 abiicere
779 2439 811 2464 et
830 2433 981 2464 oblivioni
1000 2433 1138 2472 tradere,

181 2477 267 2508 unde
289 2482 422 2517 apparet
445 2476 534 2507 illum
566 2486 630 2506 non
654 2482 767 2516 sponte
791 2487 808 2506 a
832 2476 893 2507 Dei
916 2477 1011 2507 verbo
1035 2487 1137 2508 reces-

182 2520 276 2551 sisse:
307 2519 363 2550 sed
393 2527 501 2549 tamen
533 2529 594 2549 non
625 2519 702 2549 satis
732 2518 764 2549 in
795 2518 947 2558 peculiari
974 2518 1032 2550 hoc
1055 2519 1137 2551 facto

181 2562 457 2596 animadvertisse.
489 2560 565 2601 quid
596 2571 614 2591 a
642 2571 675 2592 se
699 2561 787 2592 Deus
810 2561 995 2600 postularet,
1024 2572 1137 2602 nempe

182 2611 217 2636 ut
239 2610 423 2646 agnosceret
446 2603 552 2635 Deum
576 2603 659 2634 velle
679 2602 769 2635 Sauli
792 2603 944 2644 abrogare
966 2604 1137 2645 imperium

840 171 886 202 IN
911 171 935 201 I.
960 170 1047 201 LIB.
1073 168 1267 200 SAMUEL.
1292 169 1388 200 UAl’.
1412 169 1504 200 XVI.

2095 169 2153 199 150

1195 261 1278 300 quod
1302 261 1441 298 dederat,
1473 263 1554 302 quod
1578 263 1678 303 ipsius
1702 263 1771 294 voci
1796 273 1861 294 11011
1885 263 2151 302 obtemperasset:

1195 310 1225 333 et
1249 313 1339 343 posse
1370 304 1462 335 rebus
1487 305 1659 345 deploratis
1688 316 1880 342 succurrere,
1912 310 2006 345 atque
2037 304 2153 336 idcirco

1195 345 1234 376 ab
1268 347 1367 385 ipsius
1401 348 1599 386 providentia
1634 348 1836 388 pendendum
1872 359 1949 379 csse.
1996 347 2060 379 Sed
2092 348 2153 379 ista

1195 388 1327 419 Samuel
1364 400 1427 419 non
1462 391 1563 428 potuit
1594 391 1790 422 discernere:
1819 402 1855 422 ac
1887 390 2017 430 proinde
2049 390 2154 422 luctus

1195 437 1225 460 et
1250 431 1409 472 lacrymas
1433 432 1531 471 ipsius
1562 433 1702 464 dicemus
1727 444 1790 465 non
1814 435 1852 464 ab
1876 433 2063 464 infidelitate
2087 443 2154 463 ma-

1196 484 1305 511 nasse,
1338 473 1393 504 sed
1417 474 1454 504 ab
1479 475 1659 514 ignorantia
1683 486 1790 506 eorum
1816 486 1896 515 quae
1921 476 2078 506 Dominus
2104 476 2154 506 hic

1195 516 1401 556 singulariter
1425 517 1616 549 decreverat.
1648 518 1718 549 Etsi
1742 519 1875 558 ipsemet
1898 528 1995 558 supra
2019 518 2153 554 dixerat,

1196 558 1327 589 Fortem
1350 558 1478 590 Israelis
1502 560 1629 590 mentiri
1659 572 1720 591 non
1749 571 1839 600 posse
1863 571 1966 600 neque
1989 560 2060 591 duci
2084 571 2154 601 poe-

1196 601 1347 632 nitentia:
1383 612 1503 639 verum,
1539 602 1620 642 quod
1652 603 1744 633 homo
1778 609 1853 641 erat,
1889 603 1986 633 veluti
2017 603 2155 634 nubibus

1196 643 1384 683 quibusdam
1408 650 1440 674 et
1463 644 1560 675 densa
1590 645 1724 685 caligine
1755 645 1941 685 prohibetur
1964 645 2080 676 claram
2105 645 2153 676 lu-

1195 696 1263 717 cem
1288 686 1422 717 intueri:
1453 697 1489 718 ac
1519 688 1651 726 proinde
1674 688 1793 719 luctum
1818 689 1918 727 ipsius
1941 688 2154 719 condemnare

1197 739 1259 760 non
1284 739 1453 769 possumus
1477 735 1627 769 tanquam
1651 730 1809 761 voluntati
1829 731 1891 761 Dei
1910 737 2154 771 repugnantem,

1196 778 1251 802 aut
1273 782 1292 801 a
1314 772 1387 802 fidei
1410 771 1628 803 fundamentis
1650 773 1799 804 alienum.
1841 773 1929 812 Quin
1952 773 2016 804 imo
2040 773 2076 804 fit
2099 784 2155 804 no-

1196 813 1245 845 bis
1280 814 1330 846 hic
1363 814 1585 854 conspicuum,
1619 825 1682 855 qua
1715 816 1834 847 virtute
1868 821 1898 846 et
1931 815 2155 856 magnitudine

1195 857 1308 894 animi,
1337 866 1400 896 qua
1428 858 1609 888 constantia
1639 858 1811 898 prophetae
1840 858 1980 889 officium
2012 858 2154 897 fecerint,

1195 899 1270 930 licet
1303 900 1484 931 tenerrimis
1518 900 1685 931 affectibus
1718 901 1867 932 commoti
1898 901 2026 931 fuerint.
2071 901 2154 932 Nam

1195 942 1302 973 iussus
1325 941 1457 973 Samuel
1481 941 1612 974 Saulem
1636 942 1764 983 alloqui,
1790 953 1853 974 non
1879 943 2100 975 reformidabit
2122 944 2156 975 in

1195 984 1288 1015 061111
1312 984 1426 1022 dicere,
1449 984 1536 1016 Deus
1557 995 1756 1016 successorem
1778 988 1804 1017 te
1825 986 1977 1017 meliorem
1999 986 2103 1026 elegit:
2124 989 2157 1017 tu

1194 1027 1282 1067 reqia
1305 1027 1451 1067 diynitate
1473 1038 1504 1058 es
1526 1028 1680 1068 indiynus.
1705 1028 1753 1059 Ne
1777 1035 1852 1068 puta
1865 1028 1970 1059 Deum
1984 1039 2046 1059 non
2064 1039 2156 1069 posse

1195 1074 1288 1109 teque
1319 1070 1429 1109 tuique
1458 1070 1617 1101 similibus
1646 1081 1775 1102 carere:
1806 1081 1878 1101 nam
1911 1071 1980 1101 sine
2003 1078 2034 1102 te
2058 1072 2155 1102 ratio-

1196 1123 1267 1144 nem
1305 1112 1458 1144 ecclesiae
1491 1123 1568 1144 suae
1601 1113 1776 1144 servandae
1810 1113 1959 1145 facillime
1993 1113 2154 1145 inveniet:

1195 1160 1230 1186 tu
1261 1165 1338 1186 vero
1363 1155 1508 1186 funditus
1537 1155 1734 1186 exscinderis
1763 1160 1794 1187 et
1817 1155 2055 1195 exstirpaberis.
2101 1157 2153 1187 En

1195 1208 1273 1229 sane
1303 1198 1457 1229 invictam
1488 1198 1663 1238 prophetae
1696 1199 1908 1229 constantiam
1932 1203 1964 1229 et
1986 1200 2154 1240 magnani-

1196 1241 1352 1276 mitatem,
1386 1250 1480 1280 quam
1512 1240 1602 1271 nulla
1632 1241 1773 1272 humana
1803 1241 1928 1272 affectio
1952 1241 2004 1272 vel
2028 1249 2155 1281 pertur-

1195 1282 1280 1313 batio
1314 1282 1535 1314 labefactavit:
1571 1283 1627 1314 sed
1660 1294 1739 1323 quae
1773 1283 1877 1324 potius
1910 1284 2013 1314 instar
2046 1284 2154 1324 angeli

1194 1325 1360 1357 cuiusdam
1392 1326 1452 1356 ista
1476 1325 1618 1356 humana
1647 1326 1754 1357 omnia
1782 1327 1955 1366 superavit.
2001 1327 2087 1357 Sane
2108 1327 2153 1358 ita

1194 1368 1255 1399 Dei
1280 1368 1411 1408 spiritus
1434 1368 1619 1400 Samuelem
1642 1368 1681 1399 ad
1704 1369 1842 1400 officium
1866 1368 1925 1400 sibi
1948 1370 2153 1400 commissum

1195 1410 1376 1442 faciendum
1400 1411 1526 1451 impulit
1556 1416 1588 1442 et
1609 1410 1810 1452 gubernavit.
1854 1411 1966 1450 Neque
1990 1417 2096 1442 tamen
2120 1411 2153 1442 id

1194 1454 1317 1484 obstitit
1339 1455 1510 1493 quominus
1533 1464 1610 1494 erga
1622 1453 1753 1485 Saulem
1776 1464 1843 1485 sese
1869 1459 1903 1484 ut
1924 1464 1983 1494 par
2004 1460 2073 1484 erat
2096 1454 2153 1485 mi-

1194 1495 1385 1527 sericordem
1420 1496 1616 1536 praebuerit,
1661 1496 1760 1536 ipsius
1791 1496 2084 1528 exauctorationem
2119 1505 2151 1528 et

1193 1540 1435 1579 abrogationem
1460 1539 1579 1570 deflens
1602 1546 1633 1570 et
1655 1539 1778 1579 lugens.
1802 1538 1891 1569 Idem
1915 1539 1953 1569 de
1970 1538 2152 1570 6111606161-

1194 1582 1251 1613 bus
1284 1581 1448 1622 prophetis
1481 1581 1698 1622 sentiendum,
1738 1592 1873 1621 quorum
1908 1580 1989 1612 idem
2025 1582 2151 1613 animus

1193 1624 1262 1655 fuit.
1308 1624 1389 1655 Nam
1414 1634 1511 1664 quum
1543 1625 1576 1655 in
1599 1624 1760 1664 improbos
1783 1624 1928 1655 homines
1951 1624 2151 1655 invehuntur

1193 1673 1223 1697 et
1258 1666 1296 1697 de
1330 1668 1467 1707 peccatis
1501 1667 1570 1698 illos
1600 1674 1750 1707 arguunt,
1785 1672 1816 1697 et
1846 1666 2151 1698 comminationibus

1193 1717 1439 1749 persequuntur.
1470 1709 1555 1741 dicas
1584 1719 1637 1741 eos
1667 1710 1772 1740 surore
1800 1709 1905 1749 potius
1928 1709 2032 1748 aliquo
2055 1720 2150 1749 quam

1193 1753 1333 1783 humano
1364 1753 1478 1792 spiritu
1511 1753 1642 1792 impelli,
1675 1757 1762 1783 etse
1784 1751 1928 1783 homines
1952 1759 2042 1782 natos
2073 1751 2151 1782 obli-

1193 1795 1278 1825 vioni
1303 1794 1481 1831 tradidisse,
1505 1802 1535 1826 et
1558 1806 1610 1825 eos
1634 1805 1713 1834 quos
1736 1794 1927 1834 compellant
1951 1804 2014 1824 606
2032 1805 2148 1834 agnos-

1191 1848 1262 1868 cere
1285 1837 1402 1868 fratres
1425 1848 1498 1869 suos
1521 1843 1552 1868 et
1574 1837 1788 1877 propinquos:
1820 1842 1909 1868 tanta
1938 1843 1983 1867 est
2009 1838 2148 1876 ipsorum

1191 1880 1222 1911 in
1248 1880 1452 1920 increpandis
1472 1880 1655 1911 hominibus
1678 1879 1890 1917 vehementia,
1914 1886 1948 1910 ut
1971 1889 2067 1918 quum
2086 1880 2147 1911 Dei

1192 1923 1321 1953 nomine
1350 1923 1466 1954 iudicia
1497 1923 1573 1962 ipsis
1597 1922 1798 1960 denunciant,
1829 1932 1892 1952 non
1916 1932 1984 1952 esse
2008 1922 2147 1962 amplius

1190 1965 1338 1996 homines
1361 1965 1540 1997 videantur.
1586 1965 1629 1996 Et
1659 1964 1865 1995 nibilominus
1896 1969 2002 1994 tamen
2032 1975 2146 1995 eorun-

1191 2008 1264 2038 dem
1287 2008 1384 2038 etiam
1407 2018 1483 2048 quos
1506 2008 1711 2047 increpabant
1741 2007 1841 2038 vicem
1873 2006 2010 2037 doluisse
2033 2014 2065 2037 et
2088 2008 2147 2038 mi-

1190 2056 1291 2082 sertos
1320 2061 1388 2081 esse
1418 2050 1638 2090 conspicimus,
1669 2049 1769 2089 deque
1791 2050 1931 2089 ipsorum
1954 2049 2056 2080 salute
2080 2060 2146 2080 ma-

1190 2093 1277 2124 xime
1313 2093 1466 2124 sollicitos
1505 2094 1617 2124 fuisse:
1662 2099 1756 2132 atque
1796 2091 1912 2123 idcirco
1952 2102 2146 2132 magnopere

1191 2136 1321 2167 affectos
1351 2146 1446 2175 quum
1476 2136 1695 2166 imminentem
1726 2135 1756 2165 iu
1787 2134 1858 2165 illos
1881 2134 1941 2164 Dei
1972 2134 2145 2165 vindictam

1190 2179 1402 2216 intuerentur,
1442 2189 1536 2217 quam
1579 2177 1727 2215 lacrymis
1767 2184 1910 2207 avertere
1951 2177 2145 2208 nitebantur.

1190 2221 1241 2251 Ita
1281 2221 1449 2252 Ieremiam
1491 2220 1671 2251 audivimus
1713 2219 1917 2250 vehementer
1950 2219 2146 2259 ingemuisse

1190 2270 1320 2303 propter
1349 2264 1563 2303 propinquum
1587 2262 1829 2302 Hierosolymac
1853 2261 2028 2297 excidium,
2060 2269 2089 2292 et
2112 2262 2145 2293 in

1190 2313 1343 2346 perpetuo
1362 2306 1450 2337 luctu
1474 2306 1616 2343 iacuisse,
1646 2311 1809 2344 optantem
1839 2304 1943 2335 oculos
1974 2314 2046 2334 suos
2076 2305 2145 2335 fieri

1190 2349 1308 2379 fontem
1339 2359 1512 2388 perennem
1541 2348 1754 2388 lacrymarum
1785 2353 1893 2377 noctes
1924 2346 2050 2386 diesque
2081 2357 2146 2378 ma-

1190 2391 1346 2422 nantium.
1391 2391 1472 2421 Nam
1506 2390 1599 2430 quale
1622 2389 1704 2420 istud
1728 2395 1837 2420 votum
1862 2396 1907 2419 est
1932 2389 2051 2420 fontem
2075 2390 2145 2420 fieri

1189 2434 1405 2474 lacrymarum
1430 2433 1544 2469 oculos,
1575 2432 1635 2463 nisi
1666 2431 1747 2471 quod
1778 2432 1822 2462 ita
1852 2437 1988 2462 testatur
2017 2442 2050 2462 se
2081 2442 2143 2463 non

1189 2486 1280 2516 posse
1303 2475 1508 2516 lacrymando
1539 2482 1569 2506 et
1599 2474 1743 2505 deflendo
1770 2474 1921 2505 miserum
1950 2474 2058 2514 populi
2082 2480 2144 2506 sta-

1190 2525 1257 2550 tum
1281 2518 1400 2557 satiari,
1432 2529 1524 2557 quem
1557 2518 1684 2557 propria
1714 2523 1814 2547 morte
1837 2517 1942 2556 cupiat
1965 2516 2142 2547 redimere?

1190 2562 1232 2592 Et
1256 2567 1362 2591 tamen
1388 2561 1464 2600 quid
1489 2559 1573 2591 aliud
1605 2559 1689 2591 dicas
1711 2559 1882 2599 prophetas
1902 2559 2024 2598 spirare
2048 2570 2143 2599 quam

1190 2604 1279 2644 ignes
1300 2609 1332 2634 et
1354 2603 1496 2640 fulmina,
1526 2602 1647 2643 quoties
1678 2607 1766 2633 tanto
1797 2601 1908 2633 ardore
1931 2601 1992 2632 Dei
2016 2608 2144 2633 senten·

1891 2651 1939 2678 10*
