2551 3044
562 860 807 901 HOMILlA
831 860 954 900 XLV.

651 919 747 951 CAP.
772 919 867 950 XIII.

364 990 390 1020 1.
423 988 530 1020 Filius
558 987 656 1018 unius
687 988 764 1018 anni
785 990 850 1018 erat
875 987 962 1025 Saul,
995 998 1088 1027 quum
1110 998 1241 1028 reynare

276 1033 431 1071 coepisset,
462 1030 581 1062 duobus
611 1032 712 1061 autem
739 1030 831 1061 annis
853 1031 993 1070 regnavit
1014 1041 1107 1070 super
1130 1031 1240 1062 Israel.

276 1075 306 1106 2.
331 1074 372 1106 Et
401 1074 490 1114 eleyit
511 1073 572 1104 sibi
598 1072 678 1103 Saul
700 1073 763 1103 tria
785 1073 887 1104 millia
909 1073 945 1104 de
968 1073 1096 1112 Israele,
1126 1076 1151 1104 et
1171 1073 1241 1113 fue-

276 1120 350 1148 runt
371 1127 439 1149 cum
465 1115 559 1146 Saule
582 1115 642 1146 duo
665 1115 768 1146 millia
790 1116 825 1145 in
848 1115 1010 1153 Michmas,
1040 1118 1067 1147 et
1088 1116 1122 1147 in
1143 1118 1242 1147 monte

278 1159 394 1195 Bethsel,
428 1159 510 1189 mille
544 1168 612 1189 vero
645 1157 771 1196 fuerunt
805 1168 872 1188 eum
906 1158 1059 1189 Ionatlzan
1083 1160 1117 1189 in
1140 1158 1241 1189 Gibah

278 1202 464 1234 Biniamin:
487 1201 649 1232 residuum
671 1210 740 1231 vero
756 1201 869 1240 populi·
890 1201 1017 1240 remisit,
1041 1211 1186 1240 quemque
1208 1202 1241 1232 in

278 1244 475 1276 tabernacula
497 1254 566 1274 sua.
613 1243 641 1273 3.
670 1242 828 1274 Percussit
850 1246 949 1274 autem
972 1243 1129 1275 Ionatlzan
1145 1254 1241 1282 prae-

277 1288 396 1319 sidium
433 1286 593 1317 Pelistlzim
628 1286 707 1324 quod
739 1288 805 1316 erat
837 1286 869 1315 in
903 1286 983 1324 colle,
1018 1287 1241 1325 audieruntque

279 1329 462 1361 Pelistliim:
493 1332 557 1360 tum
589 1328 666 1358 Saul
695 1328 809 1358 clausit
837 1328 907 1359 tuba
925 1339 984 1368 per
1006 1331 1095 1360 totam
1117 1332 1239 1369 terram,

278 1372 412 1409 dicendo,
436 1372 569 1403 audiant
592 1370 718 1401 Ebraei.
763 1371 791 1401 4.
817 1370 860 1400 Et
882 1372 1048 1402 universus
1066 1372 1167 1403 lsrael
1187 1382 1241 1402 au-

278 1415 401 1446 dierunt
434 1414 514 1453 quod
546 1414 709 1445 diceretur:
747 1413 905 1444 Percussit
940 1413 1018 1445 Saul
1041 1414 1241 1453 praesidium

281 1457 459 1489 Pelistlu‘m:
476 1459 503 1488 et
522 1457 615 1487 etiam
632 1456 737 1493 tbetuit
756 1456 859 1487 Israel
878 1457 958 1487 inter
976 1456 1156 1487 Pelistlcim:
1174 1467 1240 1488 eon-

276 1501 396 1541 yreyati
425 1502 496 1530 sunt
525 1509 594 1539 erqo
618 1499 756 1538 populns
780 1501 851 1537 post
882 1498 960 1529 Saul
987 1499 1021 1529 in
1047 1499 1164 1539 Gilyal.
1209 1501 1238 1531 5.

282 1542 444 1574 Pelistlcim
466 1552 535 1572 vero
558 1542 735 1581 eonyreyati
756 1544 828 1571 sunt
849 1544 882 1571 ut
899 1544 1077 1581 puynarent
1098 1552 1166 1572 cum
1187 1542 1238 1573 Is-

280 1585 371 1622 ναέῐε,
394 1585 524 1624 triginta
547 1584 650 1615 millia
672 1593 829 1621 curruum,
854 1587 879 1614 et
901 1595 954 1615 sea:
975 1584 1076 1615 millia
1094 1585 1238 1625 equitum,

280 1631 308 1659 et
333 1628 468 1667 populus
498 1629 564 1657 erat
591 1627 670 1657 sieut
698 1636 793 1657 arena
816 1637 894 1665 quae
918 1630 960 1657 est
982 1627 1022 1657 ad
1044 1627 1118 1658 litus
1139 1629 1239 1659 maris

277 1681 355 1709 prae
377 1669 590 1701 multitudine:
621 1669 851 1706 adscenderunt,
881 1670 1146 1709 castrametatique
1168 1673 1239 1701 sunt

280 1714 314 1744 in
344 1712 500 1744 Minimas
527 1712 569 1743 ad
598 1712 742 1742 orientem
770 1711 935 1743 Betliaven.
981 1713 1010 1743 6.
1049 1712 1117 1743 Viri
1139 1715 1238 1743 autem

282 1756 384 1787 Israel
417 1755 550 1786 videntes
579 1754 659 1793 quod
686 1755 834 1793 anyti-§iia
864 1757 939 1785 esset
967 1755 1027 1785 sibi
1058 1756 1239 1793 (coarctatus

281 1799 362 1829 enim
384 1801 449 1828 erat
464 1797 612 1836 populns)
637 1796 857 1827 absconderunt
879 1807 942 1828 sese
958 1797 1094 1836 populus
1116 1798 1149 1828 in
1173 1808 1237 1837 spe-

279 1841 378 1872 luncis
400 1844 426 1871 et
444 1841 477 1870 in
501 1839 733 1877 nzzcnitionibus,
756 1842 783 1870 et
804 1840 837 1869 in
854 1840 964 1878 petris,
989 1843 1016 1870 ei
1038 1841 1070 1870 in
1089 1841 1237 1879 turribus,
1263 1851 1265 1870 i

279 1886 305 1914 et
337 1884 371 1914 in
400 1883 548 1914 cisternis.
596 1882 623 1912 7.
657 1881 794 1912 Hebraei
822 1885 922 1912 autem
952 1883 1142 1914 transierunt
1172 1884 1238 1914 Ior-

279 1927 389 1958 danem
412 1928 526 1956 terram
552 1924 624 1955 Gad
647 1929 673 1955 ec
699 1925 838 1955 (r'alaadz
869 1935 1020 1964 quumque
1042 1925 1141 1957 adhuc
1163 1929 1239 1957 esset

281 1968 359 2000 Saul
391 1969 424 1999 in
456 1967 594 2006 Galyala
623 1967 788 1998 universus
815 1968 952 2006 populus
975 1969 1158 2008 perterritus
1185 1971 1236 2005 est,

280 2012 333 2051 qui
355 2010 534 2050 sequebatur
556 2020 632 2040 eum.

367 2096 526 2134 Deinceps
556 2095 734 2125 videbimus
763 2095 920 2134 quomodo
950 2106 1080 2127 suarum
1104 2098 1237 2136 promis-

280 2139 406 2169 sionum
431 2137 520 2168 Deus
544 2148 666 2168 memor
699 2137 807 2176 populi
831 2138 878 2168 sui
902 2138 1063 2170 israelitici
1087 2139 1238 2171 misertus

281 2182 332 2218 sit,
352 2181 582 2219 victoriamque
602 2180 640 2210 de
660 2179 808 2210 hostibus
828 2180 959 2217 dederit,
979 2192 1042 2221 qua
1060 2192 1123 2212 non
1144 2183 1238 2213 modo

281 2233 372 2254 suam
401 2223 582 2253 libertatem
621 2229 744 2253 tutatus
781 2228 845 2259 est,
885 2223 939 2254 sed
968 2224 1062 2264 longe
1090 2225 1238 2264 superior

281 2266 382 2296 faetus
406 2266 501 2296 etiam
525 2265 677 2295 ditionem
697 2276 786 2296 suam
808 2267 1012 2306 propagavit:
1037 2267 1110 2298 licet
1129 2274 1237 2299 tamen

282 2307 389 2339 Saulis
419 2318 554 2348 regnum
586 2308 717 2338 minime
747 2308 843 2339 fuisse
872 2307 1060 2340 diuturnum
1084 2311 1179 2340 etiam
1205 2312 1236 2341 in

282 2350 489 2390 sequentibus
527 2350 627 2380 visuri
664 2350 779 2380 simus:
818 2351 974 2390 siquidem
1010 2353 1094 2383 malo
1123 2352 1237 2384 funda—

282 2399 391 2423 mento
415 2392 584 2428 nitebatur,
609 2403 733 2432 nempe,
757 2403 820 2424 non
844 2395 983 2433 gratuita
1002 2395 1063 2426 Dei
1082 2395 1237 2427 electione

283 2437 337 2466 sed
375 2435 487 2475 populi
523 2435 756 2466 murmurantis
790 2436 1008 2475 postulatione.
1055 2438 1126 2468 Duo
1160 2444 1236 2469 sunt

283 2478 383 2518 igitur
405 2478 509 2517 capita
531 2477 584 2507 hic
606 2477 775 2517 praecipue
798 2478 1006 2516 observanda,
1040 2482 1122 2520 quae
1145 2481 1234 2512 dein-

282 2531 357 2560 ceps
386 2520 418 2550 in
450 2520 602 2550 historiae
625 2521 706 2550 serie
728 2520 845 2552 clarius
867 2523 1075 2561 apparebunt,
1110 2534 1233 2564 nempe,

283 2562 390 2594 Deum
413 2562 528 2602 populo
553 2564 674 2593 crimen
694 2562 772 2593 illud
791 2565 1009 2596 contumaciae
1027 2565 1234 2605 condonasse,

281 2606 401 2636 malum
431 2606 465 2635 in
496 2605 614 2636 bonum
644 2611 894 2646 convertentem⁷
931 2612 962 2638 et
991 2608 1145 2640 adversus
1174 2609 1234 2641 ini-

283 2649 381 2680 micos
404 2647 636 2684 infestissimos,
660 2653 735 2687 puta
758 2648 957 2687 Philistaeos,
980 2661 1105 2692 semper
1128 2652 1234 2683 defen-

1294 861 1394 893 disse:
1418 861 1531 893 deinde
1554 872 1618 893 non
1641 863 1737 894 fuisse
1760 868 1868 895 tamen
1888 865 2078 897 diuturnum
2097 865 2177 897 illud
2196 865 2251 897 be-

1293 904 1452 944 neficium,
1482 904 1564 944 quod
1594 915 1728 945 regnum
1756 906 1836 937 illud
1863 908 1954 939 cuius
1976 908 2098 939 malum
2120 908 2249 940 initium

1293 948 1397 978 fuerat
1419 952 1579 987 oporteret
1601 948 1728 979 aboleri.
1774 949 1917 980 Tandem
1940 951 2039 981 etiam
2058 949 2250 989 videbimus,

1294 990 1454 1029 quomodo
1476 990 1633 1029 paulatim
1656 990 1736 1022 Saul
1759 1002 1777 1022 a
1800 992 1940 1023 Domino
1964 993 2124 1031 defecerit,
2148 998 2180 1024 et
2201 993 2251 1024 vi-

1294 1033 1400 1063 cissim
1424 1043 1442 1063 a
1466 1032 1536 1063 Deo
1559 1033 1600 1063 sit
1622 1032 1800 1072 derelictus,
1824 1034 1924 1066 donec
1944 1036 2102 1075 pessimus
2121 1036 2250 1067 tandem

1294 1075 1395 1114 ipsius
1418 1075 1526 1106 exitus
1549 1076 1655 1107 fuerit.
1700 1076 1784 1107 Nam
1807 1077 1840 1107 in
1863 1078 1985 1117 praelio
2007 1078 2131 1117 cecidit,
2162 1089 2252 1110 caeso

1294 1117 1469 1158 fugatoque
1500 1118 1626 1158 populo,
1661 1123 1696 1149 ut
1726 1119 1759 1149 in
1790 1130 1953 1151 summum
1983 1120 2168 1152 discrimem
2197 1121 2253 1152 ad·

1295 1160 1407 1192 ductae
1448 1160 1558 1200 populi
1599 1171 1649 1191 res
1688 1161 1890 1200 viderentur,
1928 1163 2010 1203 quod
2056 1174 2120 1195 non
2157 1164 2252 1195 modo

1295 1203 1411 1234 misere
1430 1202 1470 1233 ad
1488 1202 1700 1234 idololatriam
1720 1203 1895 1241 defecisset,
1914 1205 1969 1236 sed
1989 1211 2142 1246 tanquam
2161 1206 2251 1238 nefa-

1294 1247 1362 1276 rius
1391 1246 1582 1281 incantator,
1614 1257 1631 1277 a
1662 1246 1783 1277 diabolo
1813 1247 1982 1278 consilium
2005 1249 2250 1288 exquisivisset:

1294 1294 1326 1319 et
1348 1288 1418 1319 Deo
1440 1288 1502 1328 ipsi
1525 1289 1558 1319 in
1578 1288 1736 1319 Samuelis
1756 1300 1890 1329 persona
1908 1291 2089 1323 restitisset.
2113 1290 2252 1323 Summa

1294 1332 1394 1371 igitur
1418 1330 1525 1362 Saulis
1555 1331 1736 1369 infidelitas,
1766 1342 1862 1371 quam
1885 1340 2020 1373 sequuta
2043 1338 2091 1365 est
2113 1334 2252 1374 insignis

1294 1373 1434 1410 rebellio,
1467 1374 1616 1413 deinceps
1639 1373 1843 1411 describetur,
1878 1380 1910 1406 et
1933 1376 2065 1407 tandem
2088 1377 2185 1407 etiam
2207 1377 2253 1408 di-

1294 1417 1404 1447 vinum
1436 1416 1586 1447 iudicium
1621 1422 1780 1456 sequetur,
1813 1427 1892 1456 quae
1926 1418 1994 1449 suis
2029 1419 2106 1450 locis
2139 1418 2252 1451 ordine

1294 1459 1421 1499 singula
1455 1458 1676 1490 describentur
1709 1466 1739 1490 et
1772 1460 2029 1499 explicabuntur.
2070 1461 2166 1492 Nunc
2188 1462 2251 1494 ista

1293 1501 1523 1541 expendamus,
1567 1501 1646 1532 Saul
1683 1501 1770 1541 filius
1809 1503 1905 1533 unius
1935 1504 2012 1534 anni
2045 1507 2118 1542 erat,
2157 1514 2252 1544 quum

1292 1555 1422 1585 regnare
1452 1545 1605 1583 coepisset,
1634 1546 1660 1575 et
1682 1546 1822 1584 reynavit
1844 1545 1960 1576 duobus
1983 1547 2086 1578 annis.
2131 1546 2251 1578 Obser-

1292 1587 1399 1618 vanda
1432 1587 1558 1626 phrasis
1591 1586 1747 1618 Hebraea.
1794 1587 1900 1618 Filius
1932 1589 2028 1619 unius
2061 1590 2146 1627 anni,
2186 1601 2244 1630 pro

1292 1629 1371 1661 Saul
1394 1640 1515 1660 annum
1541 1636 1737 1670 regnaveret‚
1761 1637 1791 1660 et
1810 1630 1887 1661 alias
1907 1630 1990 1671 apud
2010 1631 2133 1669 Mosen,
2158 1633 2245 1664 Ada-

1291 1683 1362 1703 mus
1392 1678 1461 1703 erat
1494 1672 1578 1703 filius
1608 1673 1863 1712 octingentorum
1893 1683 2061 1711 annorum,
2092 1674 2245 1708 Noachus

1291 1721 1361 1746 erat
1383 1715 1468 1746 filius
1491 1715 1737 1754 quingentorum
1760 1725 1928 1746 annorum.
1973 1716 2087 1756 Itaque
2115 1722 2244 1758 tempus

1291 1762 1417 1788 tantum
1445 1757 1632 1797 designatur
1662 1758 1753 1797 regni
1781 1758 1906 1789 Saulis:
1937 1758 2020 1797 quod
2044 1769 2119 1790 vero
2141 1762 2244 1800 sequi-

1290 1806 1354 1840 tur,
1394 1801 1532 1840 reynavit
1570 1800 1687 1831 duobus
1719 1801 1818 1837 annis,
1858 1801 2013 1840 quosdam
2054 1802 2245 1842 interpretes

1290 1844 1429 1874 multum
1459 1844 1559 1879 torsit,
1589 1842 1671 1882 qnod
1701 1843 1820 1873 diutius
1843 1843 1976 1873 Saulem
2000 1854 2152 1884 regnasse
2175 1856 2245 1877 cer-

1289 1891 1359 1916 tum
1383 1887 1434 1916 sit.
1479 1886 1521 1916 Et
1552 1885 1740 1915 nominatim
1771 1886 1866 1916 etiam
1890 1886 1923 1915 in
1948 1888 2038 1917 Actis
2061 1888 2245 1927 apostolicis

1291 1928 1408 1960 dicitur
1431 1938 1532 1959 annos
1556 1927 1766 1968 quadraginta
1788 1938 1948 1967 regnasse.
1979 1927 2122 1967 Quinam
2145 1930 2246 1970 igitur

1290 1972 1352 2002 ista
1374 1971 1459 2001 iuter
1482 1982 1515 2001 se
1538 1970 1749 2001 convenient?
1795 1970 1935 2008 Quidam
1965 1971 2066 2011 igitur
2088 1971 2167 2004 haec
2188 1985 2245 2005 vo-

1291 2014 1362 2044 lunt
1393 2025 1449 2054 per
1482 2014 1642 2053 quandam
1676 2013 1917 2044 similitudinem
1952 2013 2035 2044 dicta
2068 2015 2175 2053 fuisse,
2208 2021 2246 2047 ut

1291 2057 1415 2087 dicatur
1438 2056 1523 2086 filius
1547 2056 1642 2086 unius
1665 2056 1739 2086 anni
1763 2057 1868 2092 fuisse,
1892 2066 1990 2095 quum
2014 2067 2151 2096 regnare
2174 2069 2244 2090 coe-

1291 2100 1399 2139 pisset,
1427 2098 1466 2129 ad
1497 2104 1618 2129 tantam
1643 2099 1711 2129 eius
1734 2098 1968 2137 simplicitatem
1993 2099 2174 2137 notandam,
2207 2107 2245 2132 ut

1292 2142 1388 2172 unius
1413 2142 1487 2172 anni
1511 2141 1616 2171 infans
1641 2141 1810 2171 videretur.
1856 2141 1899 2171 Et
1929 2146 2043 2172 notum
2074 2142 2153 2173 illud
2176 2143 2244 2174 Do-

1292 2185 1372 2215 mini
1395 2184 1497 2215 nostri
1519 2191 1733 2223 pracceptum,
1759 2193 1815 2214 nos
1840 2183 1900 2214 nisi
1925 2184 2099 2215 infantibus
2123 2186 2244 2217 similes

1292 2227 1456 2265 fuerimus,
1488 2227 1520 2257 in
1550 2237 1683 2266 regnum
1715 2226 1873 2257 coelorum
1904 2236 1967 2256 non
1999 2236 2090 2265 posse
2114 2228 2243 2260 intrare.

1293 2269 1419 2308 Quibus
1438 2269 1544 2299 verbis
1567 2279 1693 2299 omnem
1712 2269 1928 2303 ambitionem,
1960 2269 2125 2307 malitiam,
2148 2270 2244 2310 dolos,

1293 2312 1421 2343 fraudes
1453 2318 1483 2342 et
1513 2312 1590 2341 vitia
1619 2311 1732 2350 quibus
1756 2311 1883 2341 obnoxii
1912 2317 1987 2341 sunt
2011 2311 2156 2343 homines
2180 2314 2244 2344 iam

1293 2356 1356 2385 viri
1396 2355 1480 2393 facti⁷
1522 2354 1681 2383 Dominus
1717 2353 1916 2384 condemnat.
1971 2353 2110 2392 Quidam
2145 2356 2245 2396 igitur

1295 2398 1481 2428 existimant
1516 2396 1605 2427 Sauli
1639 2395 1724 2426 laudi
1759 2396 1838 2433 duci,
1872 2406 1970 2435 quum
2005 2396 2122 2428 dicitur
2159 2398 2244 2431 filius

1295 2441 1370 2471 anni
1401 2440 1504 2475 fuisse,
1536 2438 1624 2478 qnasi
1654 2438 1768 2468 fuisset
1797 2439 1865 2469 sine
1894 2438 1965 2469 dolo
1994 2443 2026 2469 et
2049 2440 2182 2478 malitia,
2213 2447 2245 2473 et

1296 2482 1472 2522 angelicam
1496 2481 1719 2521 perfectionem
1745 2486 1827 2511 esset
1851 2487 2055 2520 assequutus,
2079 2488 2173 2522 atque
2195 2483 2245 2515 in-

1296 2526 1424 2560 genium
1449 2523 1548 2554 docile
1572 2530 1602 2554 et
1625 2528 1827 2554 mansuetum
1852 2523 2023 2561 habuisset,
2059 2524 2098 2555 ad
2121 2525 2246 2565 placide

1295 2561 1498 2603 audiendum,
1521 2572 1553 2597 et
1575 2576 1608 2596 se
1631 2565 1765 2596 docilem
1788 2565 2014 2606 praebendum.
2052 2567 2146 2605 Quae
2168 2579 2245 2601 sane

1295 2620 1369 2640 vera
1396 2614 1471 2640 sunt
1500 2609 1615 2639 omnia.
1660 2608 1743 2638 Nam
1768 2613 1862 2639 antea
1890 2608 2029 2640 vidimus
2052 2620 2116 2641 non
2140 2612 2247 2643 exsul-

1294 2658 1377 2683 tasse
1396 2652 1511 2691 ipsum,
1535 2661 1637 2690 neque
1660 2650 1777 2682 elatum
1802 2651 1908 2687 fuisse,
1932 2651 2005 2682 licet
2028 2653 2092 2682 iam
2115 2653 2249 2693 electus,

2064 2703 2095 2728 18
