<?xml version="1.0" encoding="UTF-8"?>
<!DOCTYPE html PUBLIC "-//W3C//DTD XHTML 1.0 Transitional//EN"
    "http://www.w3.org/TR/xhtml1/DTD/xhtml1-transitional.dtd">
<html xmlns="http://www.w3.org/1999/xhtml" xml:lang="en" lang="en">
 <head>
  <title>
</title>
<meta http-equiv="Content-Type" content="text/html;charset=utf-8" />
  <meta name='ocr-system' content='tesseract 3.04.00' />
  <meta name='ocr-capabilities' content='ocr_page ocr_carea ocr_par ocr_line ocrx_word'/>
</head>
<body>
  <div class='ocr_page' id='page_1' title='image "./ioanniscalviniop30calv_0233.png"; bbox 0 0 2551 3044; ppageno 0'>
   <div class='ocr_carea' id='block_1_1' title="bbox 131 209 193 239">
    <p class='ocr_par' dir='ltr' id='par_1_1' title="bbox 131 209 193 239">
     <span class='ocr_line' id='line_1_1' title="bbox 131 209 193 239; baseline 0 0"><span class='ocrx_word' id='word_1_1' title='bbox 131 209 193 239; x_wconf 83' lang='lat'><strong>445</strong></span> 
     </span>
    </p>
   </div>
   <div class='ocr_carea' id='block_1_2' title="bbox 130 298 1120 341">
    <p class='ocr_par' dir='ltr' id='par_1_2' title="bbox 130 298 1120 341">
     <span class='ocr_line' id='line_1_2' title="bbox 130 298 1120 341; baseline -0.006 -7"><span class='ocrx_word' id='word_1_2' title='bbox 130 314 212 340; x_wconf 86' lang='lat' dir='ltr'><strong>mus,</strong></span> <span class='ocrx_word' id='word_1_3' title='bbox 247 302 466 333; x_wconf 80' lang='lat' dir='ltr'>laborantibus</span> <span class='ocrx_word' id='word_1_4' title='bbox 504 300 659 341; x_wconf 77' lang='lat' dir='ltr'>proximis</span> <span class='ocrx_word' id='word_1_5' title='bbox 694 299 850 330; x_wconf 82' lang='lat' dir='ltr'><strong>auxilium</strong></span> <span class='ocrx_word' id='word_1_6' title='bbox 886 298 986 336; x_wconf 89' lang='lat' dir='ltr'><strong>ferre,</strong></span> <span class='ocrx_word' id='word_1_7' title='bbox 1029 309 1091 329; x_wconf 88' lang='lat' dir='ltr'><strong>non</strong></span> <span class='ocrx_word' id='word_1_8' title='bbox 1119 312 1120 319; x_wconf 57' lang='lat'><strong>.</strong></span> 
     </span>
    </p>
   </div>
   <div class='ocr_carea' id='block_1_3' title="bbox 123 341 1092 2685">
    <p class='ocr_par' dir='ltr' id='par_1_3' title="bbox 125 341 1092 853">
     <span class='ocr_line' id='line_1_3' title="bbox 131 341 1091 385; baseline -0.006 -8"><span class='ocrx_word' id='word_1_9' title='bbox 131 349 355 385; x_wconf 74' lang='lat' dir='ltr'><strong>exspectantes</strong></span> <span class='ocrx_word' id='word_1_10' title='bbox 387 351 421 375; x_wconf 90' lang='lat' dir='ltr'><strong>ut</strong></span> <span class='ocrx_word' id='word_1_11' title='bbox 456 353 513 374; x_wconf 91' lang='lat' dir='ltr'><strong>nos</strong></span> <span class='ocrx_word' id='word_1_12' title='bbox 543 343 668 382; x_wconf 85' lang='lat' dir='ltr'><strong>magnis</strong></span> <span class='ocrx_word' id='word_1_13' title='bbox 691 341 886 372; x_wconf 85' lang='lat' dir='ltr'><strong>clamoribus</strong></span> <span class='ocrx_word' id='word_1_14' title='bbox 917 341 1091 372; x_wconf 81' lang='lat' dir='ltr'>advocent:</span> 
     </span>
     <span class='ocr_line' id='line_1_4' title="bbox 130 384 1092 427; baseline -0.007 -6"><span class='ocrx_word' id='word_1_15' title='bbox 130 389 186 421; x_wconf 86' lang='lat' dir='ltr'><strong>sed</strong></span> <span class='ocrx_word' id='word_1_16' title='bbox 212 388 272 418; x_wconf 84' lang='lat' dir='ltr'><strong>Dei</strong></span> <span class='ocrx_word' id='word_1_17' title='bbox 297 392 500 427; x_wconf 82' lang='lat' dir='ltr'><strong>praeceptum</strong></span> <span class='ocrx_word' id='word_1_18' title='bbox 532 385 702 421; x_wconf 90' lang='lat' dir='ltr'><strong>intuentes,</strong></span> <span class='ocrx_word' id='word_1_19' title='bbox 733 385 825 415; x_wconf 87' lang='lat' dir='ltr'><strong>cuius</strong></span> <span class='ocrx_word' id='word_1_20' title='bbox 855 384 1006 423; x_wconf 85' lang='lat' dir='ltr'><strong>quoniam</strong></span> <span class='ocrx_word' id='word_1_21' title='bbox 1032 395 1092 414; x_wconf 79' lang='lat' dir='ltr'><strong>vox</strong></span> 
     </span>
     <span class='ocr_line' id='line_1_5' title="bbox 130 426 1092 468; baseline -0.007 -5"><span class='ocrx_word' id='word_1_22' title='bbox 130 437 256 463; x_wconf 83' lang='lat' dir='ltr'><strong>nostras</strong></span> <span class='ocrx_word' id='word_1_23' title='bbox 279 440 371 460; x_wconf 86' lang='lat' dir='ltr'><strong>aures</strong></span> <span class='ocrx_word' id='word_1_24' title='bbox 394 433 547 468; x_wconf 89' lang='lat' dir='ltr'><strong>perpetuo</strong></span> <span class='ocrx_word' id='word_1_25' title='bbox 570 427 666 458; x_wconf 86' lang='lat' dir='ltr'><strong>ferire</strong></span> <span class='ocrx_word' id='word_1_26' title='bbox 695 426 798 463; x_wconf 87' lang='lat' dir='ltr'><strong>debet,</strong></span> <span class='ocrx_word' id='word_1_27' title='bbox 828 426 939 456; x_wconf 86' lang='lat' dir='ltr'><strong>demus</strong></span> <span class='ocrx_word' id='word_1_28' title='bbox 962 436 1092 466; x_wconf 86' lang='lat' dir='ltr'><strong>operam</strong></span> 
     </span>
     <span class='ocr_line' id='line_1_6' title="bbox 130 470 1091 511; baseline -0.007 -6"><span class='ocrx_word' id='word_1_29' title='bbox 130 481 166 506; x_wconf 87' lang='lat' dir='ltr'><strong>ut</strong></span> <span class='ocrx_word' id='word_1_30' title='bbox 188 473 291 504; x_wconf 74' lang='lat' dir='ltr'><strong>maius</strong></span> <span class='ocrx_word' id='word_1_31' title='bbox 314 471 440 511; x_wconf 88' lang='lat' dir='ltr'><strong>pondus</strong></span> <span class='ocrx_word' id='word_1_32' title='bbox 462 480 538 510; x_wconf 87' lang='lat' dir='ltr'><strong>erga</strong></span> <span class='ocrx_word' id='word_1_33' title='bbox 563 479 621 500; x_wconf 87' lang='lat' dir='ltr'><strong>nos</strong></span> <span class='ocrx_word' id='word_1_34' title='bbox 644 480 739 508; x_wconf 89' lang='lat' dir='ltr'><strong>quam</strong></span> <span class='ocrx_word' id='word_1_35' title='bbox 753 470 897 499; x_wconf 89' lang='lat' dir='ltr'><strong>omnium</strong></span> <span class='ocrx_word' id='word_1_36' title='bbox 925 470 1091 499; x_wconf 85' lang='lat' dir='ltr'><strong>hominum</strong></span> 
     </span>
     <span class='ocr_line' id='line_1_7' title="bbox 128 511 1092 556; baseline -0.008 -8"><span class='ocrx_word' id='word_1_37' title='bbox 128 518 330 556; x_wconf 82' lang='lat' dir='ltr'><strong>importunae</strong></span> <span class='ocrx_word' id='word_1_38' title='bbox 361 522 453 544; x_wconf 90' lang='lat' dir='ltr'><strong>voces</strong></span> <span class='ocrx_word' id='word_1_39' title='bbox 483 512 608 543; x_wconf 88' lang='lat' dir='ltr'><strong>habeat.</strong></span> <span class='ocrx_word' id='word_1_40' title='bbox 654 511 740 542; x_wconf 71' lang='lat' dir='ltr'><strong>Sane</strong></span> <span class='ocrx_word' id='word_1_41' title='bbox 770 512 872 542; x_wconf 83' lang='lat' dir='ltr'><strong>fateor</strong></span> <span class='ocrx_word' id='word_1_42' title='bbox 901 522 960 542; x_wconf 89' lang='lat' dir='ltr'><strong>nos</strong></span> <span class='ocrx_word' id='word_1_43' title='bbox 989 513 1092 550; x_wconf 85' lang='lat' dir='ltr'><strong>magis</strong></span> 
     </span>
     <span class='ocr_line' id='line_1_8' title="bbox 129 554 1091 591; baseline -0.006 -2"><span class='ocrx_word' id='word_1_44' title='bbox 129 559 168 591; x_wconf 84' lang='lat' dir='ltr'><strong>ad</strong></span> <span class='ocrx_word' id='word_1_45' title='bbox 198 555 447 588; x_wconf 89' lang='lat' dir='ltr'><strong>misericordiam</strong></span> <span class='ocrx_word' id='word_1_46' title='bbox 472 555 557 585; x_wconf 93' lang='lat' dir='ltr'><strong>flecti</strong></span> <span class='ocrx_word' id='word_1_47' title='bbox 580 554 695 585; x_wconf 90' lang='lat' dir='ltr'><strong>debere</strong></span> <span class='ocrx_word' id='word_1_48' title='bbox 714 554 903 584; x_wconf 88' lang='lat' dir='ltr'><strong>miserorum</strong></span> <span class='ocrx_word' id='word_1_49' title='bbox 927 555 1091 584; x_wconf 86' lang='lat' dir='ltr'><strong>hominum</strong></span> 
     </span>
     <span class='ocr_line' id='line_1_9' title="bbox 128 596 1090 636; baseline -0.006 -4"><span class='ocrx_word' id='word_1_50' title='bbox 128 599 265 635; x_wconf 85' lang='lat' dir='ltr'><strong>fletibus,</strong></span> <span class='ocrx_word' id='word_1_51' title='bbox 289 602 434 629; x_wconf 85' lang='lat' dir='ltr'><strong>nostram</strong></span> <span class='ocrx_word' id='word_1_52' title='bbox 457 607 587 636; x_wconf 80' lang='lat' dir='ltr'><strong>operam</strong></span> <span class='ocrx_word' id='word_1_53' title='bbox 611 596 874 636; x_wconf 86' lang='lat' dir='ltr'><strong>implorantibus:</strong></span> <span class='ocrx_word' id='word_1_54' title='bbox 907 596 963 627; x_wconf 88' lang='lat' dir='ltr'><strong>sed</strong></span> <span class='ocrx_word' id='word_1_55' title='bbox 994 597 1090 626; x_wconf 89' lang='lat' dir='ltr'><strong>etiam</strong></span> 
     </span>
     <span class='ocr_line' id='line_1_10' title="bbox 128 638 1091 679; baseline -0.006 -5"><span class='ocrx_word' id='word_1_56' title='bbox 128 644 177 675; x_wconf 90' lang='lat' dir='ltr'><strong>aio</strong></span> <span class='ocrx_word' id='word_1_57' title='bbox 200 651 259 672; x_wconf 82' lang='lat' dir='ltr'><strong>nos</strong></span> <span class='ocrx_word' id='word_1_58' title='bbox 282 640 383 671; x_wconf 90' lang='lat' dir='ltr'><strong>teneri</strong></span> <span class='ocrx_word' id='word_1_59' title='bbox 406 639 581 671; x_wconf 89' lang='lat' dir='ltr'><strong>commodis</strong></span> <span class='ocrx_word' id='word_1_60' title='bbox 604 639 746 679; x_wconf 91' lang='lat' dir='ltr'><strong>ipsorum</strong></span> <span class='ocrx_word' id='word_1_61' title='bbox 773 638 911 674; x_wconf 86' lang='lat' dir='ltr'><strong>studere,</strong></span> <span class='ocrx_word' id='word_1_62' title='bbox 943 645 975 669; x_wconf 91' lang='lat' dir='ltr'><strong>et</strong></span> <span class='ocrx_word' id='word_1_63' title='bbox 1005 638 1091 669; x_wconf 88' lang='lat' dir='ltr'><strong>labo-</strong></span> 
     </span>
     <span class='ocr_line' id='line_1_11' title="bbox 125 681 1090 723; baseline -0.006 -6"><span class='ocrx_word' id='word_1_64' title='bbox 125 684 271 717; x_wconf 77' lang='lat' dir='ltr'>rantibus</span> <span class='ocrx_word' id='word_1_65' title='bbox 290 693 383 723; x_wconf 90' lang='lat' dir='ltr'><strong>opem</strong></span> <span class='ocrx_word' id='word_1_66' title='bbox 396 683 490 721; x_wconf 85' lang='lat' dir='ltr'><strong>ferre,</strong></span> <span class='ocrx_word' id='word_1_67' title='bbox 510 682 584 712; x_wconf 88' lang='lat' dir='ltr'><strong>licet</strong></span> <span class='ocrx_word' id='word_1_68' title='bbox 602 682 663 721; x_wconf 91' lang='lat' dir='ltr'><strong>ipsi</strong></span> <span class='ocrx_word' id='word_1_69' title='bbox 677 681 716 712; x_wconf 91' lang='lat' dir='ltr'><strong>ad</strong></span> <span class='ocrx_word' id='word_1_70' title='bbox 736 692 792 712; x_wconf 89' lang='lat' dir='ltr'><strong>nos</strong></span> <span class='ocrx_word' id='word_1_71' title='bbox 806 692 870 712; x_wconf 92' lang='lat' dir='ltr'><strong>non</strong></span> <span class='ocrx_word' id='word_1_72' title='bbox 883 682 1090 721; x_wconf 85' lang='lat' dir='ltr'><strong>confugiant:</strong></span> 
     </span>
     <span class='ocr_line' id='line_1_12' title="bbox 127 723 1091 764; baseline -0.006 -4"><span class='ocrx_word' id='word_1_73' title='bbox 127 733 160 760; x_wconf 89' lang='lat' dir='ltr'><strong>et</strong></span> <span class='ocrx_word' id='word_1_74' title='bbox 182 726 328 759; x_wconf 84' lang='lat' dir='ltr'><strong>sufficere</strong></span> <span class='ocrx_word' id='word_1_75' title='bbox 351 725 466 756; x_wconf 89' lang='lat' dir='ltr'><strong>debere</strong></span> <span class='ocrx_word' id='word_1_76' title='bbox 489 723 573 764; x_wconf 93' lang='lat' dir='ltr'><strong>quod</strong></span> <span class='ocrx_word' id='word_1_77' title='bbox 597 735 615 755; x_wconf 95' lang='lat' dir='ltr'><strong>a</strong></span> <span class='ocrx_word' id='word_1_78' title='bbox 639 723 709 754; x_wconf 92' lang='lat' dir='ltr'><strong>Deo</strong></span> <span class='ocrx_word' id='word_1_79' title='bbox 733 735 894 762; x_wconf 85' lang='lat' dir='ltr'>vocamur,</span> <span class='ocrx_word' id='word_1_80' title='bbox 919 730 950 754; x_wconf 89' lang='lat' dir='ltr'><strong>et</strong></span> <span class='ocrx_word' id='word_1_81' title='bbox 973 724 1091 754; x_wconf 89' lang='lat' dir='ltr'><strong>sollici-</strong></span> 
     </span>
     <span class='ocr_line' id='line_1_13' title="bbox 126 767 1090 807; baseline -0.005 -6"><span class='ocrx_word' id='word_1_82' title='bbox 126 775 243 807; x_wconf 85' lang='lat' dir='ltr'>tamur,</span> <span class='ocrx_word' id='word_1_83' title='bbox 274 768 407 799; x_wconf 78' lang='lat' dir='ltr'><strong>docente</strong></span> <span class='ocrx_word' id='word_1_84' title='bbox 436 767 512 807; x_wconf 90' lang='lat' dir='ltr'><strong>quid</strong></span> <span class='ocrx_word' id='word_1_85' title='bbox 544 778 562 797; x_wconf 90' lang='lat' dir='ltr'><strong>a</strong></span> <span class='ocrx_word' id='word_1_86' title='bbox 586 767 679 798; x_wconf 87' lang='lat' dir='ltr'><strong>nobis</strong></span> <span class='ocrx_word' id='word_1_87' title='bbox 702 767 845 798; x_wconf 88' lang='lat' dir='ltr'><strong>officium</strong></span> <span class='ocrx_word' id='word_1_88' title='bbox 867 771 1015 797; x_wconf 90' lang='lat' dir='ltr'><strong>nostrum</strong></span> <span class='ocrx_word' id='word_1_89' title='bbox 1040 777 1090 796; x_wconf 89' lang='lat' dir='ltr'><strong>re-</strong></span> 
     </span>
     <span class='ocr_line' id='line_1_14' title="bbox 126 813 241 853; baseline -0.009 -9"><span class='ocrx_word' id='word_1_90' title='bbox 126 813 241 853; x_wconf 89' lang='lat' dir='ltr'><strong>quirat.</strong></span> 
     </span>
    </p>

    <p class='ocr_par' dir='ltr' id='par_1_4' title="bbox 123 851 1091 2685">
     <span class='ocr_line' id='line_1_15' title="bbox 210 851 1091 893; baseline -0.003 -8"><span class='ocrx_word' id='word_1_91' title='bbox 210 854 323 893; x_wconf 84' lang='lat' dir='ltr'><strong>Neque</strong></span> <span class='ocrx_word' id='word_1_92' title='bbox 348 863 423 884; x_wconf 90' lang='lat' dir='ltr'><strong>vero</strong></span> <span class='ocrx_word' id='word_1_93' title='bbox 442 857 549 883; x_wconf 89' lang='lat' dir='ltr'><strong>tamen</strong></span> <span class='ocrx_word' id='word_1_94' title='bbox 569 852 730 883; x_wconf 85' lang='lat' dir='ltr'><strong>Davidem</strong></span> <span class='ocrx_word' id='word_1_95' title='bbox 751 857 870 882; x_wconf 86' lang='lat' dir='ltr'><strong>temere</strong></span> <span class='ocrx_word' id='word_1_96' title='bbox 890 851 1091 883; x_wconf 87' lang='lat' dir='ltr'><strong>Ceilensibus</strong></span> 
     </span>
     <span class='ocr_line' id='line_1_16' title="bbox 125 894 1090 936; baseline -0.005 -7"><span class='ocrx_word' id='word_1_97' title='bbox 125 897 209 929; x_wconf 79' lang='lat' dir='ltr'><strong>ferre</strong></span> <span class='ocrx_word' id='word_1_98' title='bbox 242 895 406 936; x_wconf 86' lang='lat' dir='ltr'><strong>suppetias</strong></span> <span class='ocrx_word' id='word_1_99' title='bbox 442 895 604 931; x_wconf 85' lang='lat' dir='ltr'><strong>videmus,</strong></span> <span class='ocrx_word' id='word_1_100' title='bbox 646 895 706 925; x_wconf 88' lang='lat' dir='ltr'><strong>etsi</strong></span> <span class='ocrx_word' id='word_1_101' title='bbox 740 894 979 926; x_wconf 81' lang='lat' dir='ltr'><strong>laborantibus:</strong></span> <span class='ocrx_word' id='word_1_102' title='bbox 1014 904 1090 925; x_wconf 89' lang='lat' dir='ltr'><strong>nam</strong></span> 
     </span>
     <span class='ocr_line' id='line_1_17' title="bbox 126 937 1090 979; baseline -0.004 -8"><span class='ocrx_word' id='word_1_103' title='bbox 126 949 203 972; x_wconf 83' lang='lat' dir='ltr'><strong>sane</strong></span> <span class='ocrx_word' id='word_1_104' title='bbox 226 940 340 979; x_wconf 89' lang='lat' dir='ltr'><strong>ingens</strong></span> <span class='ocrx_word' id='word_1_105' title='bbox 363 938 527 969; x_wconf 83' lang='lat' dir='ltr'><strong>temeritas</strong></span> <span class='ocrx_word' id='word_1_106' title='bbox 550 937 664 969; x_wconf 85' lang='lat' dir='ltr'><strong>fuisset</strong></span> <span class='ocrx_word' id='word_1_107' title='bbox 687 938 714 968; x_wconf 88' lang='lat' dir='ltr'><strong>si</strong></span> <span class='ocrx_word' id='word_1_108' title='bbox 738 938 771 968; x_wconf 88' lang='lat' dir='ltr'><strong>in</strong></span> <span class='ocrx_word' id='word_1_109' title='bbox 795 942 860 968; x_wconf 91' lang='lat' dir='ltr'><strong>tam</strong></span> <span class='ocrx_word' id='word_1_110' title='bbox 880 947 1090 968; x_wconf 88' lang='lat' dir='ltr'><strong>numerosum</strong></span> 
     </span>
     <span class='ocr_line' id='line_1_18' title="bbox 126 980 1091 1020; baseline -0.003 -7"><span class='ocrx_word' id='word_1_111' title='bbox 126 982 380 1014; x_wconf 86' lang='lat' dir='ltr'><strong>Philistaeorum</strong></span> <span class='ocrx_word' id='word_1_112' title='bbox 423 980 600 1011; x_wconf 84' lang='lat' dir='ltr'><strong>exercitum</strong></span> <span class='ocrx_word' id='word_1_113' title='bbox 642 980 751 1010; x_wconf 91' lang='lat' dir='ltr'><strong>David</strong></span> <span class='ocrx_word' id='word_1_114' title='bbox 796 980 909 1020; x_wconf 88' lang='lat' dir='ltr'><strong>paucis</strong></span> <span class='ocrx_word' id='word_1_115' title='bbox 954 980 1091 1020; x_wconf 88' lang='lat' dir='ltr'><strong>stipatus</strong></span> 
     </span>
     <span class='ocr_line' id='line_1_19' title="bbox 125 1022 1091 1063; baseline -0.004 -7"><span class='ocrx_word' id='word_1_116' title='bbox 125 1024 284 1056; x_wconf 80' lang='lat' dir='ltr'><strong>militibus</strong></span> <span class='ocrx_word' id='word_1_117' title='bbox 307 1023 461 1063; x_wconf 88' lang='lat' dir='ltr'><strong>impetum</strong></span> <span class='ocrx_word' id='word_1_118' title='bbox 486 1023 621 1059; x_wconf 84' lang='lat' dir='ltr'><strong>fecisset,</strong></span> <span class='ocrx_word' id='word_1_119' title='bbox 646 1028 678 1053; x_wconf 90' lang='lat' dir='ltr'><strong>et</strong></span> <span class='ocrx_word' id='word_1_120' title='bbox 701 1023 905 1063; x_wconf 84' lang='lat' dir='ltr'><strong>arrogantiae</strong></span> <span class='ocrx_word' id='word_1_121' title='bbox 928 1022 1035 1062; x_wconf 90' lang='lat' dir='ltr'><strong>potius</strong></span> <span class='ocrx_word' id='word_1_122' title='bbox 1059 1026 1091 1052; x_wconf 92' lang='lat' dir='ltr'><strong>et</strong></span> 
     </span>
     <span class='ocr_line' id='line_1_20' title="bbox 125 1065 1089 1105; baseline -0.003 -7"><span class='ocrx_word' id='word_1_123' title='bbox 125 1067 298 1098; x_wconf 78' lang='lat' dir='ltr'><strong>temeritati</strong></span> <span class='ocrx_word' id='word_1_124' title='bbox 322 1076 418 1105; x_wconf 88' lang='lat' dir='ltr'><strong>quam</strong></span> <span class='ocrx_word' id='word_1_125' title='bbox 441 1065 624 1096; x_wconf 83' lang='lat' dir='ltr'><strong>fortitudini</strong></span> <span class='ocrx_word' id='word_1_126' title='bbox 646 1072 678 1096; x_wconf 90' lang='lat' dir='ltr'><strong>et</strong></span> <span class='ocrx_word' id='word_1_127' title='bbox 698 1066 809 1096; x_wconf 83' lang='lat' dir='ltr'><strong>virtuti</strong></span> <span class='ocrx_word' id='word_1_128' title='bbox 837 1065 947 1096; x_wconf 90' lang='lat' dir='ltr'><strong>datum</strong></span> <span class='ocrx_word' id='word_1_129' title='bbox 968 1065 1089 1102; x_wconf 84' lang='lat' dir='ltr'><strong>fuisset,</strong></span> 
     </span>
     <span class='ocr_line' id='line_1_21' title="bbox 125 1107 1090 1148; baseline -0.002 -8"><span class='ocrx_word' id='word_1_130' title='bbox 125 1110 188 1141; x_wconf 92' lang='lat' dir='ltr'><strong>nisi</strong></span> <span class='ocrx_word' id='word_1_131' title='bbox 212 1109 281 1140; x_wconf 90' lang='lat' dir='ltr'><strong>Deo</strong></span> <span class='ocrx_word' id='word_1_132' title='bbox 304 1109 394 1148; x_wconf 88' lang='lat' dir='ltr'><strong>prius</strong></span> <span class='ocrx_word' id='word_1_133' title='bbox 417 1108 565 1139; x_wconf 85' lang='lat' dir='ltr'><strong>invocato</strong></span> <span class='ocrx_word' id='word_1_134' title='bbox 589 1108 678 1139; x_wconf 89' lang='lat' dir='ltr'><strong>nisus</strong></span> <span class='ocrx_word' id='word_1_135' title='bbox 702 1108 824 1148; x_wconf 85' lang='lat' dir='ltr'><strong>fuisset⁷</strong></span> <span class='ocrx_word' id='word_1_136' title='bbox 853 1113 885 1138; x_wconf 93' lang='lat' dir='ltr'><strong>et</strong></span> <span class='ocrx_word' id='word_1_137' title='bbox 915 1108 955 1138; x_wconf 90' lang='lat' dir='ltr'><strong>ab</strong></span> <span class='ocrx_word' id='word_1_138' title='bbox 985 1118 1021 1138; x_wconf 91' lang='lat' dir='ltr'><strong>eo</strong></span> <span class='ocrx_word' id='word_1_139' title='bbox 1051 1107 1090 1138; x_wconf 93' lang='lat' dir='ltr'><strong>de</strong></span> 
     </span>
     <span class='ocr_line' id='line_1_22' title="bbox 124 1150 1091 1190; baseline -0.004 -6"><span class='ocrx_word' id='word_1_140' title='bbox 124 1152 234 1184; x_wconf 83' lang='lat' dir='ltr'><strong>futura</strong></span> <span class='ocrx_word' id='word_1_141' title='bbox 262 1151 397 1183; x_wconf 89' lang='lat' dir='ltr'><strong>victoria</strong></span> <span class='ocrx_word' id='word_1_142' title='bbox 427 1152 545 1182; x_wconf 81' lang='lat' dir='ltr'><strong>certior</strong></span> <span class='ocrx_word' id='word_1_143' title='bbox 575 1151 680 1182; x_wconf 90' lang='lat' dir='ltr'><strong>factus</strong></span> <span class='ocrx_word' id='word_1_144' title='bbox 710 1157 804 1182; x_wconf 90' lang='lat' dir='ltr'><strong>esset.</strong></span> <span class='ocrx_word' id='word_1_145' title='bbox 850 1150 958 1181; x_wconf 87' lang='lat' dir='ltr'><strong>David</strong></span> <span class='ocrx_word' id='word_1_146' title='bbox 989 1150 1091 1190; x_wconf 81' lang='lat' dir='ltr'><strong>igitur</strong></span> 
     </span>
     <span class='ocr_line' id='line_1_23' title="bbox 124 1192 1090 1233; baseline -0.002 -8"><span class='ocrx_word' id='word_1_147' title='bbox 124 1195 204 1226; x_wconf 90' lang='lat' dir='ltr'><strong>nihil</strong></span> <span class='ocrx_word' id='word_1_148' title='bbox 230 1200 349 1225; x_wconf 89' lang='lat' dir='ltr'><strong>temere</strong></span> <span class='ocrx_word' id='word_1_149' title='bbox 372 1194 522 1233; x_wconf 78' lang='lat' dir='ltr'><strong>suscepit,</strong></span> <span class='ocrx_word' id='word_1_150' title='bbox 545 1193 600 1225; x_wconf 90' lang='lat' dir='ltr'><strong>sed</strong></span> <span class='ocrx_word' id='word_1_151' title='bbox 620 1204 681 1233; x_wconf 88' lang='lat' dir='ltr'><strong>quo</strong></span> <span class='ocrx_word' id='word_1_152' title='bbox 702 1193 811 1224; x_wconf 88' lang='lat' dir='ltr'><strong>debuit</strong></span> <span class='ocrx_word' id='word_1_153' title='bbox 830 1193 942 1224; x_wconf 89' lang='lat' dir='ltr'><strong>ordine</strong></span> <span class='ocrx_word' id='word_1_154' title='bbox 961 1192 1090 1233; x_wconf 88' lang='lat' dir='ltr'><strong>singula</strong></span> 
     </span>
     <span class='ocr_line' id='line_1_24' title="bbox 125 1236 1089 1268; baseline -0.002 0"><span class='ocrx_word' id='word_1_155' title='bbox 125 1236 379 1268; x_wconf 87' lang='lat' dir='ltr'><strong>administravit:</strong></span> <span class='ocrx_word' id='word_1_156' title='bbox 403 1236 465 1267; x_wconf 91' lang='lat' dir='ltr'><strong>Dei</strong></span> <span class='ocrx_word' id='word_1_157' title='bbox 488 1236 574 1267; x_wconf 91' lang='lat' dir='ltr'><strong>enim</strong></span> <span class='ocrx_word' id='word_1_158' title='bbox 598 1236 797 1267; x_wconf 90' lang='lat' dir='ltr'><strong>voluntatem</strong></span> <span class='ocrx_word' id='word_1_159' title='bbox 828 1236 1009 1267; x_wconf 82' lang='lat' dir='ltr'><strong>sciscitatus</strong></span> <span class='ocrx_word' id='word_1_160' title='bbox 1040 1240 1089 1266; x_wconf 88' lang='lat' dir='ltr'><strong>est</strong></span> 
     </span>
     <span class='ocr_line' id='line_1_25' title="bbox 124 1278 1089 1319; baseline -0.003 -8"><span class='ocrx_word' id='word_1_161' title='bbox 124 1285 297 1319; x_wconf 85' lang='lat' dir='ltr'><strong>autequam</strong></span> <span class='ocrx_word' id='word_1_162' title='bbox 310 1278 484 1318; x_wconf 87' lang='lat' dir='ltr'><strong>quidquam</strong></span> <span class='ocrx_word' id='word_1_163' title='bbox 497 1279 739 1319; x_wconf 83' lang='lat' dir='ltr'><strong>aggrederetur.</strong></span> <span class='ocrx_word' id='word_1_164' title='bbox 770 1279 871 1309; x_wconf 89' lang='lat' dir='ltr'><strong>Porro</strong></span> <span class='ocrx_word' id='word_1_165' title='bbox 884 1289 946 1318; x_wconf 89' lang='lat' dir='ltr'><strong>qua</strong></span> <span class='ocrx_word' id='word_1_166' title='bbox 965 1279 1089 1309; x_wconf 92' lang='lat' dir='ltr'><strong>ratione</strong></span> 
     </span>
     <span class='ocr_line' id='line_1_26' title="bbox 123 1321 1089 1361; baseline -0.001 -8"><span class='ocrx_word' id='word_1_167' title='bbox 123 1322 231 1354; x_wconf 90' lang='lat' dir='ltr'><strong>Deum</strong></span> <span class='ocrx_word' id='word_1_168' title='bbox 266 1322 443 1353; x_wconf 83' lang='lat' dir='ltr'><strong>sciscitatus</strong></span> <span class='ocrx_word' id='word_1_169' title='bbox 477 1322 527 1357; x_wconf 80' lang='lat' dir='ltr'><strong>sit.</strong></span> <span class='ocrx_word' id='word_1_170' title='bbox 561 1332 627 1352; x_wconf 87' lang='lat' dir='ltr'><strong>non</strong></span> <span class='ocrx_word' id='word_1_171' title='bbox 661 1321 872 1361; x_wconf 77' lang='lat' dir='ltr'><strong>exprimitur,</strong></span> <span class='ocrx_word' id='word_1_172' title='bbox 907 1321 961 1352; x_wconf 88' lang='lat' dir='ltr'><strong>sed</strong></span> <span class='ocrx_word' id='word_1_173' title='bbox 996 1321 1089 1352; x_wconf 85' lang='lat' dir='ltr'><strong>facile</strong></span> 
     </span>
     <span class='ocr_line' id='line_1_27' title="bbox 123 1364 1089 1405; baseline -0.002 -9"><span class='ocrx_word' id='word_1_174' title='bbox 123 1364 285 1405; x_wconf 84' lang='lat' dir='ltr'><strong>colligitur</strong></span> <span class='ocrx_word' id='word_1_175' title='bbox 307 1375 348 1395; x_wconf 85' lang='lat' dir='ltr'><strong>ex</strong></span> <span class='ocrx_word' id='word_1_176' title='bbox 371 1370 524 1404; x_wconf 91' lang='lat' dir='ltr'><strong>sequente</strong></span> <span class='ocrx_word' id='word_1_177' title='bbox 542 1364 703 1395; x_wconf 90' lang='lat' dir='ltr'><strong>sententia</strong></span> <span class='ocrx_word' id='word_1_178' title='bbox 722 1364 921 1404; x_wconf 89' lang='lat' dir='ltr'><strong>interposita,</strong></span> <span class='ocrx_word' id='word_1_179' title='bbox 945 1364 1000 1404; x_wconf 92' lang='lat' dir='ltr'><strong>qui</strong></span> <span class='ocrx_word' id='word_1_180' title='bbox 1018 1374 1089 1394; x_wconf 90' lang='lat' dir='ltr'><strong>mos</strong></span> 
     </span>
     <span class='ocr_line' id='line_1_28' title="bbox 124 1407 1089 1447; baseline -0.002 -8"><span class='ocrx_word' id='word_1_181' title='bbox 124 1414 174 1439; x_wconf 82' lang='lat' dir='ltr'><strong>est</strong></span> <span class='ocrx_word' id='word_1_182' title='bbox 196 1417 305 1439; x_wconf 87' lang='lat' dir='ltr'><strong>sacrae</strong></span> <span class='ocrx_word' id='word_1_183' title='bbox 328 1407 457 1447; x_wconf 88' lang='lat' dir='ltr'><strong>linguae</strong></span> <span class='ocrx_word' id='word_1_184' title='bbox 469 1413 507 1437; x_wconf 90' lang='lat' dir='ltr'><strong>ut</strong></span> <span class='ocrx_word' id='word_1_185' title='bbox 529 1417 624 1447; x_wconf 89' lang='lat' dir='ltr'><strong>saepe</strong></span> <span class='ocrx_word' id='word_1_186' title='bbox 640 1412 813 1446; x_wconf 88' lang='lat' dir='ltr'><strong>antequam</strong></span> <span class='ocrx_word' id='word_1_187' title='bbox 834 1407 955 1446; x_wconf 89' lang='lat' dir='ltr'><strong>aliquid</strong></span> <span class='ocrx_word' id='word_1_188' title='bbox 980 1407 1089 1438; x_wconf 82' lang='lat' dir='ltr'><strong>verbis</strong></span> 
     </span>
     <span class='ocr_line' id='line_1_29' title="bbox 124 1449 1089 1490; baseline -0.001 -9"><span class='ocrx_word' id='word_1_189' title='bbox 124 1459 312 1490; x_wconf 84' lang='lat' dir='ltr'><strong>expressum</strong></span> <span class='ocrx_word' id='word_1_190' title='bbox 336 1450 387 1487; x_wconf 89' lang='lat' dir='ltr'><strong>sit,</strong></span> <span class='ocrx_word' id='word_1_191' title='bbox 410 1449 619 1490; x_wconf 85' lang='lat' dir='ltr'><strong>intelligatur.</strong></span> <span class='ocrx_word' id='word_1_192' title='bbox 657 1450 722 1481; x_wconf 90' lang='lat' dir='ltr'><strong>Per</strong></span> <span class='ocrx_word' id='word_1_193' title='bbox 741 1449 845 1489; x_wconf 88' lang='lat' dir='ltr'><strong>ephod</strong></span> <span class='ocrx_word' id='word_1_194' title='bbox 868 1450 968 1489; x_wconf 88' lang='lat' dir='ltr'><strong>igitur</strong></span> <span class='ocrx_word' id='word_1_195' title='bbox 992 1449 1089 1480; x_wconf 84' lang='lat' dir='ltr'><strong>inter-</strong></span> 
     </span>
     <span class='ocr_line' id='line_1_30' title="bbox 124 1491 1088 1533; baseline -0.002 -9"><span class='ocrx_word' id='word_1_196' title='bbox 124 1499 273 1533; x_wconf 81' lang='lat' dir='ltr'><strong>rogatum</strong></span> <span class='ocrx_word' id='word_1_197' title='bbox 297 1503 316 1523; x_wconf 90' lang='lat' dir='ltr'><strong>a</strong></span> <span class='ocrx_word' id='word_1_198' title='bbox 339 1491 467 1523; x_wconf 90' lang='lat' dir='ltr'><strong>Davide</strong></span> <span class='ocrx_word' id='word_1_199' title='bbox 490 1491 669 1523; x_wconf 91' lang='lat' dir='ltr'><strong>Dominum</strong></span> <span class='ocrx_word' id='word_1_200' title='bbox 696 1499 838 1532; x_wconf 86' lang='lat' dir='ltr'><strong>apparet.</strong></span> <span class='ocrx_word' id='word_1_201' title='bbox 883 1492 953 1523; x_wconf 87' lang='lat' dir='ltr'><strong>Iam</strong></span> <span class='ocrx_word' id='word_1_202' title='bbox 978 1497 1088 1523; x_wconf 88' lang='lat' dir='ltr'><strong>autem</strong></span> 
     </span>
     <span class='ocr_line' id='line_1_31' title="bbox 124 1533 1089 1575; baseline -0.001 -9"><span class='ocrx_word' id='word_1_203' title='bbox 124 1540 199 1566; x_wconf 86' lang='lat' dir='ltr'><strong>ante</strong></span> <span class='ocrx_word' id='word_1_204' title='bbox 233 1534 371 1567; x_wconf 88' lang='lat' dir='ltr'><strong>vidimus</strong></span> <span class='ocrx_word' id='word_1_205' title='bbox 403 1534 585 1566; x_wconf 85' lang='lat' dir='ltr'><strong>sacerdotes</strong></span> <span class='ocrx_word' id='word_1_206' title='bbox 625 1535 787 1575; x_wconf 90' lang='lat' dir='ltr'><strong>quoddam</strong></span> <span class='ocrx_word' id='word_1_207' title='bbox 830 1546 942 1566; x_wconf 86' lang='lat' dir='ltr'><strong>omnes</strong></span> <span class='ocrx_word' id='word_1_208' title='bbox 982 1533 1089 1574; x_wconf 89' lang='lat' dir='ltr'><strong>ephod</strong></span> 
     </span>
     <span class='ocr_line' id='line_1_32' title="bbox 123 1577 1088 1619; baseline -0.001 -10"><span class='ocrx_word' id='word_1_209' title='bbox 123 1582 269 1619; x_wconf 85' lang='lat' dir='ltr'><strong>gestasse</strong></span> <span class='ocrx_word' id='word_1_210' title='bbox 291 1577 374 1617; x_wconf 91' lang='lat' dir='ltr'><strong>quod</strong></span> <span class='ocrx_word' id='word_1_211' title='bbox 397 1577 459 1608; x_wconf 84' lang='lat' dir='ltr'><strong>fuit</strong></span> <span class='ocrx_word' id='word_1_212' title='bbox 481 1577 611 1618; x_wconf 84' lang='lat' dir='ltr'><strong>signum</strong></span> <span class='ocrx_word' id='word_1_213' title='bbox 642 1578 792 1618; x_wconf 86' lang='lat' dir='ltr'><strong>puritatis</strong></span> <span class='ocrx_word' id='word_1_214' title='bbox 823 1583 854 1609; x_wconf 90' lang='lat' dir='ltr'><strong>et</strong></span> <span class='ocrx_word' id='word_1_215' title='bbox 883 1578 1088 1618; x_wconf 88' lang='lat' dir='ltr'><strong>perfectionis</strong></span> 
     </span>
     <span class='ocr_line' id='line_1_33' title="bbox 124 1620 1087 1661; baseline -0.002 -9"><span class='ocrx_word' id='word_1_216' title='bbox 124 1631 206 1661; x_wconf 88' lang='lat' dir='ltr'><strong>quae</strong></span> <span class='ocrx_word' id='word_1_217' title='bbox 228 1620 263 1651; x_wconf 82' lang='lat' dir='ltr'><strong>in</strong></span> <span class='ocrx_word' id='word_1_218' title='bbox 286 1620 427 1651; x_wconf 90' lang='lat' dir='ltr'><strong>Domino</strong></span> <span class='ocrx_word' id='word_1_219' title='bbox 450 1627 559 1651; x_wconf 91' lang='lat' dir='ltr'><strong>nostro</strong></span> <span class='ocrx_word' id='word_1_220' title='bbox 582 1620 658 1652; x_wconf 91' lang='lat' dir='ltr'><strong>Iesu</strong></span> <span class='ocrx_word' id='word_1_221' title='bbox 681 1620 813 1652; x_wconf 86' lang='lat' dir='ltr'><strong>Christo</strong></span> <span class='ocrx_word' id='word_1_222' title='bbox 835 1625 893 1652; x_wconf 89' lang='lat' dir='ltr'><strong>est.</strong></span> <span class='ocrx_word' id='word_1_223' title='bbox 940 1620 1004 1652; x_wconf 78' lang='lat' dir='ltr'><strong>Sed</strong></span> <span class='ocrx_word' id='word_1_224' title='bbox 1028 1620 1087 1651; x_wconf 89' lang='lat' dir='ltr'><strong>fuit</strong></span> 
     </span>
     <span class='ocr_line' id='line_1_34' title="bbox 124 1662 1087 1704; baseline -0.002 -9"><span class='ocrx_word' id='word_1_225' title='bbox 124 1662 230 1704; x_wconf 88' lang='lat' dir='ltr'><strong>ephod</strong></span> <span class='ocrx_word' id='word_1_226' title='bbox 253 1663 462 1704; x_wconf 87' lang='lat' dir='ltr'><strong>praecipuum</strong></span> <span class='ocrx_word' id='word_1_227' title='bbox 484 1663 601 1694; x_wconf 89' lang='lat' dir='ltr'><strong>summi</strong></span> <span class='ocrx_word' id='word_1_228' title='bbox 625 1663 807 1701; x_wconf 83' lang='lat' dir='ltr'><strong>sacerdotis,</strong></span> <span class='ocrx_word' id='word_1_229' title='bbox 830 1668 866 1694; x_wconf 90' lang='lat' dir='ltr'><strong>ut</strong></span> <span class='ocrx_word' id='word_1_230' title='bbox 885 1663 960 1694; x_wconf 88' lang='lat' dir='ltr'><strong>alibi</strong></span> <span class='ocrx_word' id='word_1_231' title='bbox 979 1663 1087 1694; x_wconf 89' lang='lat' dir='ltr'><strong>docui-</strong></span> 
     </span>
     <span class='ocr_line' id='line_1_35' title="bbox 123 1705 1086 1746; baseline -0.001 -9"><span class='ocrx_word' id='word_1_232' title='bbox 123 1716 207 1745; x_wconf 88' lang='lat' dir='ltr'><strong>mus,</strong></span> <span class='ocrx_word' id='word_1_233' title='bbox 230 1706 264 1737; x_wconf 94' lang='lat' dir='ltr'><strong>in</strong></span> <span class='ocrx_word' id='word_1_234' title='bbox 287 1716 349 1746; x_wconf 94' lang='lat' dir='ltr'><strong>quo</strong></span> <span class='ocrx_word' id='word_1_235' title='bbox 373 1710 440 1737; x_wconf 85' lang='lat' dir='ltr'><strong>erat</strong></span> <span class='ocrx_word' id='word_1_236' title='bbox 459 1706 647 1737; x_wconf 78' lang='lat' dir='ltr'><strong>Thummim</strong></span> <span class='ocrx_word' id='word_1_237' title='bbox 671 1712 703 1737; x_wconf 88' lang='lat' dir='ltr'><strong>et</strong></span> <span class='ocrx_word' id='word_1_238' title='bbox 722 1706 824 1744; x_wconf 89' lang='lat' dir='ltr'><strong>Urim,</strong></span> <span class='ocrx_word' id='word_1_239' title='bbox 848 1706 880 1737; x_wconf 89' lang='lat' dir='ltr'><strong>id</strong></span> <span class='ocrx_word' id='word_1_240' title='bbox 899 1712 955 1744; x_wconf 87' lang='lat' dir='ltr'><strong>est,</strong></span> <span class='ocrx_word' id='word_1_241' title='bbox 979 1705 1086 1746; x_wconf 89' lang='lat' dir='ltr'><strong>splen-</strong></span> 
     </span>
     <span class='ocr_line' id='line_1_36' title="bbox 125 1748 1088 1789; baseline -0.002 -9"><span class='ocrx_word' id='word_1_242' title='bbox 125 1748 183 1780; x_wconf 90' lang='lat' dir='ltr'><strong>dor</strong></span> <span class='ocrx_word' id='word_1_243' title='bbox 212 1753 244 1780; x_wconf 88' lang='lat' dir='ltr'><strong>et</strong></span> <span class='ocrx_word' id='word_1_244' title='bbox 274 1748 433 1789; x_wconf 84' lang='lat' dir='ltr'><strong>perfectio.</strong></span> <span class='ocrx_word' id='word_1_245' title='bbox 486 1748 558 1787; x_wconf 80' lang='lat' dir='ltr'><strong>Quo</strong></span> <span class='ocrx_word' id='word_1_246' title='bbox 589 1759 735 1780; x_wconf 91' lang='lat' dir='ltr'><strong>summus</strong></span> <span class='ocrx_word' id='word_1_247' title='bbox 769 1749 916 1781; x_wconf 86' lang='lat' dir='ltr'><strong>sacerdos</strong></span> <span class='ocrx_word' id='word_1_248' title='bbox 950 1748 1088 1780; x_wconf 90' lang='lat' dir='ltr'><strong>amiculo</strong></span> 
     </span>
     <span class='ocr_line' id='line_1_37' title="bbox 125 1791 1088 1831; baseline 0 -9"><span class='ocrx_word' id='word_1_249' title='bbox 125 1791 330 1829; x_wconf 85' lang='lat' dir='ltr'><strong>vestiebatur,</strong></span> <span class='ocrx_word' id='word_1_250' title='bbox 353 1801 452 1831; x_wconf 89' lang='lat' dir='ltr'><strong>quum</strong></span> <span class='ocrx_word' id='word_1_251' title='bbox 471 1791 511 1822; x_wconf 83' lang='lat' dir='ltr'><strong>ad</strong></span> <span class='ocrx_word' id='word_1_252' title='bbox 529 1791 638 1823; x_wconf 90' lang='lat' dir='ltr'><strong>Deum</strong></span> <span class='ocrx_word' id='word_1_253' title='bbox 656 1802 843 1823; x_wconf 86' lang='lat' dir='ltr'><strong>accessurus</strong></span> <span class='ocrx_word' id='word_1_254' title='bbox 862 1797 939 1829; x_wconf 85' lang='lat' dir='ltr'><strong>erat,</strong></span> <span class='ocrx_word' id='word_1_255' title='bbox 963 1797 995 1822; x_wconf 93' lang='lat' dir='ltr'><strong>et</strong></span> <span class='ocrx_word' id='word_1_256' title='bbox 1014 1798 1088 1822; x_wconf 88' lang='lat' dir='ltr'><strong>ante</strong></span> 
     </span>
     <span class='ocr_line' id='line_1_38' title="bbox 125 1833 1087 1874; baseline -0.001 -9"><span class='ocrx_word' id='word_1_257' title='bbox 125 1833 240 1865; x_wconf 88' lang='lat' dir='ltr'><strong>faeiem</strong></span> <span class='ocrx_word' id='word_1_258' title='bbox 268 1835 474 1874; x_wconf 87' lang='lat' dir='ltr'><strong>appariturus</strong></span> <span class='ocrx_word' id='word_1_259' title='bbox 503 1844 577 1865; x_wconf 91' lang='lat' dir='ltr'><strong>cum</strong></span> <span class='ocrx_word' id='word_1_260' title='bbox 605 1834 764 1874; x_wconf 86' lang='lat' dir='ltr'><strong>precibus,</strong></span> <span class='ocrx_word' id='word_1_261' title='bbox 796 1840 833 1866; x_wconf 90' lang='lat' dir='ltr'><strong>ut</strong></span> <span class='ocrx_word' id='word_1_262' title='bbox 863 1834 1087 1866; x_wconf 80' lang='lat' dir='ltr'><strong>exaudiretur:</strong></span> 
     </span>
     <span class='ocr_line' id='line_1_39' title="bbox 125 1876 1088 1917; baseline 0.001 -10"><span class='ocrx_word' id='word_1_263' title='bbox 125 1877 217 1917; x_wconf 89' lang='lat' dir='ltr'><strong>quasi</strong></span> <span class='ocrx_word' id='word_1_264' title='bbox 247 1887 312 1907; x_wconf 91' lang='lat' dir='ltr'><strong>non</strong></span> <span class='ocrx_word' id='word_1_265' title='bbox 347 1876 486 1916; x_wconf 90' lang='lat' dir='ltr'><strong>amplius</strong></span> <span class='ocrx_word' id='word_1_266' title='bbox 520 1877 697 1908; x_wconf 85' lang='lat' dir='ltr'><strong>humanam</strong></span> <span class='ocrx_word' id='word_1_267' title='bbox 731 1882 881 1908; x_wconf 89' lang='lat' dir='ltr'><strong>naturam</strong></span> <span class='ocrx_word' id='word_1_268' title='bbox 917 1878 1088 1908; x_wconf 88' lang='lat' dir='ltr'><strong>retineret:</strong></span> 
     </span>
     <span class='ocr_line' id='line_1_40' title="bbox 124 1919 1087 1960; baseline 0.001 -10"><span class='ocrx_word' id='word_1_269' title='bbox 124 1919 180 1951; x_wconf 90' lang='lat' dir='ltr'><strong>sed</strong></span> <span class='ocrx_word' id='word_1_270' title='bbox 214 1919 345 1959; x_wconf 88' lang='lat' dir='ltr'><strong>speciali</strong></span> <span class='ocrx_word' id='word_1_271' title='bbox 380 1919 538 1960; x_wconf 84' lang='lat' dir='ltr'><strong>dignitate</strong></span> <span class='ocrx_word' id='word_1_272' title='bbox 572 1925 606 1950; x_wconf 89' lang='lat' dir='ltr'><strong>et</strong></span> <span class='ocrx_word' id='word_1_273' title='bbox 638 1920 833 1960; x_wconf 85' lang='lat' dir='ltr'><strong>perfectione</strong></span> <span class='ocrx_word' id='word_1_274' title='bbox 874 1920 948 1960; x_wconf 90' lang='lat' dir='ltr'><strong>plus</strong></span> <span class='ocrx_word' id='word_1_275' title='bbox 990 1923 1087 1960; x_wconf 84' lang='lat' dir='ltr'><strong>quam</strong></span> 
     </span>
     <span class='ocr_line' id='line_1_41' title="bbox 124 1961 1088 2004; baseline 0 -10"><span class='ocrx_word' id='word_1_276' title='bbox 124 1961 270 2002; x_wconf 82' lang='lat' dir='ltr'><strong>angelica</strong></span> <span class='ocrx_word' id='word_1_277' title='bbox 292 1967 377 1993; x_wconf 88' lang='lat' dir='ltr'><strong>esset</strong></span> <span class='ocrx_word' id='word_1_278' title='bbox 400 1962 547 1994; x_wconf 87' lang='lat' dir='ltr'><strong>amictus.</strong></span> <span class='ocrx_word' id='word_1_279' title='bbox 592 1962 701 1994; x_wconf 88' lang='lat' dir='ltr'><strong>Huius</strong></span> <span class='ocrx_word' id='word_1_280' title='bbox 731 1963 832 2004; x_wconf 81' lang='lat' dir='ltr'><strong>igitur</strong></span> <span class='ocrx_word' id='word_1_281' title='bbox 862 1963 930 2000; x_wconf 89' lang='lat' dir='ltr'><strong>loci,</strong></span> <span class='ocrx_word' id='word_1_282' title='bbox 961 1964 994 1994; x_wconf 90' lang='lat' dir='ltr'><strong>in</strong></span> <span class='ocrx_word' id='word_1_283' title='bbox 1026 1973 1088 2003; x_wconf 90' lang='lat' dir='ltr'><strong>quo</strong></span> 
     </span>
     <span class='ocr_line' id='line_1_42' title="bbox 124 2003 1087 2046; baseline 0.002 -11"><span class='ocrx_word' id='word_1_284' title='bbox 124 2003 232 2036; x_wconf 80' lang='lat' dir='ltr'><strong>David</strong></span> <span class='ocrx_word' id='word_1_285' title='bbox 262 2004 379 2036; x_wconf 88' lang='lat' dir='ltr'><strong>dicitur</strong></span> <span class='ocrx_word' id='word_1_286' title='bbox 408 2004 586 2036; x_wconf 82' lang='lat' dir='ltr'><strong>Dominum</strong></span> <span class='ocrx_word' id='word_1_287' title='bbox 617 2005 851 2046; x_wconf 85' lang='lat' dir='ltr'><strong>interrogasse,</strong></span> <span class='ocrx_word' id='word_1_288' title='bbox 887 2016 1001 2037; x_wconf 86' lang='lat' dir='ltr'><strong>sensus</strong></span> <span class='ocrx_word' id='word_1_289' title='bbox 1030 2010 1087 2044; x_wconf 86' lang='lat' dir='ltr'><strong>est,</strong></span> 
     </span>
     <span class='ocr_line' id='line_1_43' title="bbox 123 2047 1087 2087; baseline 0.002 -9"><span class='ocrx_word' id='word_1_290' title='bbox 123 2057 181 2087; x_wconf 90' lang='lat' dir='ltr'><strong>per</strong></span> <span class='ocrx_word' id='word_1_291' title='bbox 203 2047 308 2086; x_wconf 88' lang='lat' dir='ltr'><strong>ephod</strong></span> <span class='ocrx_word' id='word_1_292' title='bbox 331 2048 530 2079; x_wconf 85' lang='lat' dir='ltr'><strong>sciscitatum</strong></span> <span class='ocrx_word' id='word_1_293' title='bbox 560 2058 630 2079; x_wconf 89' lang='lat' dir='ltr'><strong>esse</strong></span> <span class='ocrx_word' id='word_1_294' title='bbox 655 2049 716 2079; x_wconf 91' lang='lat' dir='ltr'><strong>Dei</strong></span> <span class='ocrx_word' id='word_1_295' title='bbox 748 2049 957 2080; x_wconf 87' lang='lat' dir='ltr'><strong>voluntatem.</strong></span> <span class='ocrx_word' id='word_1_296' title='bbox 1003 2049 1087 2080; x_wconf 90' lang='lat' dir='ltr'><strong>Nam</strong></span> 
     </span>
     <span class='ocr_line' id='line_1_44' title="bbox 124 2089 1087 2132; baseline 0.003 -12"><span class='ocrx_word' id='word_1_297' title='bbox 124 2094 156 2120; x_wconf 89' lang='lat' dir='ltr'><strong>et</strong></span> <span class='ocrx_word' id='word_1_298' title='bbox 177 2089 271 2130; x_wconf 88' lang='lat' dir='ltr'><strong>paulo</strong></span> <span class='ocrx_word' id='word_1_299' title='bbox 290 2095 362 2130; x_wconf 89' lang='lat' dir='ltr'><strong>post</strong></span> <span class='ocrx_word' id='word_1_300' title='bbox 374 2091 536 2130; x_wconf 89' lang='lat' dir='ltr'><strong>sequitur:</strong></span> <span class='ocrx_word' id='word_1_301' title='bbox 561 2090 775 2122; x_wconf 86' lang='lat' dir='ltr'><strong>Abiatharum</strong></span> <span class='ocrx_word' id='word_1_302' title='bbox 789 2091 965 2132; x_wconf 88' lang='lat' dir='ltr'><strong>fugientem</strong></span> <span class='ocrx_word' id='word_1_303' title='bbox 979 2102 1087 2123; x_wconf 91' lang='lat' dir='ltr'><strong>secum</strong></span> 
     </span>
     <span class='ocr_line' id='line_1_45' title="bbox 123 2132 1087 2173; baseline 0.002 -10"><span class='ocrx_word' id='word_1_304' title='bbox 123 2132 226 2172; x_wconf 88' lang='lat' dir='ltr'><strong>ephod</strong></span> <span class='ocrx_word' id='word_1_305' title='bbox 256 2133 412 2164; x_wconf 89' lang='lat' dir='ltr'><strong>attulisse.</strong></span> <span class='ocrx_word' id='word_1_306' title='bbox 464 2133 616 2173; x_wconf 90' lang='lat' dir='ltr'><strong>Denique</strong></span> <span class='ocrx_word' id='word_1_307' title='bbox 649 2133 809 2165; x_wconf 89' lang='lat' dir='ltr'><strong>Davidem</strong></span> <span class='ocrx_word' id='word_1_308' title='bbox 841 2134 988 2166; x_wconf 91' lang='lat' dir='ltr'><strong>videmus</strong></span> <span class='ocrx_word' id='word_1_309' title='bbox 1022 2145 1087 2166; x_wconf 91' lang='lat' dir='ltr'><strong>non</strong></span> 
     </span>
     <span class='ocr_line' id='line_1_46' title="bbox 125 2175 1087 2217; baseline 0.002 -11"><span class='ocrx_word' id='word_1_310' title='bbox 125 2179 252 2212; x_wconf 88' lang='lat' dir='ltr'><strong>temere,</strong></span> <span class='ocrx_word' id='word_1_311' title='bbox 276 2186 379 2215; x_wconf 89' lang='lat' dir='ltr'><strong>neque</strong></span> <span class='ocrx_word' id='word_1_312' title='bbox 401 2176 468 2207; x_wconf 91' lang='lat' dir='ltr'><strong>suis</strong></span> <span class='ocrx_word' id='word_1_313' title='bbox 481 2175 605 2207; x_wconf 89' lang='lat' dir='ltr'><strong>viribus</strong></span> <span class='ocrx_word' id='word_1_314' title='bbox 617 2177 773 2208; x_wconf 91' lang='lat' dir='ltr'><strong>confisum</strong></span> <span class='ocrx_word' id='word_1_315' title='bbox 791 2188 998 2217; x_wconf 89' lang='lat' dir='ltr'><strong>progressum</strong></span> <span class='ocrx_word' id='word_1_316' title='bbox 1017 2187 1087 2209; x_wconf 90' lang='lat' dir='ltr'><strong>esse</strong></span> 
     </span>
     <span class='ocr_line' id='line_1_47' title="bbox 125 2216 1087 2255; baseline 0.003 -7"><span class='ocrx_word' id='word_1_317' title='bbox 125 2216 278 2249; x_wconf 89' lang='lat' dir='ltr'><strong>adversus</strong></span> <span class='ocrx_word' id='word_1_318' title='bbox 300 2218 505 2255; x_wconf 84' lang='lat' dir='ltr'><strong>Philistaeos,</strong></span> <span class='ocrx_word' id='word_1_319' title='bbox 533 2218 588 2250; x_wconf 91' lang='lat' dir='ltr'><strong>sed</strong></span> <span class='ocrx_word' id='word_1_320' title='bbox 611 2230 681 2250; x_wconf 90' lang='lat' dir='ltr'><strong>sese</strong></span> <span class='ocrx_word' id='word_1_321' title='bbox 704 2221 791 2250; x_wconf 89' lang='lat' dir='ltr'><strong>intra</strong></span> <span class='ocrx_word' id='word_1_322' title='bbox 814 2220 933 2251; x_wconf 91' lang='lat' dir='ltr'><strong>limites</strong></span> <span class='ocrx_word' id='word_1_323' title='bbox 963 2220 1087 2251; x_wconf 89' lang='lat' dir='ltr'><strong>modes-</strong></span> 
     </span>
     <span class='ocr_line' id='line_1_48' title="bbox 125 2259 1086 2302; baseline 0.003 -11"><span class='ocrx_word' id='word_1_324' title='bbox 125 2259 187 2291; x_wconf 75' lang='lat' dir='ltr'><strong>tiae</strong></span> <span class='ocrx_word' id='word_1_325' title='bbox 210 2261 413 2299; x_wconf 81' lang='lat' dir='ltr'><strong>continuisse,</strong></span> <span class='ocrx_word' id='word_1_326' title='bbox 438 2261 584 2301; x_wconf 89' lang='lat' dir='ltr'><strong>nihilque</strong></span> <span class='ocrx_word' id='word_1_327' title='bbox 606 2262 676 2293; x_wconf 90' lang='lat' dir='ltr'><strong>sine</strong></span> <span class='ocrx_word' id='word_1_328' title='bbox 688 2262 758 2294; x_wconf 92' lang='lat' dir='ltr'><strong>Deo</strong></span> <span class='ocrx_word' id='word_1_329' title='bbox 771 2262 960 2302; x_wconf 86' lang='lat' dir='ltr'><strong>suscepisse.</strong></span> <span class='ocrx_word' id='word_1_330' title='bbox 997 2262 1086 2301; x_wconf 80' lang='lat' dir='ltr'><strong>Quo-</strong></span> 
     </span>
     <span class='ocr_line' id='line_1_49' title="bbox 123 2301 1087 2345; baseline 0.004 -12"><span class='ocrx_word' id='word_1_331' title='bbox 123 2301 218 2334; x_wconf 91' lang='lat' dir='ltr'><strong>modo</strong></span> <span class='ocrx_word' id='word_1_332' title='bbox 242 2313 317 2335; x_wconf 88' lang='lat' dir='ltr'><strong>vero</strong></span> <span class='ocrx_word' id='word_1_333' title='bbox 342 2304 403 2335; x_wconf 90' lang='lat' dir='ltr'><strong>Dei</strong></span> <span class='ocrx_word' id='word_1_334' title='bbox 428 2304 626 2335; x_wconf 90' lang='lat' dir='ltr'><strong>voluntatem</strong></span> <span class='ocrx_word' id='word_1_335' title='bbox 657 2306 764 2345; x_wconf 88' lang='lat' dir='ltr'><strong>potuit</strong></span> <span class='ocrx_word' id='word_1_336' title='bbox 792 2306 933 2337; x_wconf 77' lang='lat' dir='ltr'><strong>rescire?</strong></span> <span class='ocrx_word' id='word_1_337' title='bbox 962 2305 1087 2345; x_wconf 90' lang='lat' dir='ltr'><strong>Nempe</strong></span> 
     </span>
     <span class='ocr_line' id='line_1_50' title="bbox 127 2346 1086 2387; baseline 0.004 -12"><span class='ocrx_word' id='word_1_338' title='bbox 127 2346 211 2376; x_wconf 81' lang='lat' dir='ltr'><strong>viam</strong></span> <span class='ocrx_word' id='word_1_339' title='bbox 245 2356 263 2376; x_wconf 92' lang='lat' dir='ltr'><strong>a</strong></span> <span class='ocrx_word' id='word_1_340' title='bbox 297 2346 365 2377; x_wconf 88' lang='lat' dir='ltr'><strong>Deo</strong></span> <span class='ocrx_word' id='word_1_341' title='bbox 399 2348 633 2387; x_wconf 87' lang='lat' dir='ltr'><strong>praescriptam</strong></span> <span class='ocrx_word' id='word_1_342' title='bbox 667 2353 841 2387; x_wconf 88' lang='lat' dir='ltr'><strong>sequutus,</strong></span> <span class='ocrx_word' id='word_1_343' title='bbox 875 2354 906 2379; x_wconf 92' lang='lat' dir='ltr'><strong>et</strong></span> <span class='ocrx_word' id='word_1_344' title='bbox 939 2349 1086 2379; x_wconf 88' lang='lat' dir='ltr'><strong>veritatis</strong></span> 
     </span>
     <span class='ocr_line' id='line_1_51' title="bbox 125 2387 1086 2430; baseline 0.004 -12"><span class='ocrx_word' id='word_1_345' title='bbox 125 2387 224 2427; x_wconf 89' lang='lat' dir='ltr'><strong>ipsius</strong></span> <span class='ocrx_word' id='word_1_346' title='bbox 245 2395 332 2420; x_wconf 89' lang='lat' dir='ltr'><strong>certo</strong></span> <span class='ocrx_word' id='word_1_347' title='bbox 355 2389 455 2420; x_wconf 87' lang='lat' dir='ltr'><strong>fretus</strong></span> <span class='ocrx_word' id='word_1_348' title='bbox 474 2390 666 2421; x_wconf 88' lang='lat' dir='ltr'><strong>testimonio.</strong></span> <span class='ocrx_word' id='word_1_349' title='bbox 700 2391 787 2422; x_wconf 88' lang='lat' dir='ltr'><strong>Hinc</strong></span> <span class='ocrx_word' id='word_1_350' title='bbox 806 2391 913 2430; x_wconf 91' lang='lat' dir='ltr'><strong>itaque</strong></span> <span class='ocrx_word' id='word_1_351' title='bbox 926 2391 1086 2422; x_wconf 84' lang='lat' dir='ltr'><strong>discamus</strong></span> 
     </span>
     <span class='ocr_line' id='line_1_52' title="bbox 126 2429 1086 2473; baseline 0.004 -13"><span class='ocrx_word' id='word_1_352' title='bbox 126 2429 207 2460; x_wconf 90' lang='lat' dir='ltr'><strong>nihil</strong></span> <span class='ocrx_word' id='word_1_353' title='bbox 229 2431 371 2473; x_wconf 83' lang='lat' dir='ltr'><strong>aggredi,</strong></span> <span class='ocrx_word' id='word_1_354' title='bbox 394 2432 457 2462; x_wconf 88' lang='lat' dir='ltr'><strong>nisi</strong></span> <span class='ocrx_word' id='word_1_355' title='bbox 479 2432 550 2463; x_wconf 91' lang='lat' dir='ltr'><strong>Deo</strong></span> <span class='ocrx_word' id='word_1_356' title='bbox 574 2433 663 2472; x_wconf 89' lang='lat' dir='ltr'><strong>prius</strong></span> <span class='ocrx_word' id='word_1_357' title='bbox 685 2433 842 2471; x_wconf 89' lang='lat' dir='ltr'><strong>consulto,</strong></span> <span class='ocrx_word' id='word_1_358' title='bbox 865 2439 901 2464; x_wconf 91' lang='lat' dir='ltr'><strong>ut</strong></span> <span class='ocrx_word' id='word_1_359' title='bbox 925 2433 962 2464; x_wconf 91' lang='lat' dir='ltr'><strong>de</strong></span> <span class='ocrx_word' id='word_1_360' title='bbox 987 2434 1086 2473; x_wconf 90' lang='lat' dir='ltr'><strong>ipsius</strong></span> 
     </span>
     <span class='ocr_line' id='line_1_53' title="bbox 128 2472 1085 2516; baseline 0.005 -14"><span class='ocrx_word' id='word_1_361' title='bbox 128 2472 293 2504; x_wconf 88' lang='lat' dir='ltr'><strong>voluntate</strong></span> <span class='ocrx_word' id='word_1_362' title='bbox 316 2474 467 2506; x_wconf 88' lang='lat' dir='ltr'><strong>certiores</strong></span> <span class='ocrx_word' id='word_1_363' title='bbox 490 2476 613 2506; x_wconf 78' lang='lat' dir='ltr'><strong>fiamus.</strong></span> <span class='ocrx_word' id='word_1_364' title='bbox 651 2475 737 2507; x_wconf 85' lang='lat' dir='ltr'><strong>Sane</strong></span> <span class='ocrx_word' id='word_1_365' title='bbox 756 2476 850 2506; x_wconf 92' lang='lat' dir='ltr'><strong>hodie</strong></span> <span class='ocrx_word' id='word_1_366' title='bbox 869 2477 997 2516; x_wconf 90' lang='lat' dir='ltr'><strong>quidem</strong></span> <span class='ocrx_word' id='word_1_367' title='bbox 1022 2486 1085 2507; x_wconf 93' lang='lat' dir='ltr'><strong>non</strong></span> 
     </span>
     <span class='ocr_line' id='line_1_54' title="bbox 127 2513 1086 2559; baseline 0.006 -15"><span class='ocrx_word' id='word_1_368' title='bbox 127 2513 282 2546; x_wconf 87' lang='lat' dir='ltr'><strong>habemus</strong></span> <span class='ocrx_word' id='word_1_369' title='bbox 309 2526 379 2547; x_wconf 88' lang='lat' dir='ltr'><strong>eam</strong></span> <span class='ocrx_word' id='word_1_370' title='bbox 409 2518 644 2549; x_wconf 86' lang='lat' dir='ltr'><strong>caeremoniam</strong></span> <span class='ocrx_word' id='word_1_371' title='bbox 683 2519 774 2550; x_wconf 87' lang='lat' dir='ltr'><strong>cuius</strong></span> <span class='ocrx_word' id='word_1_372' title='bbox 804 2519 865 2550; x_wconf 87' lang='lat' dir='ltr'><strong>fuit</strong></span> <span class='ocrx_word' id='word_1_373' title='bbox 895 2529 974 2550; x_wconf 90' lang='lat' dir='ltr'><strong>usus</strong></span> <span class='ocrx_word' id='word_1_374' title='bbox 1005 2519 1086 2559; x_wconf 85' lang='lat' dir='ltr'><strong>legis</strong></span> 
     </span>
     <span class='ocr_line' id='line_1_55' title="bbox 126 2558 1087 2602; baseline 0.006 -15"><span class='ocrx_word' id='word_1_375' title='bbox 126 2558 364 2590; x_wconf 87' lang='lat' dir='ltr'><strong>caeremonialis</strong></span> <span class='ocrx_word' id='word_1_376' title='bbox 387 2564 540 2599; x_wconf 79' lang='lat' dir='ltr'><strong>tempore,</strong></span> <span class='ocrx_word' id='word_1_377' title='bbox 563 2561 688 2592; x_wconf 91' lang='lat' dir='ltr'><strong>nullum</strong></span> <span class='ocrx_word' id='word_1_378' title='bbox 701 2562 787 2592; x_wconf 91' lang='lat' dir='ltr'><strong>enim</strong></span> <span class='ocrx_word' id='word_1_379' title='bbox 811 2561 914 2602; x_wconf 86' lang='lat' dir='ltr'><strong>ephod</strong></span> <span class='ocrx_word' id='word_1_380' title='bbox 933 2562 1087 2593; x_wconf 89' lang='lat' dir='ltr'><strong>habemus</strong></span> 
     </span>
     <span class='ocr_line' id='line_1_56' title="bbox 128 2599 1086 2644; baseline 0.006 -15"><span class='ocrx_word' id='word_1_381' title='bbox 128 2599 342 2631; x_wconf 87' lang='lat' dir='ltr'><strong>sacerdotale:</strong></span> <span class='ocrx_word' id='word_1_382' title='bbox 383 2602 437 2633; x_wconf 90' lang='lat' dir='ltr'><strong>sed</strong></span> <span class='ocrx_word' id='word_1_383' title='bbox 475 2603 510 2633; x_wconf 86' lang='lat' dir='ltr'><strong>in</strong></span> <span class='ocrx_word' id='word_1_384' title='bbox 544 2603 643 2635; x_wconf 86' lang='lat' dir='ltr'><strong>sacris</strong></span> <span class='ocrx_word' id='word_1_385' title='bbox 678 2610 742 2634; x_wconf 89' lang='lat' dir='ltr'><strong>tam</strong></span> <span class='ocrx_word' id='word_1_386' title='bbox 777 2610 922 2644; x_wconf 85' lang='lat' dir='ltr'><strong>apertam</strong></span> <span class='ocrx_word' id='word_1_387' title='bbox 957 2604 1086 2635; x_wconf 86' lang='lat' dir='ltr'><strong>divinae</strong></span> 
     </span>
     <span class='ocr_line' id='line_1_57' title="bbox 127 2641 1086 2685; baseline 0.006 -13"><span class='ocrx_word' id='word_1_388' title='bbox 127 2641 301 2674; x_wconf 90' lang='lat' dir='ltr'><strong>voluntatis</strong></span> <span class='ocrx_word' id='word_1_389' title='bbox 330 2643 577 2677; x_wconf 85' lang='lat' dir='ltr'><strong>declarationem</strong></span> <span class='ocrx_word' id='word_1_390' title='bbox 606 2645 777 2685; x_wconf 88' lang='lat' dir='ltr'><strong>habemus,</strong></span> <span class='ocrx_word' id='word_1_391' title='bbox 807 2653 844 2678; x_wconf 90' lang='lat' dir='ltr'><strong>ut</strong></span> <span class='ocrx_word' id='word_1_392' title='bbox 873 2657 911 2677; x_wconf 86' lang='lat' dir='ltr'><strong>ea</strong></span> <span class='ocrx_word' id='word_1_393' title='bbox 941 2647 1086 2678; x_wconf 83' lang='lat' dir='ltr'><strong>sufficere</strong></span> 
     </span>
    </p>
   </div>
   <div class='ocr_carea' id='block_1_4' title="bbox 755 206 1474 239">
    <p class='ocr_par' dir='ltr' id='par_1_5' title="bbox 755 206 1474 239">
     <span class='ocr_line' id='line_1_58' title="bbox 755 206 1474 239; baseline 0.004 -3"><span class='ocrx_word' id='word_1_394' title='bbox 755 206 803 236; x_wconf 94' lang='lat' dir='ltr'><strong>IN</strong></span> <span class='ocrx_word' id='word_1_395' title='bbox 826 206 852 236; x_wconf 94' lang='grc' dir='ltr'><strong>Ι.</strong></span> <span class='ocrx_word' id='word_1_396' title='bbox 879 206 964 237; x_wconf 88' lang='lat' dir='ltr'><strong>LIB.</strong></span> <span class='ocrx_word' id='word_1_397' title='bbox 989 206 1187 238; x_wconf 76' lang='lat' dir='ltr'><strong>SAMUEL.</strong></span> <span class='ocrx_word' id='word_1_398' title='bbox 1220 207 1317 238; x_wconf 60' lang='lat' dir='ltr'><strong>(jAP.</strong></span> <span class='ocrx_word' id='word_1_399' title='bbox 1342 208 1474 239; x_wconf 81' lang='lat' dir='ltr'><strong>XXIII.</strong></span> 
     </span>
    </p>
   </div>
   <div class='ocr_carea' id='block_1_5' title="bbox 1116 326 1121 1200">
    <p class='ocr_par' dir='ltr' id='par_1_6' title="bbox 1116 326 1121 1200">
     <span class='ocr_line' id='line_1_59' title="bbox 1116 326 1121 1200; baseline 0 0"><span class='ocrx_word' id='word_1_400' title='bbox 1116 326 1121 1200; x_wconf 95' lang='lat' dir='ltr'><strong> </strong></span> 
     </span>
    </p>
   </div>
   <div class='ocr_carea' id='block_1_6' title="bbox 1112 2162 1115 2678">
    <p class='ocr_par' dir='ltr' id='par_1_7' title="bbox 1112 2162 1115 2678">
     <span class='ocr_line' id='line_1_60' title="bbox 1112 2162 1115 2678; baseline 0 0"><span class='ocrx_word' id='word_1_401' title='bbox 1112 2162 1115 2678; x_wconf 95' lang='lat' dir='ltr'><strong> </strong></span> 
     </span>
    </p>
   </div>
   <div class='ocr_carea' id='block_1_7' title="bbox 2047 210 2109 241">
    <p class='ocr_par' dir='ltr' id='par_1_8' title="bbox 2047 210 2109 241">
     <span class='ocr_line' id='line_1_61' title="bbox 2047 210 2109 241; baseline 0.016 -1"><span class='ocrx_word' id='word_1_402' title='bbox 2047 210 2109 241; x_wconf 71' lang='lat'><strong>44⁴5</strong></span> 
     </span>
    </p>
   </div>
   <div class='ocr_carea' id='block_1_8' title="bbox 1146 301 2108 469">
    <p class='ocr_par' dir='ltr' id='par_1_9' title="bbox 1146 301 2108 469">
     <span class='ocr_line' id='line_1_62' title="bbox 1148 301 2108 342; baseline 0.005 -12"><span class='ocrx_word' id='word_1_403' title='bbox 1148 301 1239 331; x_wconf 86' lang='lat' dir='ltr'><strong>nobis</strong></span> <span class='ocrx_word' id='word_1_404' title='bbox 1262 302 1383 338; x_wconf 78' lang='lat' dir='ltr'><strong>debeat,</strong></span> <span class='ocrx_word' id='word_1_405' title='bbox 1410 314 1510 342; x_wconf 76' lang='lat' dir='ltr'><strong>neque</strong></span> <span class='ocrx_word' id='word_1_406' title='bbox 1534 308 1607 332; x_wconf 85' lang='lat' dir='ltr'><strong>sunt</strong></span> <span class='ocrx_word' id='word_1_407' title='bbox 1628 302 1766 341; x_wconf 86' lang='lat' dir='ltr'><strong>amplius</strong></span> <span class='ocrx_word' id='word_1_408' title='bbox 1778 314 1883 334; x_wconf 78' lang='lat' dir='ltr'><strong>novae</strong></span> <span class='ocrx_word' id='word_1_409' title='bbox 1896 303 2108 335; x_wconf 81' lang='lat' dir='ltr'><strong>revelationes</strong></span> 
     </span>
     <span class='ocr_line' id='line_1_63' title="bbox 1146 345 2108 386; baseline 0.003 -14"><span class='ocrx_word' id='word_1_410' title='bbox 1146 346 1390 381; x_wconf 80' lang='lat' dir='ltr'><strong>exspectandae.</strong></span> <span class='ocrx_word' id='word_1_411' title='bbox 1416 346 1525 383; x_wconf 76' lang='lat' dir='ltr'><strong>Quare</strong></span> <span class='ocrx_word' id='word_1_412' title='bbox 1549 345 1632 384; x_wconf 77' lang='lat' dir='ltr'><strong>quod</strong></span> <span class='ocrx_word' id='word_1_413' title='bbox 1659 345 1771 376; x_wconf 79' lang='lat' dir='ltr'><strong>Esaias</strong></span> <span class='ocrx_word' id='word_1_414' title='bbox 1795 345 1953 386; x_wconf 86' lang='lat' dir='ltr'><strong>propheta</strong></span> <span class='ocrx_word' id='word_1_415' title='bbox 1976 356 2033 377; x_wconf 87' lang='lat' dir='ltr'><strong>nos</strong></span> <span class='ocrx_word' id='word_1_416' title='bbox 2052 346 2108 376; x_wconf 75' lang='lat' dir='ltr'><strong>do-</strong></span> 
     </span>
     <span class='ocr_line' id='line_1_64' title="bbox 1146 388 2107 426; baseline 0.003 -10"><span class='ocrx_word' id='word_1_417' title='bbox 1146 393 1195 415; x_wconf 86' lang='lat' dir='ltr'><strong>cet</strong></span> <span class='ocrx_word' id='word_1_418' title='bbox 1219 397 1420 426; x_wconf 80' lang='lat' dir='ltr'><strong>usurpemus,</strong></span> <span class='ocrx_word' id='word_1_419' title='bbox 1452 395 1487 418; x_wconf 85' lang='lat' dir='ltr'><strong>ut</strong></span> <span class='ocrx_word' id='word_1_420' title='bbox 1518 388 1549 417; x_wconf 93' lang='lat' dir='ltr'><strong>in</strong></span> <span class='ocrx_word' id='word_1_421' title='bbox 1574 388 1722 419; x_wconf 87' lang='lat' dir='ltr'><strong>omnibus</strong></span> <span class='ocrx_word' id='word_1_422' title='bbox 1752 389 1871 420; x_wconf 88' lang='lat' dir='ltr'><strong>nostris</strong></span> <span class='ocrx_word' id='word_1_423' title='bbox 1902 389 2044 420; x_wconf 71' lang='lat' dir='ltr'><strong>consiliis</strong></span> <span class='ocrx_word' id='word_1_424' title='bbox 2075 395 2107 419; x_wconf 88' lang='lat' dir='ltr'><strong>et</strong></span> 
     </span>
     <span class='ocr_line' id='line_1_65' title="bbox 1146 427 2108 469; baseline 0.006 -13"><span class='ocrx_word' id='word_1_425' title='bbox 1146 427 1427 460; x_wconf 74' lang='lat' dir='ltr'><strong>deliberationibus</strong></span> <span class='ocrx_word' id='word_1_426' title='bbox 1460 431 1526 460; x_wconf 70' lang='lat' dir='ltr'><strong>Deo</strong></span> <span class='ocrx_word' id='word_1_427' title='bbox 1554 431 1673 469; x_wconf 75' lang='lat' dir='ltr'><strong>primas</strong></span> <span class='ocrx_word' id='word_1_428' title='bbox 1700 436 1807 469; x_wconf 85' lang='lat' dir='ltr'><strong>partes</strong></span> <span class='ocrx_word' id='word_1_429' title='bbox 1837 430 2034 462; x_wconf 82' lang='lat' dir='ltr'><strong>tribuamus:</strong></span> <span class='ocrx_word' id='word_1_430' title='bbox 2076 437 2108 462; x_wconf 91' lang='lat' dir='ltr'><strong>et</strong></span> 
     </span>
    </p>
   </div>
   <div class='ocr_carea' id='block_1_9' title="bbox 1146 471 2108 513">
    <p class='ocr_par' dir='ltr' id='par_1_10' title="bbox 1118 471 2108 514">
     <span class='ocr_line' id='line_1_66' title="bbox 1146 471 2108 513; baseline 0.006 -14.83"><span class='ocrx_word' id='word_1_431' title='bbox 1146 482 1180 500; x_wconf 77' lang='lat' dir='ltr'><strong>es</strong></span> <span class='ocrx_word' id='word_1_432' title='bbox 1204 471 1303 509; x_wconf 74' lang='lat' dir='ltr'><strong>ipsius</strong></span> <span class='ocrx_word' id='word_1_433' title='bbox 1324 472 1570 511; x_wconf 63' lang='lat' dir='ltr'><strong>interrogemus,</strong></span> <span class='ocrx_word' id='word_1_434' title='bbox 1594 472 1624 502; x_wconf 78' lang='lat' dir='ltr'><strong>id</strong></span> <span class='ocrx_word' id='word_1_435' title='bbox 1647 481 1705 510; x_wconf 89' lang='lat' dir='ltr'><strong>est,</strong></span> <span class='ocrx_word' id='word_1_436' title='bbox 1728 484 1920 512; x_wconf 82' lang='lat' dir='ltr'><strong>quaeramus</strong></span> <span class='ocrx_word' id='word_1_437' title='bbox 1943 474 2025 513; x_wconf 86' lang='lat' dir='ltr'><strong>quod</strong></span> <span class='ocrx_word' id='word_1_438' title='bbox 2051 484 2108 504; x_wconf 90' lang='lat' dir='ltr'><strong>nos</strong></span> 
     </span>
    </p>
   </div>
   <div class='ocr_carea' id='block_1_10' title="bbox 1138 513 2110 2688">
    <p class='ocr_par' dir='ltr' id='par_1_11' title="bbox 1142 513 2110 1536">
     <span class='ocr_line' id='line_1_67' title="bbox 1145 513 2107 554; baseline 0.005 -12"><span class='ocrx_word' id='word_1_439' title='bbox 1145 513 1213 552; x_wconf 90' lang='lat' dir='ltr'><strong>ipse</strong></span> <span class='ocrx_word' id='word_1_440' title='bbox 1238 513 1328 544; x_wconf 86' lang='lat' dir='ltr'><strong>docet</strong></span> <span class='ocrx_word' id='word_1_441' title='bbox 1351 520 1381 545; x_wconf 87' lang='lat' dir='ltr'><strong>ct</strong></span> <span class='ocrx_word' id='word_1_442' title='bbox 1402 521 1529 553; x_wconf 77' lang='lat' dir='ltr'><strong>gratum</strong></span> <span class='ocrx_word' id='word_1_443' title='bbox 1554 522 1583 545; x_wconf 85' lang='lat' dir='ltr'><strong>et</strong></span> <span class='ocrx_word' id='word_1_444' title='bbox 1608 522 1770 554; x_wconf 84' lang='lat' dir='ltr'><strong>acceptum</strong></span> <span class='ocrx_word' id='word_1_445' title='bbox 1798 516 1902 547; x_wconf 88' lang='lat' dir='ltr'><strong>habet.</strong></span> <span class='ocrx_word' id='word_1_446' title='bbox 1937 518 2107 547; x_wconf 70' lang='lat' dir='ltr'><strong>Caeterum</strong></span> 
     </span>
     <span class='ocr_line' id='line_1_68' title="bbox 1145 556 2106 598; baseline 0.005 -14"><span class='ocrx_word' id='word_1_447' title='bbox 1145 556 1296 593; x_wconf 88' lang='lat' dir='ltr'><strong>quoniam</strong></span> <span class='ocrx_word' id='word_1_448' title='bbox 1321 558 1398 587; x_wconf 82' lang='lat' dir='ltr'><strong>adeo</strong></span> <span class='ocrx_word' id='word_1_449' title='bbox 1428 557 1533 588; x_wconf 85' lang='lat' dir='ltr'><strong>hebeti</strong></span> <span class='ocrx_word' id='word_1_450' title='bbox 1565 568 1675 587; x_wconf 87' lang='lat' dir='ltr'><strong>sumus</strong></span> <span class='ocrx_word' id='word_1_451' title='bbox 1706 558 1844 598; x_wconf 81' lang='lat' dir='ltr'><strong>ingenie,</strong></span> <span class='ocrx_word' id='word_1_452' title='bbox 1876 567 1911 589; x_wconf 87' lang='lat' dir='ltr'><strong>ut</strong></span> <span class='ocrx_word' id='word_1_453' title='bbox 1941 559 2014 590; x_wconf 85' lang='lat' dir='ltr'><strong>licet</strong></span> <span class='ocrx_word' id='word_1_454' title='bbox 2047 559 2106 590; x_wconf 86' lang='lat' dir='ltr'><strong>Dei</strong></span> 
     </span>
     <span class='ocr_line' id='line_1_69' title="bbox 1146 598 2108 641; baseline 0.004 -13"><span class='ocrx_word' id='word_1_455' title='bbox 1146 598 1296 629; x_wconf 87' lang='lat' dir='ltr'><strong>voluntas</strong></span> <span class='ocrx_word' id='word_1_456' title='bbox 1327 600 1405 629; x_wconf 83' lang='lat' dir='ltr'><strong>satis</strong></span> <span class='ocrx_word' id='word_1_457' title='bbox 1435 610 1592 639; x_wconf 78' lang='lat' dir='ltr'><strong>superque</strong></span> <span class='ocrx_word' id='word_1_458' title='bbox 1624 601 1714 630; x_wconf 86' lang='lat' dir='ltr'><strong>nobis</strong></span> <span class='ocrx_word' id='word_1_459' title='bbox 1744 602 1778 630; x_wconf 88' lang='lat' dir='ltr'><strong>in</strong></span> <span class='ocrx_word' id='word_1_460' title='bbox 1809 602 1908 641; x_wconf 69' lang='lat' dir='ltr'><strong>ipsius</strong></span> <span class='ocrx_word' id='word_1_461' title='bbox 1938 602 2035 632; x_wconf 89' lang='lat' dir='ltr'><strong>verbo</strong></span> <span class='ocrx_word' id='word_1_462' title='bbox 2066 602 2108 632; x_wconf 84' lang='lat' dir='ltr'><strong>sit</strong></span> 
     </span>
     <span class='ocr_line' id='line_1_70' title="bbox 1145 642 2107 683; baseline 0.003 -12"><span class='ocrx_word' id='word_1_463' title='bbox 1145 642 1313 679; x_wconf 84' lang='lat' dir='ltr'><strong>patefacta,</strong></span> <span class='ocrx_word' id='word_1_464' title='bbox 1345 653 1408 671; x_wconf 85' lang='lat' dir='ltr'><strong>non</strong></span> <span class='ocrx_word' id='word_1_465' title='bbox 1433 643 1590 681; x_wconf 73' lang='lat' dir='ltr'><strong>possimus</strong></span> <span class='ocrx_word' id='word_1_466' title='bbox 1623 648 1729 672; x_wconf 85' lang='lat' dir='ltr'><strong>tamen</strong></span> <span class='ocrx_word' id='word_1_467' title='bbox 1754 654 1822 673; x_wconf 85' lang='lat' dir='ltr'><strong>eam</strong></span> <span class='ocrx_word' id='word_1_468' title='bbox 1848 650 1955 675; x_wconf 86' lang='lat' dir='ltr'><strong>mente</strong></span> <span class='ocrx_word' id='word_1_469' title='bbox 1979 644 2107 683; x_wconf 83' lang='lat' dir='ltr'><strong>assequi</strong></span> 
     </span>
     <span class='ocr_line' id='line_1_71' title="bbox 1144 684 2106 724; baseline 0.003 -11"><span class='ocrx_word' id='word_1_470' title='bbox 1144 688 1175 713; x_wconf 91' lang='lat' dir='ltr'><strong>et</strong></span> <span class='ocrx_word' id='word_1_471' title='bbox 1216 684 1503 722; x_wconf 82' lang='lat' dir='ltr'><strong>comprehendere,</strong></span> <span class='ocrx_word' id='word_1_472' title='bbox 1544 685 1791 724; x_wconf 81' lang='lat' dir='ltr'><strong>confugiendum</strong></span> <span class='ocrx_word' id='word_1_473' title='bbox 1833 693 1882 717; x_wconf 87' lang='lat' dir='ltr'><strong>est</strong></span> <span class='ocrx_word' id='word_1_474' title='bbox 1924 687 1962 717; x_wconf 86' lang='lat' dir='ltr'><strong>ad</strong></span> <span class='ocrx_word' id='word_1_475' title='bbox 2003 687 2106 718; x_wconf 83' lang='lat' dir='ltr'><strong>sancti</strong></span> 
     </span>
     <span class='ocr_line' id='line_1_72' title="bbox 1144 727 2105 766; baseline 0.002 -10"><span class='ocrx_word' id='word_1_476' title='bbox 1144 727 1278 765; x_wconf 88' lang='lat' dir='ltr'><strong>spiritus</strong></span> <span class='ocrx_word' id='word_1_477' title='bbox 1303 728 1450 766; x_wconf 79' lang='lat' dir='ltr'><strong>gratiam,</strong></span> <span class='ocrx_word' id='word_1_478' title='bbox 1475 734 1509 757; x_wconf 91' lang='lat' dir='ltr'><strong>ut</strong></span> <span class='ocrx_word' id='word_1_479' title='bbox 1534 728 1600 766; x_wconf 82' lang='lat' dir='ltr'><strong>ipsc</strong></span> <span class='ocrx_word' id='word_1_480' title='bbox 1625 739 1681 758; x_wconf 87' lang='lat' dir='ltr'><strong>nos</strong></span> <span class='ocrx_word' id='word_1_481' title='bbox 1711 739 1767 759; x_wconf 82' lang='lat' dir='ltr'><strong>suo</strong></span> <span class='ocrx_word' id='word_1_482' title='bbox 1799 729 1921 760; x_wconf 89' lang='lat' dir='ltr'><strong>lumine</strong></span> <span class='ocrx_word' id='word_1_483' title='bbox 1953 729 2105 760; x_wconf 86' lang='lat' dir='ltr'><strong>illustret.</strong></span> 
     </span>
     <span class='ocr_line' id='line_1_73' title="bbox 1145 768 2106 809; baseline 0.004 -10"><span class='ocrx_word' id='word_1_484' title='bbox 1145 768 1268 799; x_wconf 90' lang='lat' dir='ltr'><strong>Idcirco</strong></span> <span class='ocrx_word' id='word_1_485' title='bbox 1292 780 1349 809; x_wconf 85' lang='lat' dir='ltr'><strong>per</strong></span> <span class='ocrx_word' id='word_1_486' title='bbox 1372 769 1561 809; x_wconf 87' lang='lat' dir='ltr'><strong>prophetam</strong></span> <span class='ocrx_word' id='word_1_487' title='bbox 1586 770 1674 800; x_wconf 87' lang='lat' dir='ltr'><strong>Deus</strong></span> <span class='ocrx_word' id='word_1_488' title='bbox 1707 771 1745 800; x_wconf 88' lang='lat' dir='ltr'><strong>iis</strong></span> <span class='ocrx_word' id='word_1_489' title='bbox 1769 771 2026 803; x_wconf 81' lang='lat' dir='ltr'><strong>maledictionem</strong></span> <span class='ocrx_word' id='word_1_490' title='bbox 2051 771 2106 802; x_wconf 84' lang='lat' dir='ltr'><strong>de-</strong></span> 
     </span>
     <span class='ocr_line' id='line_1_74' title="bbox 1143 812 2106 854; baseline 0.005 -14"><span class='ocrx_word' id='word_1_491' title='bbox 1143 812 1276 843; x_wconf 89' lang='lat' dir='ltr'><strong>nunciat</strong></span> <span class='ocrx_word' id='word_1_492' title='bbox 1306 813 1359 851; x_wconf 90' lang='lat' dir='ltr'><strong>qui</strong></span> <span class='ocrx_word' id='word_1_493' title='bbox 1392 812 1525 843; x_wconf 83' lang='lat' dir='ltr'><strong>consilia</strong></span> <span class='ocrx_word' id='word_1_494' title='bbox 1556 813 1624 843; x_wconf 87' lang='lat' dir='ltr'><strong>sine</strong></span> <span class='ocrx_word' id='word_1_495' title='bbox 1649 812 1788 844; x_wconf 87' lang='lat' dir='ltr'><strong>Domino</strong></span> <span class='ocrx_word' id='word_1_496' title='bbox 1819 814 1940 852; x_wconf 82' lang='lat' dir='ltr'><strong>ineunt,</strong></span> <span class='ocrx_word' id='word_1_497' title='bbox 1970 824 2106 854; x_wconf 90' lang='lat' dir='ltr'><strong>quorum</strong></span> 
     </span>
     <span class='ocr_line' id='line_1_75' title="bbox 1143 854 2105 896; baseline 0.004 -12"><span class='ocrx_word' id='word_1_498' title='bbox 1143 855 1352 894; x_wconf 84' lang='lat' dir='ltr'><strong>cogitationes</strong></span> <span class='ocrx_word' id='word_1_499' title='bbox 1375 854 1414 885; x_wconf 83' lang='lat' dir='ltr'><strong>ad</strong></span> <span class='ocrx_word' id='word_1_500' title='bbox 1439 855 1542 885; x_wconf 86' lang='lat' dir='ltr'><strong>Deum</strong></span> <span class='ocrx_word' id='word_1_501' title='bbox 1569 866 1631 885; x_wconf 91' lang='lat' dir='ltr'><strong>non</strong></span> <span class='ocrx_word' id='word_1_502' title='bbox 1656 857 1859 895; x_wconf 84' lang='lat' dir='ltr'><strong>perveniunt,</strong></span> <span class='ocrx_word' id='word_1_503' title='bbox 1892 862 1926 887; x_wconf 90' lang='lat' dir='ltr'><strong>ut</strong></span> <span class='ocrx_word' id='word_1_504' title='bbox 1950 856 2024 896; x_wconf 89' lang='lat' dir='ltr'><strong>quid</strong></span> <span class='ocrx_word' id='word_1_505' title='bbox 2049 867 2105 887; x_wconf 79' lang='lat' dir='ltr'><strong>ex-</strong></span> 
     </span>
     <span class='ocr_line' id='line_1_76' title="bbox 1143 897 2106 937; baseline 0.003 -10"><span class='ocrx_word' id='word_1_506' title='bbox 1143 897 1251 937; x_wconf 84' lang='lat' dir='ltr'><strong>pediat</strong></span> <span class='ocrx_word' id='word_1_507' title='bbox 1274 898 1362 936; x_wconf 80' lang='lat' dir='ltr'><strong>ipsis,</strong></span> <span class='ocrx_word' id='word_1_508' title='bbox 1387 903 1589 937; x_wconf 69' lang='lat' dir='ltr'><strong>cognoscant.</strong></span> <span class='ocrx_word' id='word_1_509' title='bbox 1636 898 1777 928; x_wconf 87' lang='lat' dir='ltr'><strong>Verbum</strong></span> <span class='ocrx_word' id='word_1_510' title='bbox 1803 900 1887 930; x_wconf 85' lang='lat' dir='ltr'><strong>enim</strong></span> <span class='ocrx_word' id='word_1_511' title='bbox 1913 910 2029 937; x_wconf 89' lang='lat' dir='ltr'><strong>meum,</strong></span> <span class='ocrx_word' id='word_1_512' title='bbox 2059 900 2106 930; x_wconf 89' lang='lat' dir='ltr'><strong>in·</strong></span> 
     </span>
     <span class='ocr_line' id='line_1_77' title="bbox 1144 940 2107 979; baseline 0.002 -9"><span class='ocrx_word' id='word_1_513' title='bbox 1144 940 1222 979; x_wconf 89' lang='lat' dir='ltr'><strong>quit,</strong></span> <span class='ocrx_word' id='word_1_514' title='bbox 1245 950 1308 970; x_wconf 91' lang='lat' dir='ltr'><strong>non</strong></span> <span class='ocrx_word' id='word_1_515' title='bbox 1329 940 1512 976; x_wconf 85' lang='lat' dir='ltr'><strong>admittunt,</strong></span> <span class='ocrx_word' id='word_1_516' title='bbox 1537 946 1567 969; x_wconf 87' lang='lat' dir='ltr'><strong>ct</strong></span> <span class='ocrx_word' id='word_1_517' title='bbox 1591 941 1738 979; x_wconf 84' lang='lat' dir='ltr'><strong>spiritum</strong></span> <span class='ocrx_word' id='word_1_518' title='bbox 1753 952 1859 972; x_wconf 87' lang='lat' dir='ltr'><strong>meum</strong></span> <span class='ocrx_word' id='word_1_519' title='bbox 1879 948 2107 973; x_wconf 88' lang='lat' dir='ltr'><strong>contemnunt:</strong></span> 
     </span>
     <span class='ocr_line' id='line_1_78' title="bbox 1144 982 2110 1024; baseline 0.003 -12"><span class='ocrx_word' id='word_1_520' title='bbox 1144 993 1206 1022; x_wconf 88' lang='lat' dir='ltr'><strong>quo</strong></span> <span class='ocrx_word' id='word_1_521' title='bbox 1237 982 1306 1013; x_wconf 92' lang='lat' dir='ltr'><strong>loco</strong></span> <span class='ocrx_word' id='word_1_522' title='bbox 1329 982 1391 1013; x_wconf 90' lang='lat' dir='ltr'><strong>Dei</strong></span> <span class='ocrx_word' id='word_1_523' title='bbox 1416 983 1550 1012; x_wconf 86' lang='lat' dir='ltr'><strong>verbum</strong></span> <span class='ocrx_word' id='word_1_524' title='bbox 1581 993 1651 1013; x_wconf 89' lang='lat' dir='ltr'><strong>cum</strong></span> <span class='ocrx_word' id='word_1_525' title='bbox 1683 983 1781 1022; x_wconf 84' lang='lat' dir='ltr'><strong>ipsius</strong></span> <span class='ocrx_word' id='word_1_526' title='bbox 1811 985 1925 1024; x_wconf 88' lang='lat' dir='ltr'><strong>spiritu</strong></span> <span class='ocrx_word' id='word_1_527' title='bbox 1958 985 2110 1024; x_wconf 84' lang='lat' dir='ltr'><strong>coniungi</strong></span> 
     </span>
     <span class='ocr_line' id='line_1_79' title="bbox 1143 1025 2108 1065; baseline 0.003 -10"><span class='ocrx_word' id='word_1_528' title='bbox 1143 1025 1300 1056; x_wconf 88' lang='lat' dir='ltr'><strong>videmus.</strong></span> <span class='ocrx_word' id='word_1_529' title='bbox 1346 1025 1563 1063; x_wconf 75' lang='lat' dir='ltr'><strong>Quamobrem</strong></span> <span class='ocrx_word' id='word_1_530' title='bbox 1589 1036 1629 1055; x_wconf 90' lang='lat' dir='ltr'><strong>ne</strong></span> <span class='ocrx_word' id='word_1_531' title='bbox 1653 1036 1688 1056; x_wconf 89' lang='lat' dir='ltr'><strong>eo</strong></span> <span class='ocrx_word' id='word_1_532' title='bbox 1712 1026 1862 1058; x_wconf 84' lang='lat' dir='ltr'><strong>audaciae</strong></span> <span class='ocrx_word' id='word_1_533' title='bbox 1887 1027 2108 1065; x_wconf 83' lang='lat' dir='ltr'><strong>deveniamus,</strong></span> 
     </span>
     <span class='ocr_line' id='line_1_80' title="bbox 1144 1067 2108 1107; baseline 0.003 -10"><span class='ocrx_word' id='word_1_534' title='bbox 1144 1074 1180 1098; x_wconf 92' lang='lat' dir='ltr'><strong>ut</strong></span> <span class='ocrx_word' id='word_1_535' title='bbox 1202 1078 1260 1107; x_wconf 91' lang='lat' dir='ltr'><strong>pro</strong></span> <span class='ocrx_word' id='word_1_536' title='bbox 1288 1073 1398 1098; x_wconf 88' lang='lat' dir='ltr'><strong>nostro</strong></span> <span class='ocrx_word' id='word_1_537' title='bbox 1429 1067 1562 1098; x_wconf 90' lang='lat' dir='ltr'><strong>arbitrio</strong></span> <span class='ocrx_word' id='word_1_538' title='bbox 1592 1079 1642 1099; x_wconf 90' lang='lat' dir='ltr'><strong>res</strong></span> <span class='ocrx_word' id='word_1_539' title='bbox 1673 1075 1800 1099; x_wconf 83' lang='lat' dir='ltr'><strong>nostras</strong></span> <span class='ocrx_word' id='word_1_540' title='bbox 1833 1070 2108 1106; x_wconf 86' lang='lat' dir='ltr'><strong>administremus,</strong></span> 
     </span>
     <span class='ocr_line' id='line_1_81' title="bbox 1143 1109 2106 1152; baseline 0.003 -12"><span class='ocrx_word' id='word_1_541' title='bbox 1143 1109 1279 1141; x_wconf 86' lang='lat' dir='ltr'><strong>Davidis</strong></span> <span class='ocrx_word' id='word_1_542' title='bbox 1317 1110 1501 1150; x_wconf 80' lang='lat' dir='ltr'><strong>exemplum</strong></span> <span class='ocrx_word' id='word_1_543' title='bbox 1536 1110 1656 1141; x_wconf 84' lang='lat' dir='ltr'><strong>imitari</strong></span> <span class='ocrx_word' id='word_1_544' title='bbox 1694 1110 1862 1149; x_wconf 87' lang='lat' dir='ltr'><strong>debemus,</strong></span> <span class='ocrx_word' id='word_1_545' title='bbox 1899 1122 2014 1152; x_wconf 89' lang='lat' dir='ltr'><strong>nempe</strong></span> <span class='ocrx_word' id='word_1_546' title='bbox 2046 1122 2106 1143; x_wconf 82' lang='lat' dir='ltr'><strong>nos</strong></span> 
     </span>
     <span class='ocr_line' id='line_1_82' title="bbox 1144 1153 2106 1195; baseline 0.003 -12"><span class='ocrx_word' id='word_1_547' title='bbox 1144 1153 1212 1184; x_wconf 91' lang='lat' dir='ltr'><strong>Deo</strong></span> <span class='ocrx_word' id='word_1_548' title='bbox 1245 1153 1455 1192; x_wconf 87' lang='lat' dir='ltr'><strong>obsequentes</strong></span> <span class='ocrx_word' id='word_1_549' title='bbox 1493 1153 1661 1192; x_wconf 86' lang='lat' dir='ltr'><strong>praebere,</strong></span> <span class='ocrx_word' id='word_1_550' title='bbox 1702 1160 1732 1183; x_wconf 89' lang='lat' dir='ltr'><strong>et</strong></span> <span class='ocrx_word' id='word_1_551' title='bbox 1774 1154 1853 1184; x_wconf 93' lang='lat' dir='ltr'><strong>nihil</strong></span> <span class='ocrx_word' id='word_1_552' title='bbox 1895 1156 1964 1186; x_wconf 89' lang='lat' dir='ltr'><strong>sine</strong></span> <span class='ocrx_word' id='word_1_553' title='bbox 2004 1154 2106 1195; x_wconf 86' lang='lat' dir='ltr'><strong>ipsius</strong></span> 
     </span>
     <span class='ocr_line' id='line_1_83' title="bbox 1143 1196 2103 1235; baseline 0.002 -9"><span class='ocrx_word' id='word_1_554' title='bbox 1143 1196 1308 1227; x_wconf 87' lang='lat' dir='ltr'><strong>voluntate</strong></span> <span class='ocrx_word' id='word_1_555' title='bbox 1332 1196 1511 1235; x_wconf 85' lang='lat' dir='ltr'><strong>suscipere:</strong></span> <span class='ocrx_word' id='word_1_556' title='bbox 1535 1196 1804 1235; x_wconf 84' lang='lat' dir='ltr'><strong>quemadmodum</strong></span> <span class='ocrx_word' id='word_1_557' title='bbox 1824 1203 1948 1228; x_wconf 89' lang='lat' dir='ltr'><strong>certum</strong></span> <span class='ocrx_word' id='word_1_558' title='bbox 1973 1204 2021 1228; x_wconf 85' lang='lat' dir='ltr'><strong>est</strong></span> <span class='ocrx_word' id='word_1_559' title='bbox 2046 1207 2103 1228; x_wconf 89' lang='lat' dir='ltr'><strong>nos</strong></span> 
     </span>
     <span class='ocr_line' id='line_1_84' title="bbox 1143 1238 2103 1279; baseline 0.001 -10"><span class='ocrx_word' id='word_1_560' title='bbox 1143 1249 1308 1278; x_wconf 86' lang='lat' dir='ltr'><strong>nunquam</strong></span> <span class='ocrx_word' id='word_1_561' title='bbox 1340 1238 1420 1269; x_wconf 92' lang='lat' dir='ltr'><strong>bono</strong></span> <span class='ocrx_word' id='word_1_562' title='bbox 1451 1239 1580 1269; x_wconf 87' lang='lat' dir='ltr'><strong>consilio</strong></span> <span class='ocrx_word' id='word_1_563' title='bbox 1605 1239 1830 1274; x_wconf 87' lang='lat' dir='ltr'><strong>destituendos,</strong></span> <span class='ocrx_word' id='word_1_564' title='bbox 1862 1250 1959 1279; x_wconf 90' lang='lat' dir='ltr'><strong>quum</strong></span> <span class='ocrx_word' id='word_1_565' title='bbox 1989 1241 2018 1270; x_wconf 94' lang='lat' dir='ltr'><strong>in</strong></span> <span class='ocrx_word' id='word_1_566' title='bbox 2045 1239 2103 1270; x_wconf 91' lang='lat' dir='ltr'><strong>hu-</strong></span> 
     </span>
     <span class='ocr_line' id='line_1_85' title="bbox 1142 1281 2104 1322; baseline 0.002 -11"><span class='ocrx_word' id='word_1_567' title='bbox 1142 1281 1279 1312; x_wconf 84' lang='lat' dir='ltr'><strong>militate</strong></span> <span class='ocrx_word' id='word_1_568' title='bbox 1302 1281 1496 1312; x_wconf 87' lang='lat' dir='ltr'><strong>incedemus.</strong></span> <span class='ocrx_word' id='word_1_569' title='bbox 1535 1281 1616 1311; x_wconf 88' lang='lat' dir='ltr'><strong>Nam</strong></span> <span class='ocrx_word' id='word_1_570' title='bbox 1637 1287 1671 1311; x_wconf 92' lang='lat' dir='ltr'><strong>ut</strong></span> <span class='ocrx_word' id='word_1_571' title='bbox 1694 1288 1767 1312; x_wconf 90' lang='lat' dir='ltr'><strong>ante</strong></span> <span class='ocrx_word' id='word_1_572' title='bbox 1791 1281 1867 1318; x_wconf 80' lang='lat' dir='ltr'><strong>dixi,</strong></span> <span class='ocrx_word' id='word_1_573' title='bbox 1891 1293 1984 1313; x_wconf 83' lang='lat' dir='ltr'><strong>sacra</strong></span> <span class='ocrx_word' id='word_1_574' title='bbox 2007 1283 2104 1322; x_wconf 90' lang='lat' dir='ltr'><strong>scrip-</strong></span> 
     </span>
     <span class='ocr_line' id='line_1_86' title="bbox 1142 1323 2104 1364; baseline 0.002 -10"><span class='ocrx_word' id='word_1_575' title='bbox 1142 1329 1216 1355; x_wconf 87' lang='lat' dir='ltr'><strong>tura</strong></span> <span class='ocrx_word' id='word_1_576' title='bbox 1238 1323 1330 1354; x_wconf 90' lang='lat' dir='ltr'><strong>nobis</strong></span> <span class='ocrx_word' id='word_1_577' title='bbox 1354 1323 1480 1354; x_wconf 84' lang='lat' dir='ltr'><strong>abunde</strong></span> <span class='ocrx_word' id='word_1_578' title='bbox 1503 1324 1685 1363; x_wconf 87' lang='lat' dir='ltr'><strong>suppeditat</strong></span> <span class='ocrx_word' id='word_1_579' title='bbox 1715 1323 1901 1363; x_wconf 88' lang='lat' dir='ltr'><strong>doctrinam,</strong></span> <span class='ocrx_word' id='word_1_580' title='bbox 1931 1335 1994 1364; x_wconf 90' lang='lat' dir='ltr'><strong>qua</strong></span> <span class='ocrx_word' id='word_1_581' title='bbox 2024 1325 2104 1356; x_wconf 86' lang='lat' dir='ltr'><strong>duce</strong></span> 
     </span>
     <span class='ocr_line' id='line_1_87' title="bbox 1142 1366 2104 1407; baseline 0.001 -10"><span class='ocrx_word' id='word_1_582' title='bbox 1142 1371 1253 1398; x_wconf 83' lang='lat' dir='ltr'><strong>nostra</strong></span> <span class='ocrx_word' id='word_1_583' title='bbox 1293 1366 1427 1397; x_wconf 83' lang='lat' dir='ltr'><strong>consilia</strong></span> <span class='ocrx_word' id='word_1_584' title='bbox 1468 1376 1633 1406; x_wconf 87' lang='lat' dir='ltr'><strong>regamus:</strong></span> <span class='ocrx_word' id='word_1_585' title='bbox 1677 1366 1791 1396; x_wconf 89' lang='lat' dir='ltr'><strong>deinde</strong></span> <span class='ocrx_word' id='word_1_586' title='bbox 1833 1367 1965 1407; x_wconf 85' lang='lat' dir='ltr'><strong>spiritus</strong></span> <span class='ocrx_word' id='word_1_587' title='bbox 2006 1368 2104 1398; x_wconf 90' lang='lat' dir='ltr'><strong>etiam</strong></span> 
     </span>
     <span class='ocr_line' id='line_1_88' title="bbox 1143 1409 2103 1450; baseline 0.001 -10"><span class='ocrx_word' id='word_1_588' title='bbox 1143 1415 1272 1440; x_wconf 85' lang='lat' dir='ltr'><strong>sanctus</strong></span> <span class='ocrx_word' id='word_1_589' title='bbox 1294 1409 1499 1448; x_wconf 87' lang='lat' dir='ltr'><strong>prudentiam</strong></span> <span class='ocrx_word' id='word_1_590' title='bbox 1524 1413 1556 1439; x_wconf 85' lang='lat' dir='ltr'><strong>et</strong></span> <span class='ocrx_word' id='word_1_591' title='bbox 1579 1409 1802 1440; x_wconf 88' lang='lat' dir='ltr'><strong>discretionem</strong></span> <span class='ocrx_word' id='word_1_592' title='bbox 1826 1410 2018 1450; x_wconf 87' lang='lat' dir='ltr'><strong>suppeditat.</strong></span> <span class='ocrx_word' id='word_1_593' title='bbox 2054 1409 2103 1441; x_wconf 91' lang='lat' dir='ltr'><strong>Ne</strong></span> 
     </span>
     <span class='ocr_line' id='line_1_89' title="bbox 1142 1450 2104 1492; baseline 0.001 -10"><span class='ocrx_word' id='word_1_594' title='bbox 1142 1462 1219 1492; x_wconf 85' lang='lat' dir='ltr'><strong>ergo</strong></span> <span class='ocrx_word' id='word_1_595' title='bbox 1243 1462 1470 1492; x_wconf 87' lang='lat' dir='ltr'><strong>segnescamus</strong></span> <span class='ocrx_word' id='word_1_596' title='bbox 1493 1451 1575 1482; x_wconf 87' lang='lat' dir='ltr'><strong>docti</strong></span> <span class='ocrx_word' id='word_1_597' title='bbox 1599 1450 1779 1489; x_wconf 84' lang='lat' dir='ltr'><strong>aDomino,</strong></span> <span class='ocrx_word' id='word_1_598' title='bbox 1803 1452 1856 1482; x_wconf 89' lang='lat' dir='ltr'><strong>sed</strong></span> <span class='ocrx_word' id='word_1_599' title='bbox 1876 1453 1983 1492; x_wconf 87' lang='lat' dir='ltr'><strong>ipsum</strong></span> <span class='ocrx_word' id='word_1_600' title='bbox 1997 1453 2104 1492; x_wconf 86' lang='lat' dir='ltr'><strong>potius</strong></span> 
     </span>
     <span class='ocr_line' id='line_1_90' title="bbox 1143 1494 2103 1536; baseline 0.001 -11"><span class='ocrx_word' id='word_1_601' title='bbox 1143 1494 1254 1525; x_wconf 90' lang='lat' dir='ltr'><strong>sedulo</strong></span> <span class='ocrx_word' id='word_1_602' title='bbox 1279 1504 1456 1534; x_wconf 88' lang='lat' dir='ltr'><strong>precemur,</strong></span> <span class='ocrx_word' id='word_1_603' title='bbox 1486 1500 1522 1524; x_wconf 90' lang='lat' dir='ltr'><strong>ut</strong></span> <span class='ocrx_word' id='word_1_604' title='bbox 1545 1505 1603 1524; x_wconf 80' lang='lat' dir='ltr'><strong>nos</strong></span> <span class='ocrx_word' id='word_1_605' title='bbox 1633 1500 1742 1525; x_wconf 87' lang='lat' dir='ltr'><strong>sancto</strong></span> <span class='ocrx_word' id='word_1_606' title='bbox 1771 1504 1827 1525; x_wconf 89' lang='lat' dir='ltr'><strong>suo</strong></span> <span class='ocrx_word' id='word_1_607' title='bbox 1858 1496 1974 1535; x_wconf 89' lang='lat' dir='ltr'><strong>spiritu</strong></span> <span class='ocrx_word' id='word_1_608' title='bbox 2002 1502 2103 1536; x_wconf 89' lang='lat' dir='ltr'><strong>regat.</strong></span> 
     </span>
    </p>

    <p class='ocr_par' dir='ltr' id='par_1_12' title="bbox 1138 1536 2105 2688">
     <span class='ocr_line' id='line_1_91' title="bbox 1229 1536 2102 1576; baseline 0 -8"><span class='ocrx_word' id='word_1_609' title='bbox 1229 1538 1328 1568; x_wconf 86' lang='lat' dir='ltr'><strong>Porro</strong></span> <span class='ocrx_word' id='word_1_610' title='bbox 1369 1536 1491 1568; x_wconf 92' lang='lat' dir='ltr'><strong>Davidi</strong></span> <span class='ocrx_word' id='word_1_611' title='bbox 1526 1536 1751 1576; x_wconf 82' lang='lat' dir='ltr'><strong>respondetur,</strong></span> <span class='ocrx_word' id='word_1_612' title='bbox 1788 1544 1822 1567; x_wconf 91' lang='lat' dir='ltr'><strong>ut</strong></span> <span class='ocrx_word' id='word_1_613' title='bbox 1859 1537 2012 1569; x_wconf 86' lang='lat' dir='ltr'><strong>audacter</strong></span> <span class='ocrx_word' id='word_1_614' title='bbox 2041 1542 2102 1569; x_wconf 86' lang='lat' dir='ltr'><strong>eat.</strong></span> 
     </span>
     <span class='ocr_line' id='line_1_92' title="bbox 1148 1578 2104 1619; baseline 0 -8"><span class='ocrx_word' id='word_1_615' title='bbox 1148 1579 1240 1616; x_wconf 73' lang='lat' dir='ltr'><strong>Vade,</strong></span> <span class='ocrx_word' id='word_1_616' title='bbox 1264 1580 1378 1619; x_wconf 87' lang='lat' dir='ltr'><strong>inquit,</strong></span> <span class='ocrx_word' id='word_1_617' title='bbox 1402 1582 1429 1610; x_wconf 81' lang='lat' dir='ltr'><strong>et</strong></span> <span class='ocrx_word' id='word_1_618' title='bbox 1435 1580 1590 1618; x_wconf 74' lang='lat' dir='ltr'><strong>percuties</strong></span> <span class='ocrx_word' id='word_1_619' title='bbox 1602 1578 1795 1616; x_wconf 77' lang='lat' dir='ltr'><strong>Philistaeos,</strong></span> <span class='ocrx_word' id='word_1_620' title='bbox 1818 1582 1845 1610; x_wconf 77' lang='lat' dir='ltr'><strong>et</strong></span> <span class='ocrx_word' id='word_1_621' title='bbox 1859 1579 1976 1611; x_wconf 71' lang='lat' dir='ltr'><strong>Ceilam</strong></span> <span class='ocrx_word' id='word_1_622' title='bbox 1997 1590 2104 1612; x_wconf 80' lang='lat' dir='ltr'><strong>serva-</strong></span> 
     </span>
     <span class='ocr_line' id='line_1_93' title="bbox 1141 1621 2104 1662; baseline -0.001 -8"><span class='ocrx_word' id='word_1_623' title='bbox 1141 1622 1197 1654; x_wconf 78' lang='lat' dir='ltr'><strong>bis.</strong></span> <span class='ocrx_word' id='word_1_624' title='bbox 1232 1622 1448 1661; x_wconf 81' lang='lat' dir='ltr'><strong>Quamobrem</strong></span> <span class='ocrx_word' id='word_1_625' title='bbox 1473 1632 1506 1652; x_wconf 91' lang='lat' dir='ltr'><strong>se</strong></span> <span class='ocrx_word' id='word_1_626' title='bbox 1519 1621 1627 1652; x_wconf 88' lang='lat' dir='ltr'><strong>David</strong></span> <span class='ocrx_word' id='word_1_627' title='bbox 1652 1621 1691 1652; x_wconf 89' lang='lat' dir='ltr'><strong>ad</strong></span> <span class='ocrx_word' id='word_1_628' title='bbox 1704 1622 1940 1661; x_wconf 79' lang='lat' dir='ltr'><strong>expeditionem</strong></span> <span class='ocrx_word' id='word_1_629' title='bbox 1960 1629 2104 1662; x_wconf 87' lang='lat' dir='ltr'><strong>apparat.</strong></span> 
     </span>
     <span class='ocr_line' id='line_1_94' title="bbox 1143 1664 2105 1705; baseline -0.001 -8"><span class='ocrx_word' id='word_1_630' title='bbox 1143 1665 1207 1697; x_wconf 81' lang='lat' dir='ltr'><strong>Sed</strong></span> <span class='ocrx_word' id='word_1_631' title='bbox 1231 1676 1303 1697; x_wconf 89' lang='lat' dir='ltr'><strong>ecce</strong></span> <span class='ocrx_word' id='word_1_632' title='bbox 1326 1665 1436 1705; x_wconf 84' lang='lat' dir='ltr'><strong>gravis</strong></span> <span class='ocrx_word' id='word_1_633' title='bbox 1454 1665 1544 1695; x_wconf 93' lang='lat' dir='ltr'><strong>illum</strong></span> <span class='ocrx_word' id='word_1_634' title='bbox 1565 1667 1694 1695; x_wconf 81' lang='lat' dir='ltr'><strong>exercet</strong></span> <span class='ocrx_word' id='word_1_635' title='bbox 1712 1665 1856 1702; x_wconf 88' lang='lat' dir='ltr'><strong>tentatio,</strong></span> <span class='ocrx_word' id='word_1_636' title='bbox 1881 1664 2105 1697; x_wconf 86' lang='lat' dir='ltr'><strong>recusantibus</strong></span> 
     </span>
     <span class='ocr_line' id='line_1_95' title="bbox 1141 1706 2103 1748; baseline 0 -9"><span class='ocrx_word' id='word_1_637' title='bbox 1141 1709 1220 1740; x_wconf 90' lang='lat' dir='ltr'><strong>viris</strong></span> <span class='ocrx_word' id='word_1_638' title='bbox 1243 1708 1298 1748; x_wconf 90' lang='lat' dir='ltr'><strong>qui</strong></span> <span class='ocrx_word' id='word_1_639' title='bbox 1321 1719 1393 1739; x_wconf 88' lang='lat' dir='ltr'><strong>cum</strong></span> <span class='ocrx_word' id='word_1_640' title='bbox 1418 1718 1454 1738; x_wconf 91' lang='lat' dir='ltr'><strong>eo</strong></span> <span class='ocrx_word' id='word_1_641' title='bbox 1477 1712 1570 1737; x_wconf 90' lang='lat' dir='ltr'><strong>erant</strong></span> <span class='ocrx_word' id='word_1_642' title='bbox 1589 1707 1689 1746; x_wconf 88' lang='lat' dir='ltr'><strong>sequi.</strong></span> <span class='ocrx_word' id='word_1_643' title='bbox 1726 1706 1818 1743; x_wconf 78' lang='lat' dir='ltr'><strong>Nam,</strong></span> <span class='ocrx_word' id='word_1_644' title='bbox 1842 1708 2011 1748; x_wconf 86' lang='lat' dir='ltr'><strong>inquiunt,</strong></span> <span class='ocrx_word' id='word_1_645' title='bbox 2039 1718 2103 1740; x_wconf 84' lang='lat' dir='ltr'><strong>ecce</strong></span> 
     </span>
     <span class='ocr_line' id='line_1_96' title="bbox 1139 1749 2104 1791; baseline -0.001 -9"><span class='ocrx_word' id='word_1_646' title='bbox 1139 1761 1195 1782; x_wconf 79' lang='lat' dir='ltr'><strong>nos</strong></span> <span class='ocrx_word' id='word_1_647' title='bbox 1216 1751 1265 1782; x_wconf 72' lang='lat' dir='ltr'><strong>hic</strong></span> <span class='ocrx_word' id='word_1_648' title='bbox 1286 1752 1320 1782; x_wconf 79' lang='lat' dir='ltr'><strong>in</strong></span> <span class='ocrx_word' id='word_1_649' title='bbox 1340 1750 1460 1781; x_wconf 78' lang='lat' dir='ltr'><strong>Iudaea</strong></span> <span class='ocrx_word' id='word_1_650' title='bbox 1481 1750 1674 1781; x_wconf 74' lang='lat' dir='ltr'><strong>consistentes</strong></span> <span class='ocrx_word' id='word_1_651' title='bbox 1696 1749 1844 1789; x_wconf 77' lang='lat' dir='ltr'><strong>timemus,</strong></span> <span class='ocrx_word' id='word_1_652' title='bbox 1868 1753 1980 1790; x_wconf 78' lang='lat' dir='ltr'><strong>quanto</strong></span> <span class='ocrx_word' id='word_1_653' title='bbox 2003 1751 2104 1791; x_wconf 74' lang='lat' dir='ltr'><strong>mayis</strong></span> 
     </span>
     <span class='ocr_line' id='line_1_97' title="bbox 1139 1792 2104 1831; baseline -0.002 -6"><span class='ocrx_word' id='word_1_654' title='bbox 1139 1795 1168 1825; x_wconf 81' lang='lat' dir='ltr'><strong>si</strong></span> <span class='ocrx_word' id='word_1_655' title='bbox 1190 1794 1321 1825; x_wconf 76' lang='lat' dir='ltr'><strong>ierimus</strong></span> <span class='ocrx_word' id='word_1_656' title='bbox 1332 1794 1366 1824; x_wconf 73' lang='lat' dir='ltr'><strong>in</strong></span> <span class='ocrx_word' id='word_1_657' title='bbox 1380 1793 1497 1824; x_wconf 80' lang='lat' dir='ltr'><strong>Ceilam</strong></span> <span class='ocrx_word' id='word_1_658' title='bbox 1509 1793 1674 1823; x_wconf 78' lang='lat' dir='ltr'><strong>adversum</strong></span> <span class='ocrx_word' id='word_1_659' title='bbox 1696 1792 1821 1831; x_wconf 57' lang='lat' dir='ltr'><strong>agmina</strong></span> <span class='ocrx_word' id='word_1_660' title='bbox 1834 1792 2104 1824; x_wconf 66' lang='lat' dir='ltr'><strong>Philistinorum?</strong></span> 
     </span>
     <span class='ocr_line' id='line_1_98' title="bbox 1140 1834 2103 1877; baseline -0.002 -9"><span class='ocrx_word' id='word_1_661' title='bbox 1140 1837 1207 1868; x_wconf 91' lang='lat' dir='ltr'><strong>Nos</strong></span> <span class='ocrx_word' id='word_1_662' title='bbox 1230 1837 1346 1877; x_wconf 80' lang='lat' dir='ltr'><strong>exiguo</strong></span> <span class='ocrx_word' id='word_1_663' title='bbox 1370 1845 1505 1866; x_wconf 91' lang='lat' dir='ltr'><strong>numero</strong></span> <span class='ocrx_word' id='word_1_664' title='bbox 1535 1845 1655 1874; x_wconf 86' lang='lat' dir='ltr'><strong>sumus,</strong></span> <span class='ocrx_word' id='word_1_665' title='bbox 1685 1834 1730 1865; x_wconf 90' lang='lat' dir='ltr'><strong>illi</strong></span> <span class='ocrx_word' id='word_1_666' title='bbox 1762 1845 1838 1866; x_wconf 87' lang='lat' dir='ltr'><strong>vero</strong></span> <span class='ocrx_word' id='word_1_667' title='bbox 1866 1836 1969 1871; x_wconf 87' lang='lat' dir='ltr'><strong>multi,</strong></span> <span class='ocrx_word' id='word_1_668' title='bbox 2001 1845 2103 1875; x_wconf 89' lang='lat' dir='ltr'><strong>quare</strong></span> 
     </span>
     <span class='ocr_line' id='line_1_99' title="bbox 1140 1877 2102 1918; baseline -0.002 -7"><span class='ocrx_word' id='word_1_669' title='bbox 1140 1881 1301 1911; x_wconf 85' lang='lat' dir='ltr'><strong>sexcentis</strong></span> <span class='ocrx_word' id='word_1_670' title='bbox 1324 1879 1434 1909; x_wconf 85' lang='lat' dir='ltr'><strong>mortis</strong></span> <span class='ocrx_word' id='word_1_671' title='bbox 1453 1877 1604 1917; x_wconf 85' lang='lat' dir='ltr'><strong>periculis</strong></span> <span class='ocrx_word' id='word_1_672' title='bbox 1622 1877 1819 1914; x_wconf 89' lang='lat' dir='ltr'><strong>obiiciemur,</strong></span> <span class='ocrx_word' id='word_1_673' title='bbox 1843 1878 2102 1918; x_wconf 86' lang='lat' dir='ltr'><strong>quandoquidem</strong></span> 
     </span>
     <span class='ocr_line' id='line_1_100' title="bbox 1140 1919 2102 1960; baseline -0.002 -7"><span class='ocrx_word' id='word_1_674' title='bbox 1140 1922 1193 1953; x_wconf 89' lang='lat' dir='ltr'><strong>hic</strong></span> <span class='ocrx_word' id='word_1_675' title='bbox 1222 1923 1255 1953; x_wconf 92' lang='lat' dir='ltr'><strong>in</strong></span> <span class='ocrx_word' id='word_1_676' title='bbox 1286 1922 1404 1952; x_wconf 88' lang='lat' dir='ltr'><strong>nostris</strong></span> <span class='ocrx_word' id='word_1_677' title='bbox 1433 1920 1565 1951; x_wconf 88' lang='lat' dir='ltr'><strong>latebris</strong></span> <span class='ocrx_word' id='word_1_678' title='bbox 1596 1919 1705 1959; x_wconf 90' lang='lat' dir='ltr'><strong>procul</strong></span> <span class='ocrx_word' id='word_1_679' title='bbox 1736 1919 1775 1950; x_wconf 87' lang='lat' dir='ltr'><strong>ab</strong></span> <span class='ocrx_word' id='word_1_680' title='bbox 1806 1920 1961 1960; x_wconf 87' lang='lat' dir='ltr'><strong>hostibus,</strong></span> <span class='ocrx_word' id='word_1_681' title='bbox 1992 1928 2102 1952; x_wconf 88' lang='lat' dir='ltr'><strong>tamen</strong></span> 
     </span>
     <span class='ocr_line' id='line_1_101' title="bbox 1141 1962 2101 2002; baseline -0.002 -6"><span class='ocrx_word' id='word_1_682' title='bbox 1141 1965 1349 1996; x_wconf 87' lang='lat' dir='ltr'><strong>vehementer</strong></span> <span class='ocrx_word' id='word_1_683' title='bbox 1371 1962 1566 1994; x_wconf 68' lang='lat' dir='ltr'><strong>metuimus?</strong></span> <span class='ocrx_word' id='word_1_684' title='bbox 1598 1962 1804 1993; x_wconf 84' lang='lat' dir='ltr'><strong>Contrarium</strong></span> <span class='ocrx_word' id='word_1_685' title='bbox 1836 1964 1979 2002; x_wconf 89' lang='lat' dir='ltr'><strong>profecto</strong></span> <span class='ocrx_word' id='word_1_686' title='bbox 2010 1963 2101 1994; x_wconf 88' lang='lat' dir='ltr'><strong>vide-</strong></span> 
     </span>
     <span class='ocr_line' id='line_1_102' title="bbox 1141 2004 2103 2046; baseline -0.003 -7"><span class='ocrx_word' id='word_1_687' title='bbox 1141 2008 1235 2039; x_wconf 85' lang='lat' dir='ltr'><strong>batur</strong></span> <span class='ocrx_word' id='word_1_688' title='bbox 1257 2007 1343 2038; x_wconf 90' lang='lat' dir='ltr'><strong>istud</strong></span> <span class='ocrx_word' id='word_1_689' title='bbox 1366 2016 1517 2046; x_wconf 90' lang='lat' dir='ltr'><strong>responso</strong></span> <span class='ocrx_word' id='word_1_690' title='bbox 1541 2004 1625 2045; x_wconf 91' lang='lat' dir='ltr'><strong>quod</strong></span> <span class='ocrx_word' id='word_1_691' title='bbox 1650 2005 1811 2036; x_wconf 89' lang='lat' dir='ltr'><strong>Dominus</strong></span> <span class='ocrx_word' id='word_1_692' title='bbox 1835 2006 1975 2037; x_wconf 87' lang='lat' dir='ltr'><strong>dederat.</strong></span> <span class='ocrx_word' id='word_1_693' title='bbox 2019 2006 2103 2037; x_wconf 88' lang='lat' dir='ltr'><strong>Nam</strong></span> 
     </span>
     <span class='ocr_line' id='line_1_103' title="bbox 1140 2048 2102 2084; baseline -0.003 -2"><span class='ocrx_word' id='word_1_694' title='bbox 1140 2051 1167 2082; x_wconf 91' lang='lat' dir='ltr'><strong>si</strong></span> <span class='ocrx_word' id='word_1_695' title='bbox 1190 2050 1360 2082; x_wconf 86' lang='lat' dir='ltr'><strong>victoriam</strong></span> <span class='ocrx_word' id='word_1_696' title='bbox 1374 2048 1492 2080; x_wconf 90' lang='lat' dir='ltr'><strong>Davidi</strong></span> <span class='ocrx_word' id='word_1_697' title='bbox 1516 2057 1725 2079; x_wconf 86' lang='lat' dir='ltr'><strong>concessurus</strong></span> <span class='ocrx_word' id='word_1_698' title='bbox 1738 2056 1816 2084; x_wconf 83' lang='lat' dir='ltr'><strong>erat,</strong></span> <span class='ocrx_word' id='word_1_699' title='bbox 1840 2059 1897 2079; x_wconf 91' lang='lat' dir='ltr'><strong>cur</strong></span> <span class='ocrx_word' id='word_1_700' title='bbox 1920 2059 1984 2079; x_wconf 90' lang='lat' dir='ltr'><strong>non</strong></span> <span class='ocrx_word' id='word_1_701' title='bbox 2004 2048 2102 2079; x_wconf 89' lang='lat' dir='ltr'><strong>etiam</strong></span> 
     </span>
     <span class='ocr_line' id='line_1_104' title="bbox 1139 2089 2101 2128; baseline -0.002 -4"><span class='ocrx_word' id='word_1_702' title='bbox 1139 2093 1278 2124; x_wconf 90' lang='lat' dir='ltr'><strong>Davidis</strong></span> <span class='ocrx_word' id='word_1_703' title='bbox 1308 2092 1467 2124; x_wconf 87' lang='lat' dir='ltr'><strong>sociorum</strong></span> <span class='ocrx_word' id='word_1_704' title='bbox 1502 2091 1625 2121; x_wconf 86' lang='lat' dir='ltr'><strong>animos</strong></span> <span class='ocrx_word' id='word_1_705' title='bbox 1659 2089 1858 2128; x_wconf 84' lang='lat' dir='ltr'><strong>disponebat,</strong></span> <span class='ocrx_word' id='word_1_706' title='bbox 1900 2097 1932 2122; x_wconf 90' lang='lat' dir='ltr'><strong>et</strong></span> <span class='ocrx_word' id='word_1_707' title='bbox 1965 2090 2101 2122; x_wconf 87' lang='lat' dir='ltr'><strong>audaces</strong></span> 
     </span>
     <span class='ocr_line' id='line_1_105' title="bbox 1140 2132 2100 2172; baseline -0.003 -5"><span class='ocrx_word' id='word_1_708' title='bbox 1140 2135 1298 2167; x_wconf 85' lang='lat' dir='ltr'><strong>efficiebat</strong></span> <span class='ocrx_word' id='word_1_709' title='bbox 1327 2135 1366 2165; x_wconf 91' lang='lat' dir='ltr'><strong>ad</strong></span> <span class='ocrx_word' id='word_1_710' title='bbox 1398 2133 1557 2164; x_wconf 88' lang='lat' dir='ltr'><strong>Davidem</strong></span> <span class='ocrx_word' id='word_1_711' title='bbox 1589 2132 1700 2163; x_wconf 86' lang='lat' dir='ltr'><strong>ducem</strong></span> <span class='ocrx_word' id='word_1_712' title='bbox 1732 2133 1953 2171; x_wconf 84' lang='lat' dir='ltr'><strong>sequendum?</strong></span> <span class='ocrx_word' id='word_1_713' title='bbox 1989 2133 2100 2172; x_wconf 81' lang='lat' dir='ltr'><strong>Quare</strong></span> 
     </span>
     <span class='ocr_line' id='line_1_106' title="bbox 1141 2175 2101 2217; baseline -0.003 -8"><span class='ocrx_word' id='word_1_714' title='bbox 1141 2179 1269 2209; x_wconf 87' lang='lat' dir='ltr'><strong>videtur</strong></span> <span class='ocrx_word' id='word_1_715' title='bbox 1291 2177 1448 2217; x_wconf 88' lang='lat' dir='ltr'><strong>quaedam</strong></span> <span class='ocrx_word' id='word_1_716' title='bbox 1471 2177 1503 2207; x_wconf 91' lang='lat' dir='ltr'><strong>in</strong></span> <span class='ocrx_word' id='word_1_717' title='bbox 1535 2176 1605 2206; x_wconf 89' lang='lat' dir='ltr'><strong>istis</strong></span> <span class='ocrx_word' id='word_1_718' title='bbox 1636 2185 1704 2206; x_wconf 87' lang='lat' dir='ltr'><strong>esse</strong></span> <span class='ocrx_word' id='word_1_719' title='bbox 1736 2175 1952 2207; x_wconf 82' lang='lat' dir='ltr'><strong>contradictio.</strong></span> <span class='ocrx_word' id='word_1_720' title='bbox 1998 2175 2101 2216; x_wconf 89' lang='lat' dir='ltr'><strong>Atqui</strong></span> 
     </span>
     <span class='ocr_line' id='line_1_107' title="bbox 1141 2218 2101 2258; baseline -0.004 -6"><span class='ocrx_word' id='word_1_721' title='bbox 1141 2221 1246 2252; x_wconf 91' lang='lat' dir='ltr'><strong>David</strong></span> <span class='ocrx_word' id='word_1_722' title='bbox 1271 2221 1355 2252; x_wconf 88' lang='lat' dir='ltr'><strong>hanc</strong></span> <span class='ocrx_word' id='word_1_723' title='bbox 1378 2219 1596 2250; x_wconf 84' lang='lat' dir='ltr'><strong>difficultatem</strong></span> <span class='ocrx_word' id='word_1_724' title='bbox 1628 2224 1766 2257; x_wconf 84' lang='lat' dir='ltr'><strong>superat,</strong></span> <span class='ocrx_word' id='word_1_725' title='bbox 1797 2219 1835 2249; x_wconf 89' lang='lat' dir='ltr'><strong>ad</strong></span> <span class='ocrx_word' id='word_1_726' title='bbox 1859 2218 1967 2249; x_wconf 90' lang='lat' dir='ltr'><strong>Deum</strong></span> <span class='ocrx_word' id='word_1_727' title='bbox 1998 2219 2101 2258; x_wconf 87' lang='lat' dir='ltr'><strong>preci-</strong></span> 
     </span>
     <span class='ocr_line' id='line_1_108' title="bbox 1140 2260 2102 2303; baseline -0.004 -8"><span class='ocrx_word' id='word_1_728' title='bbox 1140 2265 1198 2295; x_wconf 90' lang='lat' dir='ltr'><strong>bus</strong></span> <span class='ocrx_word' id='word_1_729' title='bbox 1229 2264 1434 2303; x_wconf 82' lang='lat' dir='ltr'><strong>confugiens,</strong></span> <span class='ocrx_word' id='word_1_730' title='bbox 1474 2268 1506 2292; x_wconf 89' lang='lat' dir='ltr'><strong>et</strong></span> <span class='ocrx_word' id='word_1_731' title='bbox 1540 2261 1692 2291; x_wconf 88' lang='lat' dir='ltr'><strong>rationem</strong></span> <span class='ocrx_word' id='word_1_732' title='bbox 1731 2260 1932 2301; x_wconf 82' lang='lat' dir='ltr'><strong>investigans</strong></span> <span class='ocrx_word' id='word_1_733' title='bbox 1967 2271 2102 2292; x_wconf 85' lang='lat' dir='ltr'><strong>suorum</strong></span> 
     </span>
     <span class='ocr_line' id='line_1_109' title="bbox 1140 2302 2102 2343; baseline -0.004 -6"><span class='ocrx_word' id='word_1_734' title='bbox 1140 2309 1285 2338; x_wconf 89' lang='lat' dir='ltr'><strong>timorem</strong></span> <span class='ocrx_word' id='word_1_735' title='bbox 1310 2312 1342 2336; x_wconf 90' lang='lat' dir='ltr'><strong>et</strong></span> <span class='ocrx_word' id='word_1_736' title='bbox 1363 2305 1584 2335; x_wconf 87' lang='lat' dir='ltr'><strong>infirmitatem</strong></span> <span class='ocrx_word' id='word_1_737' title='bbox 1607 2302 1799 2342; x_wconf 84' lang='lat' dir='ltr'><strong>depellendi.</strong></span> <span class='ocrx_word' id='word_1_738' title='bbox 1845 2304 1948 2334; x_wconf 86' lang='lat' dir='ltr'><strong>Tanto</strong></span> <span class='ocrx_word' id='word_1_739' title='bbox 1971 2303 2102 2343; x_wconf 88' lang='lat' dir='ltr'><strong>quidem</strong></span> 
     </span>
     <span class='ocr_line' id='line_1_110' title="bbox 1139 2346 2101 2386; baseline -0.005 -6"><span class='ocrx_word' id='word_1_740' title='bbox 1139 2350 1193 2380; x_wconf 92' lang='lat' dir='ltr'><strong>ille</strong></span> <span class='ocrx_word' id='word_1_741' title='bbox 1223 2354 1311 2380; x_wconf 89' lang='lat' dir='ltr'><strong>metu</strong></span> <span class='ocrx_word' id='word_1_742' title='bbox 1343 2358 1471 2379; x_wconf 90' lang='lat' dir='ltr'><strong>suorum</strong></span> <span class='ocrx_word' id='word_1_743' title='bbox 1497 2346 1664 2377; x_wconf 86' lang='lat' dir='ltr'><strong>videbatur</strong></span> <span class='ocrx_word' id='word_1_744' title='bbox 1698 2346 1827 2384; x_wconf 84' lang='lat' dir='ltr'><strong>percelli</strong></span> <span class='ocrx_word' id='word_1_745' title='bbox 1851 2356 1953 2386; x_wconf 84' lang='lat' dir='ltr'><strong>posse,</strong></span> <span class='ocrx_word' id='word_1_746' title='bbox 1987 2351 2024 2376; x_wconf 93' lang='lat' dir='ltr'><strong>ut</strong></span> <span class='ocrx_word' id='word_1_747' title='bbox 2053 2346 2101 2376; x_wconf 91' lang='lat' dir='ltr'><strong>in-</strong></span> 
     </span>
     <span class='ocr_line' id='line_1_111' title="bbox 1139 2388 2100 2432; baseline -0.005 -9"><span class='ocrx_word' id='word_1_748' title='bbox 1139 2398 1230 2432; x_wconf 90' lang='lat' dir='ltr'><strong>cepto</strong></span> <span class='ocrx_word' id='word_1_749' title='bbox 1244 2391 1427 2422; x_wconf 87' lang='lat' dir='ltr'><strong>desisteret:</strong></span> <span class='ocrx_word' id='word_1_750' title='bbox 1453 2390 1507 2421; x_wconf 89' lang='lat' dir='ltr'><strong>sed</strong></span> <span class='ocrx_word' id='word_1_751' title='bbox 1528 2398 1635 2419; x_wconf 88' lang='lat' dir='ltr'><strong>tamen</strong></span> <span class='ocrx_word' id='word_1_752' title='bbox 1647 2388 1803 2419; x_wconf 86' lang='lat' dir='ltr'><strong>adversus</strong></span> <span class='ocrx_word' id='word_1_753' title='bbox 1823 2388 1959 2428; x_wconf 89' lang='lat' dir='ltr'><strong>quodvis</strong></span> <span class='ocrx_word' id='word_1_754' title='bbox 1978 2388 2100 2419; x_wconf 85' lang='lat' dir='ltr'><strong>malum</strong></span> 
     </span>
     <span class='ocr_line' id='line_1_112' title="bbox 1139 2430 2101 2474; baseline -0.004 -9"><span class='ocrx_word' id='word_1_755' title='bbox 1139 2433 1403 2474; x_wconf 84' lang='lat' dir='ltr'><strong>investigandum</strong></span> <span class='ocrx_word' id='word_1_756' title='bbox 1429 2431 1603 2463; x_wconf 79' lang='lat' dir='ltr'><strong>remedium</strong></span> <span class='ocrx_word' id='word_1_757' title='bbox 1630 2441 1691 2460; x_wconf 93' lang='lat' dir='ltr'><strong>non</strong></span> <span class='ocrx_word' id='word_1_758' title='bbox 1715 2430 1895 2470; x_wconf 75' lang='lat' dir='ltr'><strong>ignorabat,</strong></span> <span class='ocrx_word' id='word_1_759' title='bbox 1929 2431 1996 2462; x_wconf 76' lang='lat' dir='ltr'><strong>Deo</strong></span> <span class='ocrx_word' id='word_1_760' title='bbox 2020 2430 2101 2461; x_wconf 94' lang='lat' dir='ltr'><strong>illud</strong></span> 
     </span>
     <span class='ocr_line' id='line_1_113' title="bbox 1138 2472 2100 2513; baseline -0.005 -5"><span class='ocrx_word' id='word_1_761' title='bbox 1138 2478 1302 2508; x_wconf 86' lang='lat' dir='ltr'><strong>offerente.</strong></span> <span class='ocrx_word' id='word_1_762' title='bbox 1348 2477 1491 2507; x_wconf 85' lang='lat' dir='ltr'><strong>Rursum</strong></span> <span class='ocrx_word' id='word_1_763' title='bbox 1522 2474 1619 2513; x_wconf 83' lang='lat' dir='ltr'><strong>igitur</strong></span> <span class='ocrx_word' id='word_1_764' title='bbox 1648 2472 1686 2503; x_wconf 89' lang='lat' dir='ltr'><strong>ad</strong></span> <span class='ocrx_word' id='word_1_765' title='bbox 1719 2474 1823 2504; x_wconf 87' lang='lat' dir='ltr'><strong>Deum</strong></span> <span class='ocrx_word' id='word_1_766' title='bbox 1853 2474 2006 2513; x_wconf 76' lang='lat' dir='ltr'><strong>confugit,</strong></span> <span class='ocrx_word' id='word_1_767' title='bbox 2036 2484 2100 2503; x_wconf 91' lang='lat' dir='ltr'><strong>nou</strong></span> 
     </span>
     <span class='ocr_line' id='line_1_114' title="bbox 1138 2516 2100 2559; baseline -0.004 -9"><span class='ocrx_word' id='word_1_768' title='bbox 1138 2521 1208 2555; x_wconf 84' lang='lat' dir='ltr'><strong>ipse</strong></span> <span class='ocrx_word' id='word_1_769' title='bbox 1232 2519 1362 2559; x_wconf 87' lang='lat' dir='ltr'><strong>quidem</strong></span> <span class='ocrx_word' id='word_1_770' title='bbox 1394 2518 1543 2548; x_wconf 78' lang='lat' dir='ltr'><strong>dubitans</strong></span> <span class='ocrx_word' id='word_1_771' title='bbox 1573 2516 1610 2546; x_wconf 87' lang='lat' dir='ltr'><strong>de</strong></span> <span class='ocrx_word' id='word_1_772' title='bbox 1636 2516 1693 2546; x_wconf 81' lang='lat' dir='ltr'><strong>Dei</strong></span> <span class='ocrx_word' id='word_1_773' title='bbox 1724 2517 1900 2553; x_wconf 78' lang='lat' dir='ltr'><strong>voluntate,</strong></span> <span class='ocrx_word' id='word_1_774' title='bbox 1925 2517 1974 2547; x_wconf 85' lang='lat' dir='ltr'><strong>cui</strong></span> <span class='ocrx_word' id='word_1_775' title='bbox 2006 2516 2100 2555; x_wconf 82' lang='lat' dir='ltr'><strong>plane</strong></span> 
     </span>
     <span class='ocr_line' id='line_1_115' title="bbox 1140 2557 2100 2602; baseline -0.006 -8"><span class='ocrx_word' id='word_1_776' title='bbox 1140 2557 1368 2602; x_wconf 74' lang='lat' dir='ltr'><strong>acquiescebat.</strong></span> <span class='ocrx_word' id='word_1_777' title='bbox 1414 2561 1485 2591; x_wconf 89' lang='lat' dir='ltr'><strong>Non</strong></span> <span class='ocrx_word' id='word_1_778' title='bbox 1511 2570 1588 2589; x_wconf 79' lang='lat' dir='ltr'><strong>sane</strong></span> <span class='ocrx_word' id='word_1_779' title='bbox 1610 2557 1724 2589; x_wconf 83' lang='lat' dir='ltr'><strong>similis</strong></span> <span class='ocrx_word' id='word_1_780' title='bbox 1747 2567 1817 2590; x_wconf 81' lang='lat' dir='ltr'><strong>erat</strong></span> <span class='ocrx_word' id='word_1_781' title='bbox 1840 2558 2023 2593; x_wconf 85' lang='lat' dir='ltr'><strong>incredulis,</strong></span> <span class='ocrx_word' id='word_1_782' title='bbox 2046 2558 2100 2597; x_wconf 91' lang='lat' dir='ltr'><strong>qui</strong></span> 
     </span>
     <span class='ocr_line' id='line_1_116' title="bbox 1140 2602 2101 2644; baseline -0.006 -8"><span class='ocrx_word' id='word_1_783' title='bbox 1140 2615 1265 2644; x_wconf 87' lang='lat' dir='ltr'><strong>semper</strong></span> <span class='ocrx_word' id='word_1_784' title='bbox 1289 2605 1442 2635; x_wconf 86' lang='lat' dir='ltr'><strong>differunt</strong></span> <span class='ocrx_word' id='word_1_785' title='bbox 1465 2611 1493 2633; x_wconf 89' lang='lat' dir='ltr'><strong>et</strong></span> <span class='ocrx_word' id='word_1_786' title='bbox 1520 2611 1682 2641; x_wconf 86' lang='lat' dir='ltr'><strong>uunquam</strong></span> <span class='ocrx_word' id='word_1_787' title='bbox 1702 2602 1806 2641; x_wconf 88' lang='lat' dir='ltr'><strong>parati</strong></span> <span class='ocrx_word' id='word_1_788' title='bbox 1830 2607 1906 2633; x_wconf 87' lang='lat' dir='ltr'><strong>sunt</strong></span> <span class='ocrx_word' id='word_1_789' title='bbox 1924 2602 2031 2632; x_wconf 85' lang='lat' dir='ltr'><strong>Deum</strong></span> <span class='ocrx_word' id='word_1_790' title='bbox 2055 2610 2101 2631; x_wconf 86' lang='lat' dir='ltr'><strong>sc-</strong></span> 
     </span>
     <span class='ocr_line' id='line_1_117' title="bbox 1140 2643 2099 2688; baseline -0.005 -10"><span class='ocrx_word' id='word_1_791' title='bbox 1140 2648 1209 2688; x_wconf 90' lang='lat' dir='ltr'><strong>qui:</strong></span> <span class='ocrx_word' id='word_1_792' title='bbox 1241 2653 1273 2678; x_wconf 90' lang='lat' dir='ltr'><strong>et</strong></span> <span class='ocrx_word' id='word_1_793' title='bbox 1296 2649 1321 2678; x_wconf 88' lang='lat' dir='ltr'><strong>si</strong></span> <span class='ocrx_word' id='word_1_794' title='bbox 1345 2648 1424 2677; x_wconf 80' lang='lat' dir='ltr'><strong>forte</strong></span> <span class='ocrx_word' id='word_1_795' title='bbox 1449 2649 1570 2675; x_wconf 89' lang='lat' dir='ltr'><strong>motum</strong></span> <span class='ocrx_word' id='word_1_796' title='bbox 1595 2644 1734 2682; x_wconf 78' lang='lat' dir='ltr'><strong>aliquem</strong></span> <span class='ocrx_word' id='word_1_797' title='bbox 1766 2644 1883 2675; x_wconf 92' lang='lat' dir='ltr'><strong>bonum</strong></span> <span class='ocrx_word' id='word_1_798' title='bbox 1915 2643 2099 2681; x_wconf 86' lang='lat' dir='ltr'><strong>habuerint,</strong></span> 
     </span>
    </p>
   </div>
  </div>
 </body>
</html>
