2551 3044
140 209 199 241 541

137 304 298 343 debemus,
329 309 360 336 et
389 305 422 335 in
453 306 522 345 ipsa
552 308 702 344 tanquam
734 304 765 335 in
790 304 919 343 speculo
942 304 1036 344 quale
1059 306 1101 335 sit
1127 331 1128 334 ,

137 352 284 379 nostrum
321 348 460 379 officium
493 346 717 386 contemplari,
748 357 843 385 quam
879 347 938 377 Dei
967 348 1101 387 spiritus

137 391 322 422 testimonio
364 390 508 421 videmus
547 388 638 419 donis
679 388 900 428 singularibus
940 389 1128 430 insignem,

137 435 244 471 fuisse,
274 438 307 465 et
330 438 437 464 tamen
462 431 571 462 mariti
595 440 699 461 mores
723 441 824 470 aequo
848 432 955 462 animo
980 432 1100 470 tulisse,

136 483 168 509 et
186 476 310 517 placide
329 477 440 515 iugum
464 473 526 505 sibi
549 473 734 512 impositum
758 483 776 504 a
790 473 931 505 Domino
955 475 1099 513 subiisse,

136 521 266 559 eiusque
289 528 323 550 se
346 516 506 548 voluntati
530 515 725 546 submisisse.

220 561 310 592 Idem
334 561 367 590 in
391 569 484 590 servo
508 563 643 598 apparet
666 558 808 597 Nabalis,
840 558 878 590 de
902 569 964 599 quo
990 560 1041 591 hic
1065 561 1100 591 fit

135 604 274 641 mentio,
314 602 369 643 qui
404 601 665 632 animadvertens
702 600 868 632 dominum
909 612 1003 632 suum
1039 603 1099 634 sibi

135 647 314 678 maximum
334 644 456 676 malum
477 643 693 681 accersivisse,
716 648 748 674 et
771 643 809 674 de
834 644 900 675 vita
925 645 1098 684 periclitari

133 700 196 720 non
227 688 267 719 ad
298 688 403 728 ipsum
434 687 583 724 accessit,
613 686 870 726 quandoquidem
902 687 1099 720 difficillimis

133 731 280 763 moribus
311 736 379 762 erat
411 729 572 766 dominus,
603 734 636 760 et
666 728 755 759 nullo
786 729 899 760 timore
930 738 983 760 aut
1010 742 1100 762 vere-

132 774 251 807 cundia
280 773 490 810 retinebatur,
521 782 623 812 neque
654 776 762 802 tamen
792 772 923 803 omnino
947 772 1098 811 deseruit,

132 823 164 848 et
193 818 232 849 ab
262 816 367 848 officio
392 815 533 853 recessit,
562 814 618 845 sed
642 814 726 845 malo
749 813 793 845 illi
819 815 996 846 remedium
1021 817 1098 848 utile

131 860 302 901 quaesivit,
322 858 486 890 admonita
506 857 593 895 hera,
617 863 648 887 et
676 867 709 887 re
736 862 811 893 tota,
841 863 875 888 ut
899 866 969 889 erat
995 865 1099 890 trans-

131 909 211 941 acta,
236 901 276 934 ad
299 903 404 943 ipsum
429 900 569 940 perlata:
601 910 715 938 nempe
739 898 852 930 herum
876 899 937 931 sibi
960 912 1099 942 suaeque

132 946 271 977 familiae
285 944 347 976 nisi
361 949 545 983 promptum
567 942 723 973 auxilium
744 942 916 981 adferatur,
935 953 1098 975 summum

131 989 268 1020 exitium
292 987 508 1019 accersivisse.
548 984 788 1016 Provideudum
813 985 914 1026 igitur
937 986 1098 1024 admonet,

132 1037 165 1061 et
183 1031 252 1062 istis
275 1029 455 1061 rationibus
480 1029 590 1059 heram
615 1027 801 1058 cohortatur
823 1028 930 1059 multis
948 1028 1101 1068 beneficiis

135 1073 292 1105 Nabalem
319 1073 491 1104 devinctum
520 1080 585 1102 esse
606 1070 738 1108 Davidi,
768 1072 796 1101 et
817 1071 919 1110 ipsius
941 1071 1100 1111 militibus,

132 1117 211 1156 quod
239 1116 359 1156 fuerint
387 1114 468 1154 ipsis
491 1124 551 1153 pro
579 1123 669 1144 muro
696 1114 759 1144 tam
790 1113 823 1144 in
846 1116 929 1145 noete
950 1124 1043 1154 quam
1066 1116 1101 1147 in

132 1159 191 1197 die,
225 1162 252 1191 et
282 1157 363 1189 nihil
389 1156 526 1196 periisse
553 1156 644 1196 ipsis,
679 1154 820 1186 omnibus
853 1156 960 1187 diebus
989 1158 1101 1196 quibus

128 1203 281 1242 paverunt
296 1210 402 1242 yreyes
423 1209 495 1230 suos
517 1199 552 1230 in
573 1200 698 1230 deserto.
734 1197 828 1237 Quod
852 1203 978 1230 tantum
1003 1200 1099 1232 bene-

131 1245 241 1276 ficium
288 1243 432 1284 praemio
479 1247 511 1272 et
548 1242 812 1273 remuneratione
853 1242 990 1282 dignum
1031 1254 1099 1275 esse

132 1287 233 1319 docet.
278 1287 453 1318 Praeterea
475 1284 638 1315 Davidem
670 1284 823 1315 admonet
846 1295 910 1315 non
935 1285 1026 1316 facile
1048 1286 1097 1317 in-

131 1330 231 1362 iurias
268 1329 342 1360 illas
380 1327 494 1368 quibus
527 1337 599 1358 eum
630 1326 734 1358 Nabal
764 1327 915 1358 affecerat
943 1327 1098 1368 laturum,

131 1384 168 1405 ac
209 1372 344 1413 proinde
379 1376 504 1402 mature
538 1369 782 1401 occurrendum.
838 1369 932 1401 Unde
967 1378 1100 1411 apparet

131 1416 218 1447 servi
251 1415 344 1446 istius
379 1414 500 1450 virtus,
535 1412 718 1452 prudentia,
753 1418 784 1442 et
818 1411 970 1444 honestas
1004 1414 1099 1455 longe

131 1458 236 1490 maior
263 1467 359 1498 quam
389 1455 461 1488 heri
490 1455 550 1493 sui,
579 1458 612 1486 et
635 1460 741 1486 tamen
766 1465 895 1486 servum
921 1466 990 1487 esse
1015 1457 1098 1488 vide-

131 1512 212 1538 mus,
242 1507 274 1532 et
301 1500 404 1531 officio
428 1509 486 1530 suo
509 1497 602 1538 fungi
625 1498 684 1529 sub
707 1498 793 1528 illius
817 1497 887 1528 heri
910 1498 1044 1539 imperio
1067 1505 1099 1531 et

132 1543 361 1580 dominatione,
385 1541 440 1582 qui
463 1541 569 1581 potius
591 1541 625 1571 in
648 1539 758 1572 bestiis
781 1550 878 1580 quam
901 1541 936 1572 in
959 1541 1097 1573 homini-

131 1588 190 1619 bus
220 1584 439 1617 numerandus
463 1583 650 1620 videbatur,
681 1589 907 1624 agnoscentem
930 1594 964 1615 se
987 1594 1005 1615 a
1028 1584 1098 1616 Deo

131 1629 171 1661 ad
201 1629 286 1661 hanc
312 1627 513 1660 vocationem
537 1631 568 1657 et
591 1626 677 1657 vitae
699 1631 820 1658 statum
844 1636 914 1657 esse
938 1633 1096 1660 vocatum.
1123 1643 1125 1660 i

129 1672 218 1704 Hinc
240 1672 350 1711 itaque
373 1670 543 1706 discamus,
566 1668 640 1699 licet
662 1669 684 1699 ii
709 1669 762 1709 qui
787 1669 824 1700 ad
850 1668 1018 1710 dignitatis
1041 1671 1097 1701 ali-

130 1725 226 1755 quem
256 1714 392 1755 gradum
416 1712 518 1744 evecti
540 1717 624 1749 sunt,
651 1722 715 1742 non
739 1711 888 1743 omnibus
910 1712 973 1743 illis
998 1713 1099 1745 virtu-

129 1758 215 1789 tibus
242 1757 347 1789 ornati
377 1756 453 1792 sint,
484 1765 566 1796 quae
594 1754 634 1785 ad
664 1755 806 1787 officium
837 1754 1020 1786 faciendum
1048 1767 1098 1787 re-

130 1800 323 1841 quiruntur,
362 1798 575 1830 nihilominus
616 1801 725 1828 tamen
767 1802 880 1837 sponte
922 1808 980 1829 nos
1020 1799 1099 1839 ipsis

131 1842 304 1881 subiicere,
334 1847 366 1873 et
393 1841 548 1872 honorem
579 1838 721 1871 debitum
750 1839 912 1879 exhibere,
942 1852 983 1872 ne
1013 1852 1100 1873 arro-

131 1885 244 1926 gantia
264 1890 296 1916 et
319 1884 469 1925 superbia
492 1883 569 1914 elati
591 1887 836 1914 contemnamus
860 1894 913 1915 eos
937 1889 969 1915 et
993 1885 1097 1924 despi-

131 1928 263 1966 ciamus,
293 1928 428 1967 ideoque
458 1926 603 1958 ordinem
634 1936 652 1956 a
674 1924 746 1957 Deo
777 1926 988 1958 constitutum
1013 1928 1098 1958 inter

132 1970 279 2002 homines
308 1970 474 2002 violemus.
520 1968 709 2000 Necessaria
738 1969 847 2009 itaque
870 1973 919 2000 est
942 1969 1098 2001 modestia

131 2018 164 2044 et
192 2013 359 2044 humilitas
391 2022 455 2053 qua
484 2011 628 2051 reliquae
657 2021 769 2042 omnes
799 2012 955 2051 virtutes,
988 2017 1022 2043 ut
1052 2013 1097 2044 ita

133 2055 253 2095 dicam,
285 2055 488 2088 condiantur.
544 2054 627 2085 Nam
661 2054 812 2093 superbia
845 2058 877 2085 et
910 2056 1097 2097 arrogantia

133 2099 269 2131 virtutes
295 2108 406 2130 omnes
429 2098 517 2129 infici
540 2103 571 2128 et
594 2097 756 2137 corrumpi
780 2102 901 2129 certum
926 2103 983 2130 est.
1029 2098 1096 2129 Ita-

132 2151 193 2181 que
226 2142 253 2173 si
286 2141 358 2182 quis
391 2141 542 2172 maximis
576 2139 668 2171 donis
703 2140 910 2178 excelluerit,
952 2145 983 2171 et
1017 2141 1096 2172 alios

132 2189 242 2215 tamen
255 2194 330 2224 prae
342 2194 375 2215 se
394 2182 624 2223 contempserit
641 2182 795 2222 quidquid
816 2183 947 2214 virtutis
967 2183 1096 2214 habebit

134 2236 241 2258 coram
265 2227 335 2258 Deo
364 2236 453 2257 mera
483 2225 647 2266 corruptio
677 2230 709 2256 et
738 2225 873 2265 pollutio
904 2226 1095 2257 censebitur.

134 2269 228 2300 Licet
254 2269 362 2309 itaque
392 2279 498 2301 coram
522 2267 706 2299 hominibus
731 2268 792 2300 viri
811 2268 887 2300 boni
911 2268 1095 2307 habeamur,

134 2312 161 2342 si
195 2318 302 2343 tamen
335 2312 459 2352 reliqua
492 2310 589 2342 fuerit
624 2310 750 2342 vanitas
784 2317 815 2342 et
846 2312 1034 2352 arrogantia
1063 2312 1095 2342 in

134 2354 247 2393 nobis,
282 2354 493 2385 nihilominus
525 2353 565 2385 ab
594 2354 662 2394 ipso
695 2353 766 2384 Deo
796 2354 1095 2386 condemnabimur.

134 2396 306 2428 Discamus
329 2397 437 2438 igitur,
461 2401 499 2427 ut
521 2400 597 2427 ante
621 2396 697 2433 dixi,
721 2396 910 2428 modestiam
935 2403 967 2427 et
991 2396 1096 2428 humi-

134 2439 258 2471 litatem
277 2450 346 2471 esse
364 2439 465 2471 salem
488 2449 549 2479 quo
572 2439 715 2479 reliquae
739 2439 876 2471 virtutes
899 2439 1097 2471 condiendae

135 2487 227 2520 sunt,
257 2493 294 2514 ac
321 2482 455 2523 proinde
486 2482 709 2521 prudentiam,
739 2482 984 2520 liberalitatem,
1016 2482 1095 2522 vigi-

135 2524 285 2562 lantiam,
325 2525 642 2565 magnanimitatem,
682 2524 907 2556 fortitudinem
947 2529 979 2556 et
1018 2524 1098 2556 alias

134 2566 315 2598 istiusmodi
346 2568 482 2599 virtutes
513 2567 618 2598 nullas
650 2577 720 2598 esse
749 2568 812 2599 nisi
841 2566 997 2598 modestia
1026 2578 1098 2599 con-

135 2608 275 2641 diantur.

221 2650 404 2684 Redeamus
416 2652 481 2683 iam
493 2651 533 2683 ad
546 2652 706 2684 Davidem
725 2652 817 2684 cuius
836 2653 920 2683 victa
940 2652 1096 2692 patientia

774 210 822 242 IN
846 211 872 242 I.
897 211 984 242 LIB.
1010 210 1210 242 SAMUEL.
1236 212 1331 242 (JAP.

1127 305 1129 317 l

1366 212 1472 243 XXV.
2053 212 2115 243 5452

1154 312 1202 335 est
1222 306 1354 337 Nabalis
1373 306 1504 342 malitia,
1529 315 1566 336 ex
1591 315 1652 344 quo
1676 309 1711 335 ut
1730 310 1804 336 ante
1827 305 1978 336 admonui
2003 315 2114 345 sapere

1154 358 1212 378 nos
1229 354 1362 388 oportet,
1386 355 1417 379 et
1438 348 1528 379 nobis
1552 348 1629 388 ipsis
1655 348 1719 378 vim
1745 347 1976 387 quodammodo
2001 349 2113 386 facere,

1153 391 1310 430 siquidem
1332 391 1401 422 fieri
1437 395 1540 430 potest
1571 396 1603 421 ut
1639 390 1691 430 qui
1726 390 1837 420 multis
1868 391 1996 431 egregie
2021 391 2113 422 factis

1153 432 1280 464 laudem
1309 434 1369 465 sibi
1398 433 1608 473 compararit,
1641 438 1804 463 momento
1832 438 1937 463 tamen
1970 434 2114 473 graviter

1152 475 1288 507 labatur.
1334 477 1428 507 Hane
1458 476 1497 507 ob
1527 486 1656 506 causam
1682 475 1802 506 Paulus
1835 477 1861 505 l.
1888 475 1960 507 Cor.
1988 477 2035 510 10,
2062 476 2111 507 12.

1154 519 1263 550 fideles
1291 519 1443 549 hortatur
1471 518 1510 549 ad
1535 518 1757 556 sobrietatem,
1787 518 1936 558 iubetque
1961 529 2033 549 eum
2058 520 2111 558 qui

1153 561 1213 592 sibi
1244 561 1370 592 videtur
1400 566 1495 600 stare,
1525 571 1637 591 cavere
1666 571 1704 590 ne
1727 560 1828 599 cadat,
1853 561 2111 601 quandoquidem

1154 603 1232 634 adeo
1266 603 1396 644 fragiles
1430 608 1461 634 et
1495 603 1643 633 imbecilli
1673 613 1800 640 sumus,
1836 610 1867 634 et
1898 604 2015 635 idcireo
2047 604 2112 635 vita

1154 650 1265 677 nostra
1283 647 1352 677 viae
1377 645 1496 676 difficili
1519 652 1721 685 comparatur
1745 646 1775 675 in
1800 656 1862 685 qua
1886 646 1987 676 multa
2012 647 2112 686 impe-

1155 688 1298 719 dimenta
1329 694 1510 723 occurrunt,
1540 694 1570 718 et
1595 688 1715 718 multae
1740 689 1881 727 undique
1906 689 2112 719 difficultates

1153 736 1314 771 premunt.
1365 731 1447 762 Nam
1478 730 1637 761 incedenti
1669 741 1726 770 per
1757 731 1884 770 planam
1916 737 1946 761 et
1976 742 2109 771 aequam

1156 774 1239 804 viam
1261 774 1456 813 voluptatem
1477 773 1581 813 potius
1604 773 1738 812 percipit
1762 784 1856 813 quam
1882 774 2032 810 taedium,
2057 774 2109 804 sed

1152 817 1186 847 in
1216 816 1324 847 lutosa
1355 817 1406 847 via
1436 816 1523 846 saxis
1555 822 1585 845 et
1614 816 1713 855 spinis
1745 816 1839 855 plena
1870 816 2050 856 ambulans,
2081 821 2112 846 et

1152 859 1246 899 plena
1270 858 1372 895 fossis,
1405 858 1525 895 rivulis,
1558 862 1612 889 aut
1644 858 1787 893 collibus,
1811 859 1871 890 iter
1894 858 2109 889 difficilimum

1152 902 1326 941 experitur,
1351 906 1380 931 et
1393 900 1532 931 maxime
1546 900 1730 938 taediosum,
1754 901 1816 932 imo
1836 907 1866 932 et
1885 902 2110 941 periculosum,

1152 944 1235 984 quod
1266 944 1321 975 vix
1350 954 1478 983 passum
1509 954 1608 973 unum
1640 948 1694 973 aut
1724 943 1859 974 alterum
1884 944 1952 974 sine
1976 943 2110 983 impedi-

1152 992 1259 1017 mento
1282 986 1528 1027 progrediamur
1551 991 1582 1016 et
1606 986 1674 1016 sine
1699 986 1782 1016 vitae
1806 986 1956 1026 periculo.
1988 986 2110 1016 Eadem

1152 1029 1252 1069 igitur
1271 1030 1352 1060 ratio
1376 1034 1424 1059 est
1448 1029 1532 1059 vitae
1556 1029 1742 1067 praesentis,
1765 1029 1797 1059 in
1822 1039 1884 1068 qua
1907 1029 2026 1059 multae
2051 1028 2111 1059 dif-

1152 1072 1322 1109 ficultates
1346 1071 1448 1102 multa
1470 1071 1663 1102 offendicula
1685 1082 1753 1101 sese
1777 1072 1927 1110 offerunt,
1958 1077 1993 1102 ut
2016 1071 2111 1102 modo

1153 1115 1192 1146 ad
1207 1113 1344 1154 lapidem
1358 1113 1560 1144 offendamus
1579 1113 1673 1144 modo
1693 1124 1709 1144 a
1729 1114 1779 1144 via
1803 1114 1995 1150 aberremus,
2016 1113 2110 1144 modo

1153 1162 1246 1188 tanta
1269 1156 1496 1197 defatigatione
1519 1155 1712 1193 laboremus,
1743 1165 1776 1187 ut
1808 1157 1860 1187 vix
1885 1167 1978 1187 crura
2002 1156 2110 1186 traha-

1153 1211 1236 1240 mus,
1259 1199 1393 1239 ideoque
1417 1204 1535 1238 quanto
1558 1198 1681 1230 facilior
1704 1199 1811 1238 lapsus
1836 1206 1893 1236 est,
1925 1205 2014 1229 tanto
2039 1198 2110 1228 dili

1153 1243 1282 1283 gentius
1305 1242 1448 1273 doctrina
1473 1241 1528 1272 illa
1548 1241 1641 1272 Pauli
1666 1241 1849 1272 meditanda
1873 1247 1928 1278 est,
1953 1247 1987 1272 ut
2011 1241 2037 1272 si
2058 1241 2111 1272 ho-

1154 1285 1204 1316 die
1235 1290 1374 1321 stamus,
1408 1283 1512 1315 Deum
1544 1294 1714 1323 precemur
1743 1294 1782 1314 ne
1807 1295 1864 1315 nos
1888 1283 2022 1320 deserat,
2055 1284 2109 1314 sed

1152 1338 1250 1359 manu
1270 1338 1327 1359 sua
1340 1326 1484 1364 deducat,
1508 1331 1538 1357 et
1562 1326 1716 1357 adversus
1741 1327 1847 1357 omnia
1877 1326 2108 1366 impedimenta

1153 1376 1184 1401 et
1207 1381 1317 1401 omnes
1341 1369 1534 1401 tentationes
1557 1370 1726 1399 confirmet
1756 1374 1786 1400 et
1808 1369 1940 1406 muniat,
1972 1379 2106 1408 eamque

1153 1411 1604 1453 perseverantiamlargiatur,
1623 1415 1657 1442 ut
1673 1412 1725 1451 qui
1743 1411 1835 1442 hodie
1844 1411 1922 1442 bene
1933 1413 2106 1451 coepimus,

1153 1466 1223 1487 cras
1246 1465 1505 1496 perseveremus,
1541 1454 1641 1485 donee
1666 1454 1762 1484 huius
1797 1454 1882 1485 vitae
1916 1454 2108 1484 curriculum

1152 1499 1400 1530 decurrerimus.
1444 1496 1585 1537 Ideoque
1607 1497 1702 1527 etiam
1726 1496 1862 1527 Davidis
1892 1496 1978 1527 istud
2001 1507 2109 1527 exem-

1152 1541 1239 1581 plum
1259 1539 1494 1572 observandum
1516 1545 1562 1570 est
1582 1540 1672 1570 cuius
1696 1539 1768 1569 licet
1791 1539 1889 1569 animi
1913 1539 2108 1575 facilitatem,

1152 1589 1184 1614 et
1219 1583 1415 1624 singularem
1452 1582 1640 1622 patientiam
1670 1582 1864 1619 viderimus,
1899 1587 1929 1612 et
1960 1581 2109 1620 deinceps

1152 1628 1247 1657 etiam
1279 1625 1378 1658 visuri
1408 1625 1516 1663 simus,
1546 1630 1652 1655 tamen
1678 1629 1843 1663 tantopere
1866 1624 2030 1654 irritatum
2055 1634 2109 1663 ap-

1152 1675 1251 1709 paret,
1287 1673 1321 1699 ut
1345 1667 1499 1699 adversus
1528 1667 1683 1698 Nabalem
1707 1666 1925 1703 excanduerit,
1951 1667 2036 1697 illius
2060 1666 2109 1696 in-

1151 1712 1243 1743 iuriis
1277 1716 1484 1751 provocatus,
1527 1709 1603 1740 adeo
1644 1709 1772 1749 quidem
1812 1715 1848 1740 ut
1882 1709 2013 1739 modum
2044 1719 2107 1739 non

1151 1755 1300 1785 tenuerit.
1324 1754 1430 1793 Atque
1443 1753 1507 1791 ille,
1531 1753 1640 1787 fateor,
1664 1751 1816 1782 aNabale
1840 1752 1944 1782 fuerat
1969 1752 2109 1791 turpiter

1150 1797 1326 1835 lacessitus,
1357 1807 1421 1827 non
1451 1800 1576 1826 tanturn
1607 1801 1775 1825 recusante
1806 1794 1853 1824 illi
1878 1804 1995 1834 panem
2020 1793 2108 1830 dare,

1150 1840 1205 1871 sed
1240 1840 1337 1871 etiam
1361 1839 1508 1879 gravium
1532 1837 1703 1869 criminum
1735 1843 1920 1874 accusante,
1953 1846 2108 1877 spemque

1150 1883 1250 1922 ipsius
1273 1882 1311 1913 de
1334 1891 1469 1913 coronae
1493 1880 1650 1920 dignitate
1673 1879 1882 1910 exsibilante:
1914 1889 1950 1910 ac
1974 1878 2108 1918 proinde

1151 1936 1213 1956 non
1243 1930 1368 1956 tantum
1393 1922 1552 1954 Davidem
1584 1922 1762 1959 reiicieute,
1791 1921 1845 1953 sed
1872 1923 1976 1961 ipsum
2002 1922 2106 1951 Deum

1149 1968 1239 2009 gravi
1264 1966 1460 2007 blasphemia
1485 1965 1638 1996 laedente.
1668 1964 1806 2004 Ideoque
1829 1964 1930 1995 Nabal
1956 1964 2104 1994 omnibus

1150 2011 1252 2042 modis
1271 2008 1553 2050 reprehendendus
1578 2013 1634 2045 est,
1657 2007 1711 2038 sed
1736 2006 1894 2046 quomodo
1919 2007 1980 2037 hue
2005 2016 2104 2046 usque

1150 2053 1279 2085 devenit
1309 2051 1491 2083 iracundiae
1515 2049 1630 2085 David,
1662 2056 1698 2079 ut
1729 2056 1864 2079 mortem
1897 2049 1958 2088 ipsi
1983 2049 2105 2088 totique

1149 2096 1289 2127 familiae
1312 2093 1500 2125 minitetur?
1536 2092 1658 2132 Capitis
1682 2092 1767 2122 enim
1791 2092 1947 2131 supplicio
1972 2091 2104 2130 dignum

1149 2139 1225 2170 dicit
1248 2149 1321 2169 eum
1345 2137 1400 2177 qui
1423 2136 1532 2167 leviori
1556 2145 1657 2175 poena
1680 2140 1805 2174 poterat
1828 2135 1945 2173 puniri,
1982 2139 2037 2163 aut
2068 2133 2105 2164 de

1148 2181 1280 2212 audacia
1309 2190 1415 2211 coram
1446 2179 1484 2209 ab
1511 2178 1579 2217 ipso
1609 2176 1734 2207 Davide
1765 2176 1975 2216 reprehendi:
2008 2181 2043 2206 ut
2075 2182 2104 2206 et

1148 2234 1214 2255 non
1228 2228 1353 2254 tantum
1368 2222 1426 2253 soli
1446 2231 1498 2252 reo
1517 2226 1548 2250 et
1571 2220 1653 2250 sonti
1678 2227 1821 2255 mortem,
1846 2219 1899 2249 sed
1926 2220 1982 2248 toti
2002 2219 2103 2258 ipsius

1148 2266 1287 2298 familiae
1308 2265 1449 2295 minetur
1469 2273 1568 2302 usque
1588 2262 1626 2293 ad
1647 2262 1847 2301 mingentem
1867 2261 1905 2292 ad
1931 2262 2105 2301 parietem:

1149 2310 1209 2341 Est
1238 2314 1346 2339 autem
1376 2307 1455 2337 haec
1485 2305 1610 2345 phrasis
1635 2304 1792 2341 hebraica,
1826 2314 1887 2344 qua
1912 2304 2103 2343 supplicium

1149 2350 1355 2392 irrogandum
1391 2349 1545 2380 denotant
1580 2358 1642 2378 non
1674 2352 1800 2377 tantum
1827 2346 2016 2386 quibusdam
2048 2345 2102 2376 sed

1148 2395 1297 2426 omnibus
1327 2391 1572 2423 domesticorum
1605 2389 1749 2426 alicuius,
1782 2395 1817 2419 ut
1841 2400 1876 2420 eo
1902 2395 1967 2419 tam
1992 2388 2102 2428 magni

1149 2447 1244 2477 quam
1278 2435 1368 2475 parvi
1398 2432 1728 2473 comprehendantur,
1761 2431 1841 2471 quod
1877 2431 1915 2461 ad
1947 2432 2102 2471 parietem

1149 2480 1294 2519 mingere
1331 2477 1452 2508 soleant
1488 2475 1643 2506 homines,
1696 2473 1802 2504 David
1834 2474 1934 2514 igitur
1963 2475 2105 2503 minatur

1152 2533 1184 2554 se
1197 2522 1320 2552 nullum
1336 2529 1455 2550 marem
1467 2517 1669 2558 superstitem
1688 2516 1884 2547 relicturum.
1906 2515 1990 2554 Quid
2005 2515 2103 2556 ergo?

1151 2576 1191 2596 an
1220 2564 1264 2595 rei
1295 2568 1384 2593 erant
1414 2561 1509 2592 etiam
1538 2560 1694 2596 infantes,
1730 2566 1761 2589 et
1791 2559 1902 2589 famuli
1932 2557 2103 2588 absentes?

1151 2607 1203 2638 An
1234 2607 1259 2637 si
1290 2604 1391 2636 Nabal
1423 2603 1574 2634 adversus
1605 2601 1762 2632 Davidem
1796 2601 1949 2641 peccavit,
1980 2606 2024 2631 tot
2056 2601 2104 2631 in

1148 2654 1255 2682 sontes
1295 2647 1439 2679 homines
1479 2645 1517 2676 ad
1558 2644 1730 2684 imaginem
1767 2645 1826 2675 Dei
1867 2643 1965 2675 creati
2005 2647 2108 2673 morte
