2551 3044
386 233 444 264 631

389 328 470 363 miis,
495 327 670 363 adulteriis,
693 326 948 364 scortationibus,
980 335 1097 365 poenas
1120 324 1215 356 etiam
1239 324 1350 365 augeri

388 378 527 410 oportet,
559 377 593 400 ut
620 379 731 400 earum
764 369 908 409 gravitas
938 378 956 398 a
988 367 1147 408 peccando
1179 366 1349 399 deterreat.

389 412 513 443 Idcirco
539 413 638 452 igitur
653 411 740 442 Deus
759 422 911 451 expresse
935 422 1047 442 omnes
1068 411 1225 442 veneficas
1248 415 1280 441 et
1302 410 1351 440 in-

388 455 582 486 cantatrices
605 455 716 494 capitis
745 455 901 494 supplicio
931 453 1014 484 allici
1045 454 1153 484 iussit:
1184 453 1266 493 quod
1299 453 1350 483 lex

390 498 453 529 Dei
478 497 637 538 generalis
669 505 769 527 esset:
801 497 839 528 dc
871 508 933 527 nou
966 496 1106 527 ferendis
1137 496 1247 527 inultis
1277 495 1350 526 ullis

389 540 658 571 divinationibus:
684 539 767 579 quod
793 539 856 570 illis
882 539 1028 570 homines
1052 538 1161 570 ludere
1185 538 1284 570 Satan
1309 538 1351 568 sit

389 583 517 614 solitus:
553 592 583 613 et
617 593 654 613 ea
687 583 729 613 sit
763 582 922 613 humanae
952 588 1086 612 naturae
1115 582 1285 621 corruptio,
1318 586 1349 611 ut

389 636 470 666 quae
494 634 570 656 sunt
593 626 775 665 cognitione
800 625 898 664 digna
928 632 959 656 et
990 625 1168 656 necessaria
1199 623 1351 663 negligat,

389 674 422 699 et
445 669 550 708 potius
573 679 668 699 omne
699 669 843 698 studium
868 668 899 698 in
925 679 975 698 res
998 667 1138 699 curiosas
1168 675 1197 698 et
1222 666 1351 697 inutiles

389 718 571 743 convertat.
595 719 627 741 et
650 710 801 741 inanibus
826 709 1097 750 speculationibus
1110 710 1253 741 animuin
1279 720 1350 748 pas-

389 761 446 785 cat.
494 754 556 784 sed
583 755 612 784 ii·
639 754 750 793 primis
773 754 798 783 si
830 764 893 792 qua
917 764 975 784 nos
1002 753 1092 793 angit
1119 752 1292 783 difficultas
1321 754 1352 781 et

389 796 580 828 sollicitudo.
607 808 669 827 uon
693 796 887 836 quiescimus
910 796 987 836 quin
1019 795 1123 835 qualis
1153 796 1195 826 sit
1226 796 1352 825 futurus

389 840 496 870 exitus
519 840 669 871 certiores
682 840 818 869 fiamus:
842 839 867 869 si
892 838 968 879 quid
987 839 1179 878 suscipimus
1200 844 1352 868 eventum

388 883 469 913 scire
492 883 649 922 cupimus.
689 882 761 920 Qua
786 882 908 912 ratione
931 880 990 913 sibi
1015 882 1138 913 facilem
1164 881 1241 920 petit
1266 879 1352 910 viam

388 924 491 955 Satan
523 924 562 956 ad
593 924 740 955 homines
775 924 980 964 decipiendos
1011 925 1101 955 vanis
1139 922 1352 957 illusionibus,

389 968 443 1007 qui
474 976 588 1007 sponte
615 968 794 999 curiositati
826 967 1005 1007 indulgent.
1050 966 1115 998 Sed
1146 972 1251 997 tamen
1281 975 1351 1004 spe-

390 1010 495 1041 ciosus
519 1011 579 1041 fuit
603 1016 802 1050 praetextus,
835 1010 969 1041 venefici
992 1010 1078 1040 enim
1103 1016 1134 1040 ct
1157 1009 1353 1039 divinatores

391 1053 597 1084 revelationis
622 1063 738 1084 nomen
762 1063 888 1092 semper
911 1052 1068 1083 adferunt.
1107 1051 1351 1083 Revelationem

391 1103 498 1126 autem
522 1106 649 1127 omnem
674 1095 774 1126 aDeo
798 1106 929 1126 manare
942 1095 1001 1126 sibi
1026 1106 1135 1126 omnes
1149 1093 1351 1134 persuadent,

391 1138 469 1169 adeo
506 1147 540 1169 ut
572 1140 625 1178 qui
660 1138 699 1169 ad
732 1139 885 1169 veneficia
921 1148 989 1168 sese
1021 1138 1255 1178 applicuerunt,
1293 1135 1352 1167 sibi

391 1181 563 1212 videantur
598 1181 716 1212 habere
755 1181 861 1212 Deum
905 1181 1094 1220 propitium,
1136 1189 1166 1211 et
1205 1190 1278 1210 cum
1317 1188 1353 1209 eo

391 1224 644 1255 familiaritatem
670 1223 795 1260 habere,
821 1230 851 1254 et
874 1224 1080 1254 consiliorum
1104 1223 1203 1263 ipsius
1237 1231 1354 1252 areana

391 1267 513 1298 rimari.
549 1267 629 1298 Inde
652 1267 687 1298 fit
711 1273 747 1297 ut
760 1266 964 1297 divinationis
984 1276 1035 1297 ars
1055 1266 1184 1301 nefaria,
1209 1264 1353 1304 specioso

392 1316 499 1341 tamen
525 1310 654 1341 virtutis
679 1309 807 1340 nomine
827 1315 972 1349 tegatur:
996 1320 1092 1348 quum
1112 1315 1219 1339 tamen
1245 1307 1352 1338 diabo-

393 1352 431 1383 lis
451 1353 634 1390 servierint,
652 1352 705 1392 qui
729 1362 762 1382 se
782 1351 843 1382 Dei
865 1352 1063 1382 voluntatem
1087 1350 1241 1382 sciscitari
1261 1356 1352 1389 puta-

391 1394 480 1426 bant.
526 1395 745 1434 Quamobrem
774 1394 886 1425 divina
916 1394 985 1434 leffe
1016 1394 1152 1434 quodvis
1181 1393 1352 1424 divinatio-

390 1450 466 1470 num
492 1449 594 1479 genus
617 1437 807 1468 damnatum
831 1444 888 1468 est.
922 1437 1033 1476 Neque
1053 1438 1215 1467 enimuna
1228 1440 1353 1466 tantum

392 1492 467 1513 voce
491 1481 705 1512 divinationes
725 1479 866 1516 damnat,
890 1479 944 1511 sed
958 1479 1084 1510 illarum
1107 1479 1212 1510 varias
1231 1478 1354 1519 species

392 1529 576 1555 enumerat:
609 1533 645 1555 ac
669 1522 818 1570 prohibet
840 1523 1027 1553 nominatim
1057 1522 1126 1563 lege
1155 1532 1214 1553 sua
1245 1533 1285 1553 ne
1313 1532 1353 1552 ex

391 1567 549 1599 sideribus
573 1573 627 1597 aut
641 1565 712 1597 aliis
735 1565 837 1605 signis
860 1565 975 1596 ecoelo
994 1565 1161 1597 defuturis
1177 1565 1353 1605 inquirant,

392 1619 450 1641 nec
473 1621 512 1640 ex
536 1609 672 1640 mortuis
705 1618 808 1647 neque
837 1618 876 1638 ex
907 1608 1066 1647 auspicio:
1097 1608 1232 1647 denique
1263 1612 1354 1638 vetat

391 1653 431 1684 ad
456 1652 630 1683 familiares
653 1651 784 1690 spiritus
807 1651 981 1691 confugero
1005 1651 1053 1681 vel
1080 1662 1119 1681 ex
1143 1650 1220 1691 ipsis
1242 1660 1353 1681 rerum

391 1696 573 1727 futurarum
596 1699 733 1725 eventus
756 1693 920 1729 sciscitari,
952 1699 987 1724 ut
1015 1704 1143 1724 omnem
1171 1693 1352 1724 excusatio-

392 1748 465 1770 nem
489 1737 580 1768 tollat
604 1736 720 1776 populo
743 1736 769 1767 si
794 1735 911 1767 talibus
934 1737 1118 1776 imposturis
1141 1742 1171 1767 et
1197 1735 1354 1767 illusioni-

391 1780 450 1812 bus
474 1781 618 1811 animum
642 1778 812 1810 adiecerit:
836 1785 867 1810 ct
890 1779 1069 1810 cautionem
1104 1778 1253 1810 adhibere
1282 1778 1353 1809 illos

391 1823 503 1854 doceat
525 1834 565 1853 ne
587 1833 621 1853 se
644 1821 825 1853 istiusmodi
847 1821 979 1862 flagitiis
998 1831 1159 1861 corrumpi
1178 1821 1353 1862 patiantur.

391 1866 515 1898 Idcirco
539 1866 646 1904 itaque
671 1864 762 1895 Deus
785 1875 847 1895 non
871 1869 996 1895 tantum
1021 1864 1053 1895 in
1085 1875 1200 1905 genere
1230 1864 1353 1895 divina-

392 1909 511 1940 tionem
535 1914 590 1939 aut
614 1907 804 1939 beneficium
824 1906 1002 1947 prohibuit:
1028 1918 1139 1938 verum
1162 1907 1351 1938 nominatim

392 1952 488 1984 etiam
520 1951 655 1982 aliarum
688 1950 864 1998 specierum
896 1950 1061 1987 meminit,
1098 1961 1137 1981 nc
1168 1950 1195 1981 si
1225 1955 1352 1981 tantum

392 2005 492 2026 unum
518 2004 621 2034 genus
645 1992 779 2024 dixisset
791 1993 977 2033 exciperent
988 1992 1143 2028 homines,
1168 2004 1231 2023 non
1256 1993 1352 2024 fuisse

389 2037 588 2078 prohibitum
620 2035 816 2076 auspicium,
849 2035 930 2075 quod
960 2046 1036 2066 aves
1063 2036 1129 2066 sint
1158 2035 1259 2066 bonae
1289 2035 1352 2066 Dei

389 2091 441 2111 res
469 2086 609 2116 creatae,
647 2089 683 2109 ac
713 2078 846 2118 proinde
875 2089 940 2109 non
967 2077 1160 2110 claudendos
1188 2089 1223 2109 01
1228 2078 1295 2109 ulos
1325 2078 1352 2109 si

389 2123 479 2154 Deus
501 2123 593 2161 signa
619 2121 697 2152 velit
727 2131 786 2152 nos
809 2132 849 2151 ex
875 2121 952 2161 ipsis
979 2121 1122 2161 accipere
1153 2121 1350 2152 futurorum:

390 2165 529 2205 denique
571 2164 632 2195 nisi
672 2164 770 2195 semel
810 2173 921 2195 ansam
964 2163 1141 2195 istiusmodi
1182 2163 1349 2194 hominum

390 2207 568 2240 curiositati
592 2206 683 2238 Deus
707 2206 914 2246 praecidisset
939 2206 1019 2237 nihil
1051 2217 1114 2237 non
1145 2206 1204 2237 sibi
1236 2206 1294 2237 hac
1319 2207 1350 2236 in

390 2262 424 2282 re
444 2250 591 2281 homiues
615 2249 854 2290 permisissent:
885 2249 1030 2281 diabolus
1062 2260 1136 2280 vero
1169 2249 1264 2280 etiam
1289 2249 1351 2279 alia

390 2305 430 2325 ex
466 2300 555 2333 parto
589 2292 680 2323 nobis
714 2291 886 2323 insidiatur
919 2298 951 2323 et
987 2292 1134 2324 incautos
1173 2290 1351 2322 istiusmodi

390 2336 572 2376 praestigiis
595 2336 710 2373 obruit,
735 2334 818 2375 quod
844 2335 1077 2366 tentationibus
1101 2335 1249 2366 resistere
1274 2334 1352 2373 vigi-

390 2378 485 2409 lando
509 2389 574 2409 non
597 2377 812 2409 didicerimus.
860 2377 1034 2409 Cavendae
1057 2382 1133 2409 sunt
1154 2377 1262 2416 itaque
1285 2387 1351 2407 om—

390 2432 447 2453 nes
474 2421 592 2452 diaboli
623 2420 765 2458 fraudes,
796 2427 831 2452 ut
861 2422 886 2451 si
917 2420 1056 2460 aliquam
1086 2419 1283 2452 evaserimus
1314 2419 1352 2450 ab

391 2464 452 2495 alia
484 2463 575 2494 nobis
607 2470 799 2501 metuamus,
827 2463 997 2503 Deumque
1028 2463 1154 2494 assidue
1176 2472 1352 2503 precemur,

391 2513 427 2538 ut
439 2516 496 2546 pro
515 2517 572 2538 sua
596 2505 815 2537 misericordia
840 2516 897 2537 nos
921 2511 1052 2537 tueatur
1075 2511 1107 2537 et
1129 2505 1162 2537 in
1187 2510 1251 2536 tam
1276 2504 1353 2535 den-

391 2549 435 2580 sis
449 2549 541 2580 istius
561 2548 672 2580 mundi
693 2548 834 2580 tenebris
858 2555 984 2580 nostras
1008 2554 1133 2580 mentes
1156 2558 1214 2580 suo
1238 2547 1353 2587 spiritu

391 2598 422 2622 et
434 2591 604 2631 splendore
617 2592 757 2623 illustret
778 2601 876 2632 eaque
899 2591 1067 2631 prudentia
1087 2596 1120 2623 et
1142 2590 1354 2631 intelligentia

392 2641 542 2671 exornet,
574 2645 637 2674 qua
667 2639 851 2666 constanter
881 2633 1037 2666 adversus
1067 2633 1224 2675 quaslibet
1253 2637 1352 2663 tenta-

390 2677 494 2707 tiones
523 2676 744 2714 subsistamus,
775 2682 806 2707 et
829 2688 846 2707 a
871 2682 958 2708 recta
981 2676 1033 2708 via
1056 2676 1169 2708 deduci
1193 2686 1250 2707 nos
1274 2686 1353 2706 nun—

1181 228 1384 262 HOMILIA
1406 228 1566 262 XCVIII.

2302 229 2364 262 632

1404 334 1497 364 quam
1529 322 1683 354 sinamus.
1735 323 1836 355 Porro
1867 323 1949 364 quod
1978 323 2193 361 Pythonissae
2221 324 2365 356 mulieris

1403 366 1525 397 mentio
1549 365 1602 402 fit,
1627 366 1665 397 ab
1687 365 1824 398 ethnicis
1849 366 2063 407 promanavit,
2092 366 2176 406 apud
2201 376 2280 406 quos
2303 367 2365 398 fuit

1403 409 1611 440 divinationis
1624 419 1726 449 genus
1745 419 1807 449 quo
1827 409 1944 449 impuri
1967 409 2098 449 spiritus
2121 419 2190 440 sese
2213 409 2366 441 humanis

1403 451 1592 491 corporibus
1622 452 1843 490 insinuantes,
1873 451 2010 483 edebant
2041 453 2178 489 oracula,
2209 458 2241 483 et
2264 451 2365 482 divini

1403 494 1449 525 illi
1473 493 1732 535 vocabanturPy
1738 494 1859 526 thones.
1885 494 1978 533 Quod
2002 504 2105 535 genus
2127 494 2365 525 divinationum

1404 548 1459 576 per
1482 536 1650 577 Pythonos
1681 537 1836 569 factarum
1862 537 1952 568 Deus
1983 537 2100 568 diserte
2124 537 2287 577 prohibuit
2311 548 2366 577 po-

1403 579 1477 620 pulo
1501 590 1567 617 suo,
1592 584 1718 619 praeter
1740 580 1818 611 alias
1842 580 2077 610 divinationum
2101 581 2224 619 species
2248 580 2368 610 Deute-

1404 623 1540 653 ronomii
1565 622 1614 652 18.
1639 622 1683 653 Et
1706 633 1744 654 ne
1768 623 1905 663 populus
1928 623 2144 662 conquerendi
2169 623 2366 654 occasionem

1403 665 1491 696 illam
1505 664 1637 696 haberet
1649 666 1739 705 quasi
1759 676 1816 697 sua
1840 665 1979 698 conditio
2002 665 2139 697 deterior
2162 672 2245 697 essct
2269 675 2367 705 quam

1403 708 1539 738 aliorum
1561 708 1761 748 populorum,
1785 709 1838 749 qui
1857 719 1931 740 suos
1955 712 2043 739 vates
2067 714 2096 738 et
2121 708 2247 740 divinos
2269 707 2368 739 habe-

1404 751 1492 790 bant,
1524 751 1640 790 quibus
1671 756 1779 782 tamen
1810 752 1877 792 ipse
1909 750 1971 781 Dei
2003 750 2142 799 populus
2173 752 2367 791 privaretur,

1405 793 1496 824 Deus
1527 793 1687 833 pollicitus
1709 799 1757 825 est
1781 805 1814 825 se
1838 794 1988 825 daturum
2012 794 2090 833 ipsis
2114 804 2175 833 quo
2199 801 2367 825 contentos

1405 847 1473 867 esse
1505 843 1667 876 oporteat:
1699 837 1851 868 nimirum
1884 845 2009 877 praeter
2041 836 2144 884 legem
2168 847 2260 867 suam
2285 845 2368 876 quae

1405 880 1498 910 firma
1529 885 1559 909 et
1590 879 1722 910 immota
1752 890 1822 910 esse
1857 879 1991 910 debebat
2023 879 2099 919 ipsis
2131 879 2214 910 vitae
2244 878 2368 919 regula,

1406 922 1558 952 daturum
1592 922 1688 952 etiam
1724 923 1912 962 prophetas,
1946 922 2026 953 fidos
2061 922 2238 953 voluntatis
2268 921 2370 962 ipsius

1406 965 1608 1004 interpretes.
1654 964 1750 996 Hanc
1778 965 1817 996 ob
1847 975 1976 996 eausam
2001 965 2092 996 Deus
2119 966 2261 1005 graviter
2284 963 2370 1004 apud

1406 1007 1536 1038 Esaiam
1568 1008 1723 1048 populum
1755 1008 1915 1048 increpat,
1954 1008 2038 1047 quod
2073 1008 2277 1039 consulerent
2306 1007 2370 1048 Py-

1405 1050 1523 1081 thones
1553 1056 1609 1081 aut
1639 1050 1755 1081 ariolos
1783 1051 1838 1090 qui
1862 1051 1988 1091 pipiunt
2012 1054 2043 1081 et
2067 1051 2120 1090 qui
2145 1050 2317 1082 mussitant
2339 1053 2371 1080 et

1405 1092 1488 1132 quod
1519 1103 1577 1132 pro
1601 1093 1785 1124 viventibus
1808 1100 1952 1124 mortuos
1975 1093 2222 1133 interrogarent,
2253 1102 2372 1132 eosque

1406 1136 1493 1166 iubet
1513 1135 1615 1175 legem
1632 1136 1765 1167 Domini
1784 1136 1961 1172 consulere,
1985 1135 2069 1176 quod
2094 1137 2127 1167 in
2151 1136 2205 1167 illa
2230 1135 2372 1167 habeant

1406 1179 1592 1209 testimonia
1623 1179 1700 1209 satis
1725 1179 1895 1210 manifesta
1919 1179 2047 1209 divinae
2072 1178 2252 1210 voluntatis
2275 1183 2307 1209 et
2329 1178 2374 1209 fa-

1406 1221 1560 1253 cultatem
1592 1221 1775 1261 inquirendi
1805 1221 1844 1252 de
1874 1221 2022 1253 omnibus
2053 1232 2134 1261 quae
2165 1221 2204 1252 ad
2234 1221 2372 1253 salutem

1406 1264 1550 1304 ipsorum
1563 1264 1696 1295 faciunt.
1721 1264 1869 1304 Denique
1884 1265 1972 1295 Deus
1985 1273 2040 1295 eos
2058 1265 2090 1294 in
2111 1265 2200 1295 verbi
2224 1265 2273 1296 sui
2297 1264 2372 1295 sim-

1407 1307 1548 1347 plicitate
1580 1306 1713 1337 retineri
1744 1307 1847 1338 voluit
1876 1307 1908 1337 in
1939 1317 2000 1346 quo
2023 1312 2174 1347 tanquam
2201 1307 2296 1339 unico
2319 1317 2370 1338 sa-

1407 1350 1547 1390 pientiae
1577 1359 1673 1389 scopo
1704 1349 1790 1381 salus
1813 1355 1924 1380 nostra
1947 1350 2108 1380 consistit:
2140 1349 2274 1390 ideoque
2297 1349 2372 1380 reli-

1406 1404 1486 1433 quas
1498 1403 1611 1423 omnes
1630 1392 1774 1433 gentium
1795 1391 1963 1423 divinandi
1987 1392 2109 1433 species
2132 1403 2200 1424 esse
2225 1392 2371 1423 reiicien-

1408 1436 1474 1474 das,
1492 1442 1524 1466 et
1536 1445 1745 1475 quaeeunque
1759 1440 1911 1475 appareat
1924 1436 2125 1466 extrinsecus
2145 1435 2220 1466 boni
2239 1435 2370 1475 species,

1408 1484 1516 1510 tamen
1547 1478 1680 1509 omnino
1710 1478 1893 1509 abolendas.
1944 1478 1990 1509 Et
2020 1477 2101 1509 hanc
2132 1478 2234 1518 legem
2265 1477 2370 1509 adhuc

1408 1522 1474 1553 vim
1505 1531 1596 1552 suam
1621 1520 1714 1552 hodie
1737 1521 1878 1552 retinere
1901 1520 1986 1560 apud
2009 1520 2211 1552 Christianos
2234 1531 2300 1551 non
2323 1523 2372 1552 est

1408 1563 1632 1601 dubitandum,
1662 1573 1698 1595 ac
1728 1563 1864 1604 proinde
1895 1564 2038 1603 impuros
2061 1563 2215 1603 quosdam
2239 1574 2276 1595 ac
2299 1573 2373 1603 pro-

1407 1608 1497 1638 fanos
1540 1606 1686 1637 homines
1727 1606 1815 1638 verbi
1850 1606 1952 1637 divini
1986 1612 2225 1647 contemptores
2258 1604 2373 1646 procul

1406 1649 1635 1688 eliminandos,
1665 1649 1722 1689 qui
1750 1648 1920 1680 ridiculum
1952 1659 2020 1680 esse
2044 1649 2242 1680 arbitrantur
2265 1649 2372 1680 istius-

1406 1692 1492 1724 modi
1523 1693 1682 1723 veneficos
1711 1697 1742 1722 et
1772 1692 1898 1723 divinos
1921 1691 2005 1723 velle
2029 1693 2255 1729 exterminare,
2279 1690 2372 1732 quasi

1404 1735 1494 1767 Deus
1514 1745 1571 1775 per
1590 1735 1766 1775 prophetas
1788 1746 1862 1766 suos
1884 1734 2038 1774 loquutus
2062 1735 2213 1775 deceptus
2236 1735 2278 1766 sit
2301 1744 2371 1774 pro-

1405 1778 1545 1809 hibendo
1566 1777 1802 1809 divinationum
1823 1778 2134 1818 praestigiarumque
2146 1788 2240 1809 omne
2259 1787 2372 1818 genus,

1404 1821 1523 1861 quibus
1545 1820 1646 1852 Satan
1677 1819 1865 1852 hominibus
1894 1821 2059 1859 imponere
2087 1827 2120 1851 et
2142 1827 2266 1851 mentes
2289 1820 2373 1860 ipso-

1405 1875 1476 1895 rum
1508 1863 1664 1895 fascinare
1687 1864 1866 1895 consuevit.
1911 1862 2042 1894 Diaboli
2065 1863 2165 1904 igitur
2187 1863 2316 1894 fraudes
2338 1866 2370 1893 et

1405 1912 1555 1938 naturam
1586 1905 1728 1937 humano
1758 1906 1870 1946 generi
1899 1906 2060 1937 inimicam
2092 1916 2298 1946 summopere
2321 1915 2370 1936 ca-

1405 1950 1544 1981 vendam
1558 1948 1649 1979 nobis
1662 1949 1817 1980 sciamus:
1842 1949 1926 1989 quod
1951 1959 2049 1988 quum
2074 1949 2116 1979 sit
2139 1954 2256 1980 natura
2277 1958 2368 1979 men-

1405 1992 1476 2029 dax,
1502 1991 1589 2022 mille
1612 1991 1742 2022 fraudes
1767 1992 1892 2028 habeat,
1918 1991 2034 2031 quibus
2057 1992 2191 2022 miseros
2216 1990 2368 2022 mortales

1405 2035 1557 2075 pellectos
1582 2044 1600 2065 a
1622 2040 1711 2065 recta
1734 2034 1786 2065 via
1810 2034 1956 2065 deducat.
1992 2033 2158 2074 Quidquid
2182 2034 2282 2074 igitur
2304 2032 2367 2064 Dei

1404 2046 1473 2118 lpege
1502 2077 1701 2125 prohibitum
1731 2083 1787 2114 est,
1821 2087 1878 2116 pro
1908 2076 2033 2108 viribus
2055 2077 2172 2108 nostris
2196 2077 2368 2125 fugiamus,

1404 2131 1524 2160 nosque
1556 2120 1589 2150 in
1618 2119 1719 2159 ipsius
1749 2120 1866 2159 populo
1894 2119 2018 2150 censeri
2042 2130 2103 2150 non
2128 2129 2220 2159 posse
2243 2119 2305 2150 nisi
2327 2117 2367 2150 ab

1404 2162 1554 2194 omnibus
1577 2163 1647 2193 istis
1677 2161 1909 2202 pollutionibus
1936 2172 2034 2201 puros
2064 2172 2284 2202 agnoscamus.
2324 2161 2368 2193 Et

1404 2204 1663 2246 quandoquidem
1695 2205 1845 2245 populum
1876 2204 2103 2243 israeliticum,
2133 2210 2264 2245 accepta
2294 2204 2369 2235 licet

1403 2250 1515 2280 divina
1538 2248 1617 2287 lege,
1646 2247 1794 2279 videmus
1817 2254 1881 2278 tam
1904 2246 2078 2288 proclivem
2103 2246 2142 2278 ad
2166 2247 2226 2278 hoc
2250 2247 2367 2278 vitium

1404 2292 1512 2328 fuisse,
1537 2301 1573 2322 eo
1597 2290 1754 2322 cautiores
1777 2290 1877 2321 simus
1899 2290 1933 2320 in
1958 2289 2116 2329 fugiendis
2140 2289 2257 2321 diaboli
2281 2291 2367 2321 frau-

1404 2335 1515 2365 dibus:
1540 2344 1642 2373 neque
1666 2333 1749 2364 enim
1774 2333 1923 2364 meliores
1946 2343 2057 2364 sumus
2076 2332 2214 2369 Iudaeis,
2239 2343 2318 2373 quos
2340 2332 2368 2364 si

1404 2376 1549 2408 diabolus
1583 2376 1661 2407 adeo
1695 2375 1877 2414 fascinavit,
1912 2382 1945 2406 ut
1981 2380 2046 2406 tam
2081 2386 2270 2415 expressum
2305 2375 2368 2406 Dei

1404 2419 1594 2451 mandatum
1626 2422 1877 2456 contemnerent,
1908 2423 1940 2449 et
1970 2418 2001 2448 in
2031 2418 2227 2449 eontrarium
2252 2417 2366 2449 vitium

1405 2467 1546 2500 ruerent,
1576 2461 1672 2502 longe
1702 2461 1853 2492 maiorem
1887 2461 1951 2492 vim
1980 2460 2012 2491 in
2044 2460 2134 2492 nobis
2164 2460 2313 2492 fallendis
2334 2463 2367 2491 et

1405 2504 1613 2545 decipiendis,
1655 2503 1716 2536 nisi
1750 2502 1842 2534 nobis
1875 2514 2062 2541 caveamus,
2104 2502 2274 2535 habiturus
2307 2506 2366 2535 est.

1405 2547 1612 2588 Quapropter
1647 2547 1734 2577 intra
1768 2546 1858 2577 verbi
1889 2545 1990 2577 divini
2021 2546 2179 2578 cancellos
2207 2545 2366 2578 contineri

1406 2601 1463 2621 nos
1481 2594 1615 2630 oportet,
1646 2594 1679 2621 et
1706 2589 1739 2620 in
1771 2588 1872 2629 ipsius
1902 2589 2016 2620 timore
2040 2594 2212 2629 noctesque
2235 2588 2366 2628 diesque

1407 2633 1537 2671 versari,
1566 2637 1598 2663 et
1627 2631 1784 2663 curiosam
1808 2631 1972 2663 scientiam
1998 2641 2054 2671 pro
2078 2630 2199 2663 viribus
2219 2631 2365 2663 reiicere:

1407 2675 1486 2706 nihil
1511 2674 1596 2706 aliud
1621 2675 1702 2707 scire
1724 2679 1911 2714 appetentes
1945 2684 2040 2714 quam
2071 2673 2154 2714 quod
2185 2675 2254 2714 ipse
2277 2674 2365 2705 Deus
