2551 3044
218 171 256 202 41

217 266 371 303 debimus,
395 277 493 307 quum
517 268 684 307 proprium
708 267 809 298 filium
835 266 931 297 morti
955 264 1088 296 addixit.
1124 265 1172 295 Ac
1198 267 1200 287 ³

218 309 292 341 licet
324 319 387 340 non
420 310 580 341 destinata
610 310 641 341 id
673 310 794 341 malitia
824 309 905 344 fecit,
937 313 1046 339 tamen
1077 317 1110 338 se
1138 306 1171 336 in

220 352 389 392 reprobum
413 363 544 383 sensum
573 353 714 384 coniecit.
761 351 854 391 Quod
880 351 928 382 vel
953 361 991 381 ex
1015 360 1052 380 eo
1075 354 1172 389 patet,

220 394 301 435 quod
332 394 382 425 hic
417 394 565 426 videmus
595 406 666 426 eum
690 394 800 426 iubere
825 405 899 425 suos
922 393 1042 424 milites
1066 401 1173 422 recen-

220 438 297 469 seri:
317 436 431 476 quibus
451 438 617 468 recensitis
635 444 790 478 quantum
811 437 952 476 dilapsus
971 441 1054 466 esset
1073 434 1174 473 ipsius

219 486 320 511 status
343 480 500 519 apparuit.
538 480 672 511 Interim
697 488 802 510 tamen
828 479 866 510 ad
891 478 999 509 Deum
1022 477 1174 516 confugit,

220 532 294 553 nam
324 522 401 552 satis
424 522 653 553 animadvertit
676 533 725 553 res
747 533 821 553 suas
845 532 914 552 esse
937 521 1074 560 pessimo
1097 519 1173 554 loco,

221 565 280 595 nisi
307 564 396 595 Deus
427 565 486 604 ipsi
516 576 630 596 sanum
662 571 694 596 et
717 565 796 595 utile
819 564 986 596 consilium
1011 565 1173 602 suggerat.

220 606 330 645 Quare
347 606 436 637 iubet
452 607 648 638 sacerdotem
668 607 772 647 ephod
793 606 935 646 induere,
959 611 992 636 et
1010 604 1048 636 ad
1068 614 1173 635 arcam

219 649 325 680 Deum
353 650 573 680 consulturum
608 650 765 687 accedere,
798 656 834 680 ut
864 649 940 689 quid
970 647 1030 679 sibi
1063 648 1095 677 in
1126 646 1174 676 his

219 693 377 732 angust-iis
407 692 449 723 sit
479 692 663 723 faciundum
696 693 885 723 sciscitetur.
932 690 996 722 Sed
1025 699 1095 721 sero
1118 688 1172 719 ad-

219 733 359 765 modum.
415 734 632 773 Quamobrem
666 736 762 766 etiam
797 735 883 766 Deus
923 742 1027 773 neque
1068 741 1174 762 arcam

219 776 355 808 foederis
379 788 480 816 neque
504 778 600 808 etiam
631 778 734 817 ephod
759 777 932 818 quidquam
954 776 1002 806 illi
1025 774 1174 815 prodesse

220 820 372 859 permisit.
419 820 501 850 Nam
534 820 616 860 quod
648 821 732 857 facit,
766 831 806 850 ex
838 818 1015 850 diffidentia
1050 823 1173 847 tantum

219 863 302 893 facit.
356 862 401 893 Et
433 862 551 894 idcirco
585 862 623 893 de
656 868 789 903 repente
822 861 931 893 audito
966 860 1106 891 tumultu
1140 859 1173 889 in

219 905 332 936 castris
366 905 518 942 hostium,
558 905 645 936 iubet
685 905 882 936 sacerdotem
916 913 1047 934 manum
1081 911 1172 932 suam

220 957 378 986 amovere,
401 953 433 979 et
455 947 547 978 velut
570 953 663 982 extra
681 958 714 978 se
734 948 855 987 positus
874 952 966 984 esset,
990 945 1028 976 ab
1047 945 1173 984 incepto

220 989 389 1021 desistere:
419 991 508 1030 quasi
539 990 675 1021 diceret:
707 988 964 1030 quandoquidem
988 994 1053 1019 tam
1078 987 1173 1017 breve

219 1038 345 1072 tempus
380 1039 438 1069 est,
481 1032 555 1072 quid
590 1043 670 1073 opus
707 1033 861 1063 habemus
894 1031 1032 1072 amplius
1067 1029 1172 1060 Deum

219 1075 385 1113 sciscitari,
421 1086 484 1105 non
518 1085 598 1115 opus
633 1083 681 1106 est
713 1084 817 1106 mora:
846 1075 952 1114 itaque
981 1072 1109 1104 oraculo
1141 1073 1173 1101 in

219 1118 401 1158 praesentia
428 1118 617 1149 carebimus.
664 1119 707 1148 Et
737 1119 782 1148 ita
811 1123 932 1148 temere
955 1122 986 1147 et
1009 1116 1078 1146 sine
1101 1125 1174 1146 con-

219 1160 290 1192 silio
319 1160 428 1191 hostes
459 1170 531 1191 suos
560 1160 772 1200 persequitur,
805 1166 835 1190 et
869 1159 988 1190 milites
1021 1157 1110 1197 sequi
1139 1167 1172 1187 se

217 1203 306 1234 iubet
335 1203 488 1242 impetum
521 1203 555 1233 in
591 1203 714 1234 hostem
749 1203 900 1234 facturos.
955 1201 1061 1241 Atque
1094 1200 1172 1230 haec

218 1245 249 1276 in
280 1256 405 1276 summa
436 1244 474 1275 de
496 1244 606 1276 Saulis
631 1246 813 1286 arrogantia
837 1251 869 1276 et
891 1243 1070 1275 diffidentia
1093 1243 1171 1273 reci-

219 1292 340 1319 tantur.
384 1288 453 1318 Iam
484 1294 579 1319 antea
606 1299 682 1319 vero
711 1288 878 1319 docuimus
902 1286 1032 1319 Saulem
1064 1295 1171 1317 secum

218 1331 368 1362 habuisse
392 1340 553 1361 summum
576 1330 783 1369 sacerdotem,
807 1340 905 1370 quum
929 1330 1064 1360 nimium
1083 1337 1173 1368 prae-

217 1374 388 1413 cipitanter
417 1373 486 1403 fieri
509 1373 602 1404 iussit
630 1373 832 1409 sacrificium,
863 1373 938 1403 dum
963 1371 1094 1403 Samuel
1117 1381 1171 1401 ex-

217 1415 429 1457 spectabatur.
467 1415 628 1455 Quamdiu
652 1416 751 1456 igitur
775 1415 888 1447 licebat
911 1415 959 1445 illi
981 1424 1040 1454 per
1061 1413 1171 1450 otium,

217 1469 275 1490 cur
297 1469 361 1489 non
384 1459 514 1490 iubebat
537 1458 742 1493 sacerdotem,
767 1464 939 1498 antequam
962 1457 1171 1496 irruptionem

218 1501 326 1532 hostes
350 1502 498 1538 facerent,
523 1502 629 1532 Deum
653 1501 818 1539 sciscitari,
843 1506 874 1531 et
897 1500 935 1531 de
958 1500 1058 1540 ipsius
1079 1499 1171 1529 illum

217 1544 384 1576 voluntate
416 1543 638 1584 interrogare?
692 1543 755 1575 Sed
786 1548 855 1574 tum
879 1542 918 1574 de
941 1553 977 1573 eo
1001 1552 1063 1573 non
1087 1542 1171 1581 cogi-

218 1587 309 1623 tavit,
333 1588 410 1626 quin
430 1586 535 1626 potius
555 1592 590 1617 ut
609 1587 699 1618 deses
722 1591 754 1617 et
772 1586 911 1626 ignavus
929 1585 1033 1617 stetit:
1057 1583 1171 1615 deinde

217 1629 380 1661 momento
410 1634 532 1660 terrore
561 1629 724 1669 perculsus
755 1628 850 1660 breve
882 1628 1016 1659 nimium
1047 1632 1172 1666 tempus

217 1682 385 1712 superesse
414 1672 474 1703 sibi
503 1672 609 1703 Deum
638 1671 860 1712 interrogandi
890 1670 1060 1710 persuasit.
1105 1669 1171 1700 Sed

217 1714 388 1747 fallebatur
415 1715 576 1754 opinione,
610 1714 866 1755 quandoquidem
902 1713 1042 1744 nondum
1074 1712 1170 1752 septi—

217 1768 289 1789 mus
317 1757 384 1788 dies
406 1757 625 1797 praeterierat,
656 1768 718 1797 quo
740 1756 884 1787 nondum
908 1756 1015 1796 elapso
1038 1754 1171 1786 Samuel

217 1807 253 1832 ut
274 1800 475 1840 promiserat,
499 1800 639 1831 advenit.
675 1800 718 1831 Et
740 1799 951 1830 nihilominus
975 1797 1108 1829 debebat
1131 1807 1170 1828 ex

216 1843 320 1875 officio
348 1842 527 1874 Dominum
557 1853 613 1883 per
638 1841 835 1874 sacerdotem
863 1841 902 1872 de
925 1841 1091 1872 voluntate
1114 1850 1172 1871 sua

216 1886 426 1925 interrogare.
478 1885 561 1916 Nam
595 1885 731 1925 speciale
770 1883 928 1924 quoddam
963 1883 1168 1924 privilegium

218 1929 306 1961 Deus
329 1928 447 1968 populo
477 1938 533 1959 suo
556 1928 760 1965 concedebat,
792 1933 827 1957 ut
849 1926 884 1957 in
907 1926 1002 1957 rebus
1025 1926 1170 1966 angustis

217 1976 250 2003 et
278 1971 412 2003 summis
442 1970 683 2002 difficultatibus
717 1968 863 2001 sacerdos
887 1975 960 2000 ante
984 1968 1170 2009 propitiato-

214 2015 298 2046 rium
329 2013 433 2054 ephod
455 2013 587 2044 indutus
610 2017 818 2053 compareret,
853 2016 885 2043 et
906 2011 971 2043 illic
992 2011 1170 2042 Dominum

214 2057 289 2098 quid
319 2057 353 2087 in
382 2056 447 2087 illis
477 2055 719 2087 difficultatibus
747 2055 831 2085 facto
860 2059 944 2085 esset
966 2064 1045 2094 opus
1064 2054 1169 2085 scisci-

215 2105 347 2131 taretur.
404 2099 510 2130 Erant
548 2103 654 2129 autem
690 2098 751 2128 duo
786 2096 888 2137 ephod
922 2107 1055 2138 genera;
1095 2106 1169 2127 nam

215 2142 355 2174 alterum
386 2142 447 2172 fnit
474 2141 639 2181 proprium
669 2140 889 2172 sacerdotum:
924 2139 1062 2171 alterum
1095 2149 1171 2170 vero

215 2184 348 2226 plebeiis
383 2184 566 2215 hominibus
601 2193 787 2215 commune:
823 2187 854 2213 et
887 2183 928 2213 iis
957 2183 1010 2222 qui
1043 2185 1169 2213 tantum

216 2233 308 2259 erant
344 2227 492 2258 Levitae:
535 2226 716 2258 cuiusmodi
755 2225 891 2256 amiculo
925 2224 1032 2255 David
1064 2234 1170 2255 arcam

216 2270 373 2302 comitans
396 2269 531 2301 amictus
555 2268 682 2309 legitur.
728 2267 794 2299 Sed
817 2268 876 2298 fuit
894 2272 1062 2308 praeterea
1085 2277 1171 2307 mag-

217 2322 294 2344 num
329 2311 441 2351 ephod,
477 2321 567 2342 sacra
601 2321 716 2351 nempe
750 2310 865 2348 tunica,
899 2311 934 2340 in
968 2320 1030 2350 qua
1063 2320 1172 2341 sacrae

217 2356 341 2395 figurae
369 2360 401 2385 et
430 2355 523 2394 sigua
553 2354 808 2385 continebantur.
853 2352 961 2392 Quare
985 2352 1062 2384 Saul
1085 2357 1173 2392 pote·
1199 2367 1200 2370 ¹

218 2403 269 2430 rat
290 2397 399 2428 iubere
428 2396 626 2428 sacerdotem
650 2406 813 2427 assumere
837 2394 949 2436 ephod,
983 2395 1173 2426 Dominum-

219 2451 279 2481 que
313 2450 370 2480 pro
403 2449 436 2471 se
469 2439 686 2479 interrogare:
719 2438 774 2470 sed
802 2449 866 2469 non
897 2438 980 2476 fecit,
1015 2438 1075 2469 nisi
1109 2439 1173 2469 iam

219 2483 393 2524 deploratis
423 2482 527 2518 rebus,
561 2487 593 2512 et
622 2491 721 2522 quum
751 2481 785 2512 in
808 2491 882 2512 eum
905 2486 1068 2520 stuporem
1092 2481 1173 2511 inci·
1199 2494 1201 2520 ι,

220 2526 328 2562 disset,
358 2530 395 2556 ut
425 2524 500 2564 quid
531 2524 614 2556 facto
637 2524 697 2555 sibi
721 2528 805 2555 esset
828 2533 906 2563 opus
930 2533 1060 2563 prorsus
1083 2523 1173 2564 igno-

865 171 911 203 IN
934 172 958 203 1.
984 170 1072 202 LIB.
1096 168 1293 201 SAMUEL.
1317 168 1414 200 CAP.
1441 168 1532 199 xlv,

219 2575 315 2601 raret.
360 2568 485 2598 Verum
516 2567 642 2607 ingrata
665 2566 720 2598 illa
742 2566 913 2598 sciscitatio
935 2566 994 2596 fuit
1016 2565 1174 2596 Domino:

221 2611 428 2653 quamobrem
461 2611 602 2641 incertus
635 2609 721 2647 abiit,
763 2615 793 2639 et
826 2609 896 2648 quis
930 2609 1060 2640 futurus
1093 2613 1201 2639 esset*

2140 165 2181 196 42

1225 273 1332 294 rerum
1367 272 1498 293 suarum
1534 262 1639 293 exitus
1675 262 1768 301 plane
1802 260 1932 291 inscius.
1977 259 2182 300 Quapropter

1224 306 1286 335 ista
1309 310 1384 336 sunt
1413 305 1504 335 nobis
1523 304 1691 345 diligenter
1722 302 1940 343 expendenda,
1971 309 2006 333 ut
2025 301 2181 342 quamdiu

1225 358 1258 379 sc
1282 348 1372 379 nobis
1395 347 1556 378 Dominus
1581 348 1683 386 offert,
1712 357 1813 386 neque
1835 345 1960 376 desides
1985 355 2086 385 neque
2109 354 2180 385 seg-

1226 401 1281 421 nes
1310 390 1409 421 simus
1441 390 1470 419 in
1504 390 1670 419 voluntate
1702 390 1801 429 ipsius
1832 388 2047 427 exquirenda:
2078 392 2108 417 ct
2142 397 2182 418 ne

1225 432 1365 463 oblatam
1399 433 1596 463 occasionem
1641 433 1854 472 negligamus.
1911 430 1992 461 Nam
2035 429 2182 462 diabolus

1225 475 1328 506 modis
1351 475 1499 505 omnibus
1524 474 1583 504 Dei
1610 476 1777 505 veritatem
1802 473 1974 504 obscurare
1997 472 2180 504 conabitur:

1226 528 1320 557 quam
1345 517 1478 557 proinde
1502 517 1526 547 si
1552 526 1664 556 segnes
1689 517 1721 547 in
1744 517 1812 556 ipso
1831 514 2009 546 invocando
2029 516 2182 546 fuerimus

1226 561 1380 591 incertam
1413 566 1445 590 et
1468 560 1662 598 incognitam
1696 559 1836 589 habituri
1868 567 1996 589 sumus:
2027 564 2058 588 et
2082 558 2120 587 ab
2144 567 2182 588 ea

1227 603 1333 642 procul
1370 602 1560 632 aberraturi.
1606 601 1715 640 Quare
1745 601 1850 631 danda
1883 600 1974 631 nobis
2006 610 2111 639 opera,
2147 604 2181 630 ut

1226 656 1322 684 quum
1348 645 1407 675 Dei
1440 644 1603 674 voluntate
1628 644 1758 674 verbum
1784 654 1876 674 suum
1908 642 1993 682 apud
2024 653 2080 673 nos
2104 652 2182 682 quo-

1227 687 1305 718 tidie
1329 686 1539 727 praedicetur,
1563 693 1593 717 et
1617 693 1743 717 nostras
1763 696 1855 717 aures
1878 692 2036 725 personet.
2063 686 2092 715 in
2113 685 2182 715 eius

1226 730 1412 770 obsequium
1432 739 1669 769 emnponamur,
1694 729 1824 768 eiusque
1842 728 2002 759 voluntati
2023 738 2079 758 nos
2100 733 2183 758 totos

1226 772 1469 808 submittamus,
1511 780 1540 801 et
1576 771 1629 801 illa
1664 771 1820 802 adversus
1853 770 2010 810 quoslibet
2043 770 2183 800 insultus

1226 820 1379 854 tanquam
1414 815 1590 846 certissimo
1632 813 1872 854 propugnaculo
1906 818 2045 850 utamur,
2085 819 2115 842 ct
2150 812 2182 842 in

1226 857 1294 888 dies
1314 858 1346 888 in
1365 857 1451 887 illius
1471 858 1652 897 cognitione
1673 857 1886 896 proficiamus,
1910 855 2082 895 eademque
2102 854 2183 886 duce

1225 911 1335 940 preces
1370 906 1400 930 et
1434 900 1596 930 orationes
1630 906 1736 929 noctes
1771 898 1902 937 diesque
1935 898 2181 938 ingeminemus.

1226 943 1286 973 Sin
1320 950 1428 973 autem
1464 942 1589 972 desides
1623 949 1653 971 et
1688 941 1798 981 ignavi
1832 941 1995 976 fuerimus,v
2028 940 2182 979 nobisque

1225 985 1477 1026 persuadeamus
1501 992 1625 1023 tempus
1650 984 1772 1023 lapsum
1798 984 1979 1023 recuperari
2004 993 2104 1023 posse,
2129 982 2184 1013 fiet

1225 1034 1259 1058 ut
1284 1038 1338 1067 spe
1361 1034 1471 1058 nostra
1494 1026 1689 1066 excidamus,
1714 1035 1743 1057 et
1767 1026 1919 1065 opinione
1942 1025 2103 1056 fallamur.
2127 1024 2183 1056 Sic

1225 1070 1393 1110 plerosque
1416 1070 1525 1100 videas
1548 1070 1651 1100 dicere
1675 1070 1708 1099 in
1732 1069 1863 1100 iuvenili
1887 1075 1999 1104 aetate,
2023 1077 2088 1098 non
2109 1073 2183 1107 apta

1225 1114 1288 1143 iam
1313 1119 1400 1144 aetas
1423 1123 1494 1143 mea
1517 1113 1673 1152 precibus,
1705 1112 1751 1142 sin
1777 1118 1882 1142 autem
1907 1120 2053 1141 senuero.
2084 1110 2183 1150 preci-

1226 1156 1283 1186 bus
1317 1155 1454 1186 assiduis
1495 1154 1688 1186 incumbam.
1742 1154 1842 1193 Atqui
1877 1153 1938 1183 Dei
1982 1153 2086 1193 gratia
2118 1163 2182 1183 non

1225 1198 1342 1238 pendet
1367 1198 1406 1229 ab
1430 1198 1562 1229 arbitrio
1586 1204 1703 1230 nostro,
1736 1207 1837 1235 neque
1868 1197 1898 1226 in
1925 1202 2034 1226 nost-ra
2057 1201 2105 1226 est
2129 1205 2183 1234 po-

1225 1246 1357 1272 testate:
1381 1250 1486 1280 neque
1510 1241 1603 1271 etiam
1629 1241 1748 1270 veritas
1771 1238 1857 1269 eludi
1881 1244 1992 1278 potest.
2018 1237 2182 1276 Quamdiu

1225 1284 1324 1324 igitur
1341 1283 1522 1314 libertatem
1549 1282 1698 1322 precandi
1722 1283 1886 1317 habemus,
1910 1280 1941 1311 id
1958 1287 2005 1311 est
2029 1279 2182 1320 quamdiu

1225 1326 1313 1357 Deus
1337 1326 1428 1357 nobis
1452 1326 1507 1356 dat
1525 1326 1624 1356 otium
1646 1326 1751 1364 ipsum
1771 1323 1950 1359 invocandi,
1974 1333 2086 1353 omnes
2109 1333 2182 1362 pra-

1225 1379 1281 1399 vas
1314 1369 1531 1408 cogitationes,
1566 1368 1734 1406 omniaque
1764 1365 1991 1406 impedimenta
2020 1365 2134 1405 quibus
2164 1375 2183 1396 a

1225 1411 1372 1451 precibus
1401 1411 1578 1442 avertimur
1611 1420 1798 1449 superemus
1832 1408 2005 1449 proculque
2039 1417 2057 1438 a
2091 1407 2182 1438 nobis

1225 1454 1425 1485 reiiciamus:
1465 1463 1570 1493 neque
1605 1463 1746 1491 unquam
1781 1452 1913 1482 meliora
1948 1458 2092 1490 tempora
2126 1456 2181 1480 ant

1225 1496 1499 1537 opportunitatem
1534 1506 1716 1536 speremus:
1750 1505 1790 1525 ne
1820 1494 1901 1524 forte
1935 1493 2028 1524 nobis
2062 1492 2180 1523 ostium

1224 1539 1349 1580 ingredi
1380 1539 1563 1570 volentibus
1594 1538 1790 1569 occludatur.
1837 1535 1890 1567 Sic
1921 1536 2007 1566 enim
2033 1535 2181 1566 videmus

1224 1593 1296 1614 cum
1331 1582 1430 1613 Saule
1464 1582 1595 1619 factum⁷
1630 1586 1663 1611 ut
1699 1578 1956 1620 quandoquidem
1992 1588 2091 1617 quum
2124 1588 2182 1617 per

1224 1625 1449 1656 necessitatem
1491 1624 1643 1664 oportuit,
1689 1629 1719 1653 et
1761 1621 2033 1661 opportunitatem
2080 1620 2181 1657 licuit,

1224 1667 1330 1698 Deum
1354 1678 1419 1698 non
1443 1667 1612 1707 quaesivit,
1637 1676 1736 1705 quum
1761 1665 1829 1695 vult
1854 1674 1916 1694 non
1941 1663 2052 1703 possit,
2077 1673 2181 1702 neque

1222 1710 1269 1740 illi
1311 1709 1402 1741 Deus
1446 1720 1536 1740 suam
1578 1707 1799 1748 interrogandi
1844 1707 2042 1737 voluntatem
2087 1705 2183 1736 faciat

1222 1757 1424 1793 potestatem.

1306 1795 1377 1826 Iam
1401 1805 1477 1826 vero
1499 1793 1704 1834 procidamus
1727 1795 1777 1823 etc.

1478 1964 1620 2004 HOMI
1628 1963 1720 2002 LIA
1747 1962 1878 2000 XLV}
1889 1961 1934 1999 [1.

1308 2051 1356 2082 18.
1389 2050 1431 2081 Et
1468 2050 1513 2081 ait
1546 2048 1623 2079 Saul
1656 2048 1697 2078 acl
1725 2046 1875 2077 Achiam:
1910 2044 2045 2084 Applicat
2078 2054 2184 2075 arcam

1222 2094 1285 2126 Dei
1318 2095 1395 2133 (erat
1426 2093 1505 2123 euim
1533 2091 1577 2122 ibi
1607 2100 1680 2121 arca
1703 2089 1765 2120 Dei
1795 2089 1826 2118 in
1857 2088 1907 2118 die
1936 2087 1993 2118 illa
2016 2097 2084 2118 cum
2104 2086 2184 2126 filiis

1224 2136 1348 2178 Israel).
1397 2136 1444 2167 19.
1473 2135 1630 2174 onzmzque
1660 2132 1831 2171 loqueretur
1863 2129 1941 2160 Saul
1970 2130 2012 2160 ad
2041 2130 2182 2161 sacerdo-

1223 2182 1290 2218 tem,
1320 2178 1468 2210 tzmnaltus
1498 2186 1630 2217 magnus
1659 2177 1782 2205 exortus
1805 2175 1847 2203 est
1875 2173 1907 2202 in
1929 2173 2043 2202 castris
2066 2171 2183 2202 Philis-

1223 2222 1387 2259 azimorum,
1417 2219 1623 2258 crescebatque
1648 2217 1802 2257 paulatim
1832 2218 1857 2245 et
1888 2215 2009 2246 clarius
2031 2214 2182 2255 reboabat,

1225 2268 1253 2296 et
1280 2265 1326 2295 ait
1351 2263 1430 2294 Saul
1460 2263 1501 2294 ad
1532 2261 1731 2293 sacerdotem:
1764 2257 1914 2288 contrahe
1936 2267 2065 2287 manum
2087 2259 2180 2288 taam.

1225 2308 1275 2339 20.
1303 2306 1511 2337 Conclamavit
1533 2315 1602 2344 erqo
1627 2303 1703 2333 Saul
1725 2305 1751 2332 et
1773 2301 1872 2331 omnis
1888 2299 2027 2339 populus
2045 2300 2099 2338 qui
2118 2302 2183 2330 erat

1225 2361 1291 2382 cum
1323 2360 1363 2387 ec,
1393 2351 1419 2379 et
1449 2349 1591 2379 venerunt
1618 2356 1712 2384 usque
1741 2344 1782 2374 acl
1811 2343 1906 2373 locum
1939 2342 2133 2372 certaminis:
2156 2344 2184 2372 et

1225 2403 1286 2424 ecce
1314 2401 1421 2423 versus
1447 2391 1550 2430 fuerat
1578 2389 1703 2429 yladius
1735 2386 1979 2423 uniuscuiusque
2007 2384 2048 2414 ad
2072 2384 2183 2427 prozi-

1225 2445 1309 2466 mum
1331 2444 1432 2471 suum,
1457 2436 1483 2464 et
1505 2433 1609 2463 caedes
1633 2439 1745 2469 maana
1769 2428 1870 2458 nimis.
1914 2427 1965 2457 21.
1992 2426 2052 2457 Sed
2074 2430 2100 2457 et
2123 2426 2185 2458 He—

1200 2482 1201 2489 *
1226 2478 1310 2509 braei
1341 2477 1395 2516 qui
1423 2477 1545 2515 sacrant
1566 2484 1633 2505 cum
1657 2471 1850 2503 Philisthiim
1872 2470 1939 2501 heri
1962 2471 1987 2499 et
2010 2469 2182 2500 nudiuster-

1226 2522 1297 2558 tius,
1324 2519 1600 2556 adscendet-antam
1621 2526 1689 2547 cum
1712 2515 1756 2545 eis
1781 2514 1811 2543 in
1834 2514 1945 2544 castri-s·
1968 2513 2082 2543 reversi
2104 2515 2184 2551 sunt,

1200 2563 1201 2567 ’
1227 2566 1261 2594 ut
1290 2565 1386 2593 essent
1416 2571 1483 2592 cum
1515 2559 1629 2591 arante
1659 2558 1712 2597 qui
1742 2559 1807 2587 erat
1835 2566 1903 2587 cam
1937 2554 2014 2585 Saul
2043 2557 2069 2585 et
2091 2555 2184 2586 Iona-

1228 2605 1329 2636 thane.
1385 2604 1435 2635 22.
1471 2604 1579 2635 Omnes
1608 2610 1725 2640 quoque·
1746 2598 1910 2629 Israelitae
1932 2598 1985 2635 qui
2008 2607 2039 2628 se
2062 2597 2186 2629 abscon-
