2551 3044
367 212 408 242 95

368 304 599 336 existimantes.
645 302 692 333 Ac
715 311 791 332 sane
815 302 978 333 excusatio
1003 302 1073 340 illa,
1102 313 1163 342 qua
1185 312 1218 332 se
1243 301 1327 342 apud

368 345 552 378 Samuelem
576 351 696 381 tuetur,
725 344 805 375 satis
827 344 968 376 ostendit
991 344 1098 385 qualia
1121 345 1183 375 siut
1208 351 1328 375 morta-

368 390 445 420 lium
470 388 595 419 iudicia.
631 387 714 418 Nam
737 387 763 418 si
788 386 867 418 Saul
891 386 1057 419 hominum
1082 387 1196 418 iudicio
1219 393 1328 424 staret,

367 442 431 463 non
456 429 549 462 modo
573 430 612 461 ab
636 440 723 460 omni
737 429 850 469 culpa
843 440 1004 467 immunis
1028 430 1081 461 scd
1096 430 1190 460 etiam
1203 440 1328 461 summo

367 474 483 515 dignus
507 473 629 504 honore
652 471 820 503 diceretur.
845 471 949 511 Quale
972 473 1056 504 cuim
1071 472 1165 509 istud,
1188 471 1328 510 obsecro,

367 501 511 549 facinus?
557 516 695 555 Captum
724 514 810 546 enim
835 525 942 555 regem
965 516 1142 547 reservavit
1166 514 1328 555 triumpho
1352 536 1353 539 =

367 560 487 596 vivum,
511 558 626 599 populo
649 556 877 594 exhibendum,
902 563 937 589 ut
959 569 996 589 eo
1019 559 1119 589 maior
1144 557 1202 588 Dei
1226 557 1329 597 gloria

366 606 546 643 appareret.
572 600 654 632 Nam
678 600 703 631 si
727 600 761 630 in
785 599 852 648 ipsa
876 601 1082 632 multitudine
1105 610 1216 632 caesus
1235 605 1327 638 esset,

366 655 430 676 non
466 643 633 675 videbatur
665 649 730 673 tam
764 642 892 683 insigne
926 644 1068 675 futurum
1101 642 1328 691 spectaculum,

367 697 464 728 quam
495 697 592 734 quum
622 684 746 726 publice
770 685 801 716 in
825 685 988 727 triumpho
1011 686 1204 726 spectandus
1227 686 1328 716 omni-

366 730 426 762 bus
449 729 654 770 proponitur.
693 732 727 759 ut
757 726 819 758 Dei
853 727 1005 760 iudicium
1036 739 1071 760 eo
1101 730 1154 759 fiat
1177 738 1327 768 eonspec—

367 773 446 804 tius:

366 814 542 850 Israelitae.
577 813 632 845 sed
662 813 802 853 reliquae
825 813 920 845 etiam
944 819 1056 855 gentes
1079 814 1118 845 ad
1142 824 1220 854 quas
1243 813 1328 844 fama

366 857 549 899 perveniret
573 855 786 888 erudirentur.

366 899 485 941 populo
509 904 673 930 reservata
696 902 843 930 armenta
864 898 970 938 boum,
998 910 1175 937 vaccarum,
1206 904 1238 930 et
1259 898 1322 947 opi

368 953 437 974 mos
471 952 586 983 greges
616 940 800 977 vitulorum,
836 942 954 982 ovium,
985 952 1149 983 agnorum,
1184 948 1215 972 et
1243 941 1328 973 simi-

369 985 448 1016 lium
471 969 522 1016 ead
562 984 717 1016 victimas.
764 985 869 1024 Atque
900 983 951 1016 hic
984 984 1106 1033 detecta
1140 990 1187 1016 est
1222 983 1328 1015 Saulis

368 1028 460 1059 sceda
505 1026 702 1059 nundinatio.
765 1026 931 1058 Praetexit
970 1027 1054 1058 enim

368 1071 552 1102 holocausta
586 1070 654 1101 Deo
689 1068 846 1106 facienda,

369 1114 509 1145 actiones
533 1123 589 1153 pro
612 1112 728 1153 adepta
750 1112 892 1143 victoria.
921 1111 1013 1152 Quae
1036 1124 1113 1144 sane
1137 1112 1228 1144 valde
1252 1117 1330 1143 sunt

369 1157 526 1205 speciosa:
550 1154 605 1187 sed
628 1165 708 1195 quae
732 1154 938 1203 hypocriseos
957 1155 1052 1195 plena
1070 1162 1152 1187 sunt.
1176 1155 1329 1186 Nomina-

368 1246 605 1274 reservassent:
637 1240 720 1280 quod
750 1239 810 1271 etsi
834 1240 865 1271 iu
888 1241 993 1280 specie
1016 1241 1214 1290 praeclarum
1240 1240 1329 1272 vide-

369 1290 422 1316 tur
445 1290 477 1316 et
497 1283 665 1321 laudabile,
689 1290 719 1314 et
739 1288 872 1323 apparet
890 1284 987 1314 etiam
1007 1285 1206 1315 extrinsecus
1227 1283 1329 1315 virtus

368 1327 524 1368 quaedam
544 1337 602 1358 sua
624 1309 719 1357 laiide
743 1325 855 1366 digna:
879 1330 988 1358 tamen
1001 1327 1167 1367 apparebit
1181 1326 1329 1366 deinceps

368 1369 506 1411 praedae
534 1370 640 1410 potius
671 1379 767 1409 quam
798 1368 962 1409 religionis
995 1370 1101 1400 studio
1136 1369 1213 1400 haec
1246 1369 1356 1414 facta¹

368 1413 484 1444 fuisse:
509 1423 545 1444 ac
568 1411 701 1452 proinde
725 1411 840 1442 merito
864 1411 950 1443 reiiei
973 1421 992 1442 a
1014 1411 1153 1443 Domino
1177 1419 1329 1452 tanquam

369 1456 436 1487 suis
461 1454 620 1486 mandatis
645 1454 814 1485 contraria.
839 1453 927 1493 Quid
946 1454 989 1485 ita
1009 1455 1108 1486 vero?
1132 1454 1254 1495 Nempe
1267 1454 1328 1486 Dei

367 1497 597 1538 omnipotentis
635 1497 834 1528 voluntatem
875 1496 1028 1537 praeferri
1068 1498 1210 1528 omnium
1243 1508 1327 1528 mor-

370 1541 484 1572 talium
519 1540 633 1572 studiis
666 1544 800 1580 oportet,
836 1549 1044 1580 quaecunque
1078 1540 1161 1572 bona
1192 1541 1328 1571 intentio

368 1588 588 1624 praetexatur.
612 1582 734 1614 Idcirco
759 1582 809 1613 hic
832 1582 981 1613 audimus
1005 1582 1111 1614 Deum
1136 1583 1173 1614 ad
1197 1583 1329 1614 Samue-

367 1626 431 1657 lem
467 1625 567 1657 verba
600 1626 769 1657 facientem
804 1624 938 1656 dixisse:
976 1624 1113 1656 Poenitct
1146 1636 1191 1657 me
1218 1626 1329 1657 consti-

367 1669 463 1701 tuisse
488 1668 614 1700 Saulem
637 1669 670 1699 ιη
693 1678 800 1708 reyem,
829 1667 905 1707 quia
926 1678 1054 1700 aversus
1076 1671 1119 1699 est
1142 1679 1160 1699 a
1182 1669 1329 1708 sequendo
1354 1670 1357 1680 ³

369 1722 425 1749 me,
457 1714 483 1742 et
505 1710 596 1743 verba
629 1721 696 1742 mea
730 1721 788 1742 non
817 1711 989 1749 praestitit.-
1020 1710 1133 1742 deinde
1165 1722 1248 1749 vero,
1278 1711 1330 1742 hoc

369 1754 567 1793 displicuisse
599 1753 748 1791 Samueli,
779 1753 852 1784 adeo
881 1755 915 1784 ut
943 1752 1087 1785 clamaret
1116 1754 1156 1784 acl
1186 1754 1330 1785 Iehovam

370 1799 432 1828 tota
455 1796 511 1828 illa
532 1799 621 1828 nocte.
660 1796 761 1827 Porro
784 1806 882 1835 quum
906 1795 1012 1827 Deum
1036 1796 1230 1836 poenituisse
1253 1797 1330 1828 dicit

369 1839 541 1879 scriptura,
565 1838 745 1870 notandum
769 1843 817 1869 est
839 1838 926 1869 illam
939 1837 1195 1879 ἀνθρωποπόθως
1212 1839 1248 1870 de
1262 1839 1330 1870 Deo

371 1881 466 1922 loqui,
501 1887 535 1913 ut
567 1891 624 1913 nos
657 1880 767 1912 doceat
798 1881 902 1912 Deum
937 1881 1079 1912 humano
1114 1892 1200 1912 more
1234 1882 1329 1922 loqui,

371 1924 456 1965 quod
481 1924 581 1965 ipsius
606 1924 712 1962 verba,
735 1924 760 1954 si
792 1924 824 1954 in
855 1925 1022 1955 maiestate
1050 1934 1107 1955 sua
1137 1924 1328 1964 loqueretur,

369 1967 454 1998 ferre
478 1978 541 1998 non
566 1976 748 2007 possemus,
784 1976 888 2006 neque
911 1966 951 1998 ad
975 1966 1079 2007 ipsum
1103 1967 1251 1998 accedere
1275 1979 1329 1998 vo-

367 2020 435 2042 cem
460 2010 528 2042 cius
551 2009 709 2041 audituri:
741 2008 858 2040 idcirco
882 2020 915 2040 se
940 2014 1049 2040 nostro
1074 2010 1181 2049 captui
1205 2020 1327 2041 accom—

370 2052 487 2092 modat,
511 2051 770 2093 quandoquidcm
790 2062 855 2082 non
879 2051 962 2083 cadit
986 2052 1019 2082 in
1038 2062 1112 2083 eum
1134 2053 1330 2101 poenitentia

371 2095 474 2135 qualis
507 2095 540 2126 in
574 2095 747 2126 hominem.
793 2093 877 2125 Nam
912 2095 985 2126 facti
1019 2094 1152 2126 alicuius
1190 2096 1331 2135 poenitet

371 2138 535 2176 homines,
569 2137 658 2169 cuius
681 2141 831 2168 eventum
856 2142 950 2168 antea
971 2147 1032 2168 non
1056 2137 1137 2169 bene
1159 2148 1328 2178 perspexe-

370 2185 462 2212 runt:
493 2181 600 2220 itaque
633 2190 731 2220 quum
761 2179 800 2211 ad
824 2191 857 2212 se
881 2179 1032 2219 redeunt,
1064 2180 1203 2211 maxime
1227 2180 1330 2221 indig-

370 2227 491 2254 nantur
513 2223 596 2263 quod
622 2222 799 2254 exciderint
828 2233 883 2263 spe
907 2234 979 2260 sua,
1012 2229 1046 2253 ut
1076 2233 1138 2254 uon
1168 2223 1329 2263 inceptum

371 2277 451 2306 opus
484 2266 627 2306 cupiant,
661 2265 716 2297 scd
750 2264 837 2297 aliud
865 2266 971 2305 potius
1005 2265 1171 2297 consilium
1205 2266 1330 2302 initum,

371 2309 409 2340 de
433 2319 495 2349 quo
520 2314 627 2340 tamen
652 2313 745 2339 antea
767 2309 909 2356 cogitare
933 2319 996 2339 non
1021 2312 1202 2349 potuerunt.
1244 2307 1332 2340 Sane

372 2351 434 2383 ista
457 2351 566 2382 omnia
596 2352 629 2382 in
654 2351 759 2382 Deum
791 2351 924 2382 minime
947 2350 1082 2390 cadunt,
1116 2351 1206 2383 cuius
1228 2351 1331 2382 consi-

372 2393 451 2425 lium
480 2398 526 2425 est
559 2398 744 2431 aeternum,
776 2398 806 2424 ct
841 2394 892 2425 eui
915 2394 1023 2425 omnia
1046 2398 1122 2425 sunt
1143 2394 1333 2434 praesentia,

370 2447 451 2476 quac
487 2436 573 2468 videt
607 2437 704 2468 etiam
735 2441 907 2475 antequam
937 2436 999 2467 sint
1031 2442 1145 2468 ereata.
1191 2437 1331 2468 Tantum

371 2479 471 2520 igitur
501 2479 591 2510 abest
625 2484 661 2510 ut
692 2479 781 2510 Deus
816 2478 886 2510 duci
923 2479 1119 2519 poenitentia
1153 2479 1266 2519 possit:
1298 2483 1332 2510 ut
1358 2491 1359 2494 ¹

372 2522 428 2552 illa
451 2522 551 2553 nostri
576 2527 701 2553 tantum
727 2526 871 2561 respectu
896 2521 1052 2559 dicantur,
1083 2527 1115 2553 et
1143 2532 1252 2554 eorum
1282 2532 1332 2552 ra-

373 2564 460 2595 tione
484 2574 566 2604 quae
590 2565 622 2595 in
645 2563 753 2596 oculos
777 2568 903 2595 nostros
933 2569 1122 2596 occurrunt:
1156 2563 1331 2596 cuiusmodi

372 2607 492 2638 multae
521 2606 602 2638 aliae
634 2607 768 2647 phrases
799 2607 917 2646 passim
941 2612 1071 2639 exstant
1095 2608 1127 2638 in
1161 2607 1268 2646 sacris,
1301 2613 1331 2638 et

1207 206 1409 239 HOMILIA
1434 206 1509 238 LII.

487 778 582 812 atque
622 770 770 811 exemplo
812 770 911 810 ipsius
952 782 1015 803 non
1055 782 1166 802 omnes.
1200 770 1353 802 tantum'

831 855 924 888 Adde
950 857 1167 897 superioribus
1190 857 1286 887 etiam
1310 866 1328 886 a
1351 853 1353 882 ἶ

1096 1028 1249 1059 sacrificia
1297 1030 1354 1064 etJ

890 1069 1112 1111 solemnesque
1151 1070 1327 1110 gratiarum
1352 1069 1353 1080 ¹

2301 210 2341 241 96

1382 299 1501 332 Adami
1535 307 1704 340 conspecta
1734 300 1977 341 ingratitudine,
2009 300 2128 333 dixisse
2151 301 2278 343 dicitur,
2307 313 2341 335 se

1381 343 1547 383 poenitere
1570 343 1655 382 quod
1679 343 1843 375 hominem
1868 351 2016 375 creasset.
2062 343 2149 376 Sane
2174 344 2262 377 Deus
2285 356 2342 387 per

1380 395 1414 417 se
1437 384 1566 425 quidem
1586 385 1782 417 voluntatem
1806 396 1867 417 non
1892 392 2005 424 mutat
2029 386 2084 417 sed
2108 393 2215 418 tamen
2235 389 2341 429 poeni-

1381 435 1448 459 tere
1470 426 1597 468 dicitur‚
1621 439 1719 469 quum
1744 429 1775 460 in
1799 429 1898 469 ipsius
1920 439 2014 477 opere
2034 429 2189 469 quaedam
2209 435 2343 471 apparet

1379 470 1526 510 mutatio,
1550 476 1581 501 et
1605 471 1779 508 revolutio,
1809 477 1841 503 et
1863 471 1982 503 bonum
2006 472 2039 503 in
2063 472 2183 503 malum
2207 483 2341 505 conver-

1379 524 1449 545 sum
1473 494 1714 544 animadvertit.
1738 513 1832 552 Nam,
1856 514 1994 555 exempli
2013 515 2129 555 gratia,
2154 514 2284 547 Saulem
2308 516 2343 547 in

1379 566 1488 596 regem
1512 566 1529 587 a
1554 555 1694 587 Domino
1718 556 1814 588 fuisse
1837 558 2058 597 constitutum,
2081 564 2205 589 certum
2229 564 2286 596 est,
2310 563 2343 590 et

1379 598 1544 639 singulare
1578 599 1640 629 Dei
1674 609 1753 639 opus
1787 599 1902 631 fuisse:
1943 600 2006 630 iam
2046 610 2123 632 vero
2158 600 2254 632 dante
2288 601 2342 634 illo

1351 639 1353 685 f
1379 651 1500 681 poenas
1523 648 1655 681 propter
1679 641 1893 680 rebellionem,
1917 652 1958 673 an
1981 642 2098 675 idcirco
2121 643 2261 675 dixerint
2285 644 2342 676 ho-

1380 684 1483 714 mines
1507 693 1546 714 ex
1570 694 1647 715 suae
1671 683 1869 716 infirmitatis
1897 694 1995 716 sensu
2019 685 2124 717 Deum
2149 687 2342 718 sententiam

1380 725 1581 757 mutavisse?
1627 726 1728 766 Atqui
1752 726 1858 758 Deum
1889 727 2007 759 scimus
2030 738 2194 768 nunquam
2218 736 2343 761 mutare

1380 768 1602 807 voluntatem,
1637 779 1738 816 neque
1774 779 1792 799 a
1825 770 1987 810 proposito
2021 770 2176 802 recedere.
2234 771 2342 821 Quare

1379 821 1476 851 quum
1513 811 1581 842 Deo
1615 811 1814 851 poenitentia
1848 812 2010 850 tribuitur,
2045 823 2110 844 non
2143 818 2249 854 potest
2281 815 2342 846 nisi

1380 853 1522 885 humano
1545 864 1634 885 more
1657 854 1738 893 fieri,
1768 855 1918 894 quoniam
1944 856 2062 886 terreni
2085 866 2206 894 sumus,
2236 862 2277 895 et,
2307 861 2343 889 ut

1379 896 1464 935 dixi,
1495 896 1585 927 Deus
1608 907 1642 928 se
1664 896 1704 928 ad
1728 902 1872 928 nostrum
1895 902 2025 938 captum
2049 898 2274 937 accommodat.
2309 904 2343 931 ut

1379 939 1448 970 eius
1479 939 1612 970 consilia
1641 950 1698 980 pro
1731 939 1861 971 modulo
1886 944 1996 972 nostro
2018 941 2243 981 percipiamus.
2288 941 2343 976 Sic

1381 982 1521 1022 exempli
1534 988 1646 1022 gratla,
1670 993 1769 1022 quum
1794 981 1872 1014 dicit
1885 982 1974 1014 Deus
1999 993 2032 1014 se
2051 983 2125 1015 duci
2147 985 2344 1033 poenitentia

1380 1024 1466 1065 quod
1496 1024 1660 1056 hominem
1691 1025 1822 1063 crearit,
1852 1025 1976 1057 ratione
1997 1027 2220 1075 corruptionis
2242 1027 2344 1068 loqui-

1381 1073 1443 1106 tur,
1473 1077 1554 1108 quae
1577 1067 1701 1099 homini
1724 1078 1783 1108 per
1806 1068 1931 1109 lapsum
1955 1069 2051 1109 primi
2075 1069 2218 1109 parentis
2241 1070 2344 1102 nostri

1382 1109 1498 1141 Adami
1533 1111 1730 1150 supervenit.
1776 1110 1937 1150 Quoniam
1971 1121 2058 1152 ergo,
2091 1117 2125 1143 ut
2159 1117 2234 1144 ante
2267 1112 2346 1152 dixi,

1353 1155 1355 1160 ’
1380 1153 1501 1184 malum
1526 1152 1596 1184 Deo
1620 1152 1776 1194 displicet,
1810 1153 1929 1186 idcirco
1952 1153 2041 1186 Deus
2065 1165 2139 1186 suas
2162 1155 2234 1187 illas
2256 1165 2345 1188 crea·

368 1200 426 1230 tim
447 1199 533 1230 enim
553 1203 753 1235 accusantur,
771 1197 854 1245 quod
874 1197 996 1238 opimos
1014 1199 1122 1239 gregis
1142 1205 1171 1228 et
1191 1197 1329 1229 armenti
1353 1209 1355 1221 ·

1382 1200 1471 1227 turas
1501 1201 1629 1236 peceato
1659 1196 1804 1227 foedatas
1834 1207 1898 1228 non
1927 1197 2065 1237 amplius
2095 1198 2256 1246 agnoscit.
2288 1197 2344 1230 sed

1381 1239 1488 1279 potius
1510 1243 1670 1279 quatenus
1693 1239 1776 1270 nihil
1797 1239 1869 1270 boni
1889 1244 1919 1270 et
1939 1240 2056 1281 integri
2078 1241 2197 1280 reperit
2215 1240 2248 1272 in
2267 1240 2342 1279 illis,

1381 1280 1508 1313 easdem
1539 1281 1726 1313 detestatur.
1772 1281 1862 1313 Deus
1894 1282 1981 1313 enim
2014 1287 2157 1314 creatum
2188 1283 2345 1315 mundum

1381 1324 1526 1362 intuitus,
1561 1325 1668 1355 omnia
1701 1335 1771 1356 esse
1800 1324 1883 1356 bona
1913 1324 2003 1364 dixit,
2037 1325 2183 1365 nihilque
2213 1327 2246 1357 in
2277 1327 2344 1358 suis

1382 1367 1531 1408 operibus
1561 1366 1744 1399 desiderari.
1774 1367 1844 1399 Iam
1875 1378 1949 1399 vero
1972 1367 2084 1399 infelix
2108 1368 2163 1399 illa
2185 1374 2342 1407 creatura,

1382 1420 1451 1441 sese
1481 1409 1565 1441 ultro
1594 1410 1639 1440 ita
1667 1411 1816 1450 corrupit,
1848 1416 1883 1442 ut
1913 1409 1995 1441 bono
2026 1410 2080 1442 illo
2101 1410 2184 1451 quod
2213 1421 2233 1443 a
2254 1421 2343 1443 crea·

1382 1457 1451 1484 tore
1481 1453 1570 1493 prius
1599 1458 1764 1493 acceperat
1794 1453 1939 1493 spoliata,
1973 1458 2006 1484 et
2039 1453 2146 1494 imago
2176 1453 2215 1485 ad
2246 1464 2343 1495 quam

1382 1495 1471 1526 illam
1501 1500 1670 1527 creaverat
1699 1495 1804 1527 deleta
1825 1496 1877 1536 sit,
1908 1501 1943 1527 ut
1965 1495 2032 1527 sola
2066 1496 2197 1527 rebellio
2221 1497 2344 1537 reliqua

1382 1539 1423 1571 sit
1445 1539 1477 1569 in
1501 1538 1640 1570 homine.
1687 1538 1741 1570 Sic
1767 1549 1864 1579 quum
1896 1539 1940 1569 ita
1964 1537 2044 1570 Saul
2074 1539 2264 1571 immutatus
2285 1545 2343 1577 est,

1383 1588 1417 1613 ut
1440 1581 1502 1612 Dei
1527 1581 1687 1612 voluntati
1711 1592 1773 1612 non
1796 1581 2035 1622 obtemperarit,
2060 1581 2150 1613 Deus
2168 1582 2260 1613 illum
2279 1592 2344 1614 ase

1383 1624 1472 1656 reiici
1495 1623 1650 1655 declarat:
1685 1629 1716 1655 et
1740 1623 1909 1665 indignum
1934 1634 2002 1656 esse
2025 1623 2080 1664 qui
2103 1624 2135 1655 in
2159 1624 2344 1657 hominibus

1383 1672 1561 1704 censeatur,
1584 1667 1638 1707 qui
1662 1665 1732 1698 Deo
1756 1666 1907 1698 reluctari
1931 1677 2026 1698 ausus
2050 1667 2100 1698 sit.
2132 1667 2246 1708 Neque
2269 1677 2345 1700 vero

1383 1715 1553 1751 propterea
1576 1709 1752 1741 dixerimus
1765 1709 1872 1741 Deum
1895 1715 1970 1740 ante
1992 1710 2073 1741 iacta
2096 1710 2208 1742 mundi
2231 1709 2345 1742 funda-

1383 1759 1492 1784 menta
1517 1752 1644 1793 singula
1668 1762 1731 1783 non
1755 1751 1953 1793 praevidisse
1977 1757 2106 1783 aeterno
2126 1763 2184 1785 suo
2196 1753 2345 1785 consilio:

1383 1795 1498 1827 deinde
1521 1795 1688 1835 poenitere
1711 1796 1815 1835 ipsum
1839 1794 1924 1835 quod
1948 1800 2067 1826 temere
2086 1795 2346 1845 etincogitanter

1384 1838 1477 1870 talem
1513 1837 1678 1869 hominem
1712 1838 1830 1869 fecerit.
1896 1836 1963 1869 Sed
1996 1837 2121 1869 ratione
2154 1839 2344 1870 mutationis

1355 1912 1357 1920 ‚
1382 1881 1469 1913 illius
1493 1880 1581 1912 Deus
1613 1880 1765 1921 loquitur,
1796 1890 1878 1920 quae
1907 1880 2073 1912 hominum
2097 1881 2220 1913 malitia
2243 1885 2276 1912 et
2298 1881 2344 1912 in-

1383 1922 1579 1971 gratitudine
1613 1923 1744 1961 accidit,
1781 1928 1816 1954 ut
1849 1933 1905 1963 pro
1939 1933 1976 1954 eo
2012 1922 2097 1963 quod
2130 1929 2227 1955 antea
2254 1923 2344 1955 Deus

1382 1967 1538 1999 creaturis
1567 1966 1635 1998 suis
1665 1965 1882 1997 delectabatur
1912 1971 1944 1997 et
1974 1965 2171 2006 voluptatem
2207 1976 2247 1997 ex
2279 1966 2344 1998 illis

1355 2023 1357 2046 ς
1382 2009 1536 2058 capiebat,
1560 2009 1624 2040 iam
1643 2008 1772 2040 easdem
1795 2007 1966 2040 abhorrere
1989 2013 2022 2040 et
2045 2008 2194 2040 detestari
2213 2013 2344 2050 propter

1382 2053 1545 2084 invectum
1570 2051 1683 2083 vitium
1707 2058 1847 2092 cogatur.
1894 2050 1985 2090 Quae
2003 2061 2081 2083 sane
2104 2061 2253 2092 magnam
2277 2051 2343 2083 vim

1383 2095 1423 2126 ad
1453 2105 1511 2126 nos
1541 2104 1648 2127 coram
1673 2094 1742 2125 Deo
1777 2093 1970 2126 deiiciendos
1994 2100 2025 2125 et
2048 2092 2263 2126 humiliandos
2285 2093 2342 2126 ha·

1384 2138 1456 2169 berc
1491 2137 1624 2169 debent:
1666 2136 1935 2177 quemadmodum
1971 2147 2070 2178 quum
2104 2136 2157 2168 hic
2196 2135 2343 2168 audimus

1383 2180 1490 2212 Deum
1514 2180 1673 2212 dicentem
1697 2190 1731 2211 se
1754 2180 1917 2220 poenitere
1940 2179 2023 2220 quod
2045 2179 2249 2211 constituerit
2261 2179 2344 2211 Sau-

1384 2223 1444 2254 lem
1470 2223 1503 2253 in
1527 2233 1652 2263 regem:
1677 2233 1784 2253 annon
1808 2222 1882 2253 inde
1902 2232 2051 2264 magnam
2072 2222 2270 2254 occasionem
2290 2221 2344 2254 ha-

1384 2266 1494 2297 bemus
1525 2275 1640 2306 pravas
1671 2270 1796 2296 nostras
1827 2264 2017 2305 cupiditates
2039 2263 2187 2296 adductis
2209 2264 2344 2296 habenis

1383 2308 1560 2347 coercendi,
1583 2315 1618 2339 ut
1641 2309 1673 2339 in
1697 2308 1811 2339 timore
1834 2312 1866 2338 et
1883 2307 2097 2340 sollicitudine
2116 2306 2342 2339 ambulemus?

1357 2347 1359 2358 ⁴
1385 2351 1478 2382 Dona
1498 2350 1626 2391 quidem
1651 2350 1720 2389 Dei,
1755 2356 1789 2382 ut
1812 2350 1857 2382 ait
1880 2350 2010 2387 Paulus,
2045 2355 2120 2381 sunt
2143 2350 2212 2382 sine
2235 2349 2343 2390 poeni-

1357 2389 1359 2438 ]
1386 2395 1494 2431 tentia,
1518 2393 1573 2425 sed
1598 2393 1636 2425 de
1659 2393 1815 2426 electione
1838 2393 1977 2434 gratuita
1999 2392 2149 2433 loquitur,
2181 2402 2280 2433 quum
2299 2392 2344 2424 ait

1385 2436 1518 2467 electum
1545 2437 1643 2468 fuisse
1666 2446 1683 2466 a
1707 2435 1776 2467 Deo
1805 2435 1956 2476 populum
1981 2435 2187 2467 israeliticum
2212 2436 2244 2466 in
2268 2434 2343 2466 hae-

1386 2478 1569 2517 reditatem,
1607 2480 1659 2519 qui
1699 2484 1806 2510 tamen
1844 2478 2044 2510 contumacia
2083 2488 2141 2510 sua
2180 2477 2344 2515 exciderit,

1385 2527 1414 2551 ct
1439 2522 1636 2553 reiectaneus
1658 2521 1764 2552 factus
1786 2521 1836 2552 sit.
1883 2521 1953 2552 Etsi
1985 2531 2097 2552 verum
2128 2520 2225 2551 etiam
2256 2519 2344 2552 istud

1386 2570 1447 2602 est,
1478 2564 1646 2595 hominum
1681 2563 1834 2595 malitiam
1874 2574 1934 2595 non
1971 2568 2097 2594 tantum
2136 2573 2227 2603 posse
2260 2560 2344 2602 apud

1358 2606 1359 2645 1
1386 2605 1500 2643 Deum,
1531 2607 1607 2647 quin
1641 2607 1701 2638 sibi
1736 2616 1861 2646 semper
1893 2605 2020 2646 aliquod
2052 2616 2162 2637 semen
2191 2609 2341 2636 reservet.

374 2649 561 2680 nominatim
584 2654 752 2690 postquam
777 2649 866 2682 Deus
889 2649 1044 2682 mundum
1068 2649 1269 2689 condidisset,
1301 2655 1333 2682 et
1357 2653 1360 2673 ι
1386 2648 1498 2689 Neque
1522 2650 1604 2680 enim
1630 2659 1770 2690 unquam
1796 2659 1907 2689 passus
1930 2653 1976 2680 est
2001 2649 2045 2680 ita
2068 2657 2158 2681 suam
2177 2647 2342 2680 ecclesiam
