2551 3044
331 195 391 226 711
1174 195 1374 228 HOMILIA
1400 196 1487 228 CVI.
2258 200 2317 230 :12

334 299 432 330 quum
458 289 576 327 potitus
599 293 683 320 esset
705 288 850 325 victoria,
873 289 906 320 in
931 290 1118 321 memoriam
1132 290 1299 322 revocavit
1325 306 1327 325 ;

333 332 505 372 angustias
535 331 608 362 illas
638 332 670 361 in
701 331 817 371 quibus
847 331 903 363 diu
935 342 1082 364 versatus
1115 333 1238 371 fuerat,
1267 340 1299 364 et

336 384 432 414 quam
457 373 659 404 familiariter
682 380 713 404 et
738 373 913 406 honorifice
941 376 980 406 ab
1011 375 1123 407 amieis
1145 383 1299 415 exceptus

336 417 467 447 fuisset:
499 416 635 456 ideoque
663 417 854 447 nominatim
878 418 1082 457 exprimitur,
1113 421 1140 449 et
1160 418 1300 450 omnibus

336 459 411 490 locis
432 469 491 498 quo
507 458 698 490 habitaverat
715 458 833 495 David,
861 460 927 499 ipse
941 470 1009 491 cum
1025 460 1201 492 hominibus
1219 462 1296 492 savis.

336 502 389 532 Ex
418 512 481 541 quo
512 502 717 532 manifestum
747 510 796 533 est
820 502 958 534 Davidis
981 504 1169 542 patientiam
1201 504 1300 534 variis

337 543 441 574 modis
463 544 673 575 exercitatam
698 551 730 575 ct
752 545 955 584 exploratam
977 546 1088 577 fuisse:
1113 554 1209 586 atque
1222 547 1300 577 adeo

336 586 433 626 longe
456 586 549 626 plura
570 597 701 626 passum
722 598 817 627 quum
837 589 955 619 animis
977 589 1299 629 comprehendamus.

337 631 386 660 Ac
408 640 486 660 sane
508 630 591 670 grati
623 631 722 660 animi
755 631 935 662 testificatio
965 632 1034 664 fuit.
1065 642 1164 672 quum
1189 632 1300 663 amicis

337 678 463 712 partem
495 672 632 712 praedae
661 672 834 706 distribuit.
864 684 1001 713 quorum
1033 675 1188 706 beneficia.
1211 675 1242 705 in
1266 684 1300 704 se

336 715 492 746 memoria
516 716 688 754 repetebat.
714 714 820 754 Quam
845 717 966 748 multos
987 725 1100 749 contra
1120 718 1228 748 videas
1251 718 1299 748 in—

338 765 457 798 gratos,
487 758 541 797 qui
565 757 661 788 rebus
686 760 716 788 in
749 759 896 791 adversis
918 759 958 791 ab
986 760 1097 792 amicis
1120 760 1245 800 excepti
1270 768 1300 790 et

337 800 448 836 adiuti,
473 801 499 830 si
519 800 668 831 secundis
687 802 786 832 rebus
806 801 922 834 deinde
941 803 1100 839 fruantur,
1121 804 1301 834 exstinctos

337 844 469 882 cupiant
492 853 546 873 eos
570 854 587 873 a
611 843 728 882 quibus
752 844 916 877 benefieiis
939 846 1046 877 affecti
1070 855 1157 883 sunt,
1180 852 1216 876 ut
1239 845 1298 885 ipsi

338 885 480 916 nubibus
503 886 613 925 geniti.
644 893 676 917 et
704 887 801 918 nullis
831 898 890 927 ope
920 895 952 919 et
981 889 1105 920 auxilio
1131 888 1302 919 videantur

336 928 507 968 indigere?
540 929 647 959 David
677 940 752 960 vero
774 929 871 970 longe
895 931 989 962 aliter
1012 942 1046 962 se
1068 932 1176 971 gessit,
1206 941 1299 970 quem

335 981 400 1002 non
415 971 527 1011 puduit
547 972 639 1002 fateri
657 983 693 1003 se
711 973 849 1004 aliorum
862 984 921 1014 ope
934 980 966 1005 et
979 974 1099 1005 auxilio
1116 974 1299 1013 indiguisse,

335 1022 368 1044 et
391 1014 424 1044 in
449 1015 597 1054 angustis
621 1014 718 1046 rebus
740 1027 773 1047 se
796 1017 835 1046 ab
865 1016 930 1047 illis
952 1017 1098 1048 adiutum
1123 1017 1240 1047 fuisse:
1269 1022 1299 1046 et

336 1057 407 1088 Deo
436 1058 558 1097 gratias
588 1067 688 1096 agens
720 1058 759 1089 de
790 1061 928 1099 acceptis
966 1060 1004 1091 ab
1031 1061 1099 1098 ipso
1131 1059 1300 1096 beneficiis,

335 1100 525 1130 nominatim
557 1111 678 1131 amieos
708 1101 768 1132 sibi
793 1102 833 1133 ab
864 1103 932 1141 ipso
962 1104 1132 1133 suscitatos
1161 1112 1299 1133 comme-

335 1150 449 1173 morat.
495 1142 591 1174 Hanc
621 1143 720 1182 igitur
747 1144 847 1175 animi
879 1145 1112 1185 gratitudinem
1138 1155 1200 1175 non
1225 1145 1302 1176 solis

336 1185 451 1221 verbis,
483 1185 538 1216 sed
561 1186 750 1217 muneribus
773 1189 870 1218 etiam
900 1189 1011 1219 testari
1034 1188 1146 1224 voluit,
1178 1195 1299 1227 partem

335 1228 511 1268 spoliorum
536 1238 618 1268 quae
641 1227 733 1260 Deus
764 1231 823 1269 ipsi
851 1230 983 1261 dederat
1006 1231 1117 1262 amicis
1148 1231 1299 1270 largitus:

336 1280 473 1310 quorum
497 1281 557 1311 ope
580 1278 612 1302 et
635 1273 744 1302 favore
775 1273 808 1302 in
839 1274 1000 1313 angustiis
1023 1273 1211 1304 sublevatus
1234 1274 1300 1304 fue·

335 1319 396 1344 rat.
421 1314 487 1345 Nos
511 1314 673 1345 discamus
697 1325 763 1345 non
783 1315 903 1355 ingrati
928 1327 996 1347 esse
1015 1317 1046 1346 in
1068 1326 1122 1347 cos
1140 1317 1193 1355 qui
1206 1316 1301 1347 rebus

336 1356 469 1388 incertis
491 1363 523 1388 et
545 1357 672 1388 afflictis
705 1357 796 1389 nobis
819 1369 911 1398 opem
942 1360 1090 1390 tulerunt
1112 1367 1144 1389 et
1166 1359 1232 1390 suis
1255 1359 1300 1389 fa·

334 1398 510 1431 cultatibus
533 1400 738 1435 adiuverunt,
769 1411 866 1440 quum
899 1402 1049 1434 secundis
1079 1408 1112 1433 et
1139 1401 1301 1442 prosperis

334 1441 431 1473 rebus
451 1443 496 1473 uti
510 1453 568 1473 nos
587 1442 676 1473 Deus
696 1443 841 1474 voluerit.
866 1444 992 1475 Deinde
1005 1444 1142 1475 Davidis
1155 1445 1300 1475 afflictio—

335 1495 394 1515 nes
419 1492 449 1515 et
474 1486 580 1515 varios
611 1495 736 1516 errores
767 1486 1015 1522 consideremus,
1047 1495 1082 1518 ut
1112 1487 1299 1527 patientiam

336 1526 500 1558 discamus
530 1538 629 1567 quum
667 1528 838 1568 explorare
870 1530 960 1561 Deus
988 1541 1045 1561 nos
1077 1530 1226 1569 voluerit,
1257 1530 1301 1561 sie

337 1577 373 1601 ut
403 1570 434 1601 in
468 1571 563 1601 terris
590 1570 679 1601 nulla
704 1572 804 1610 quiete,
835 1573 960 1603 nullum
997 1574 1109 1611 otium,
1139 1581 1194 1604 aut
1212 1579 1299 1604 tran-

335 1612 480 1652 quillitas
502 1620 665 1653 appareat,
694 1613 749 1644 sed
774 1614 850 1645 hinc
872 1615 946 1646 inde
970 1617 1068 1647 variis
1089 1616 1195 1647 affecti
1219 1616 1300 1647 cala-

337 1655 504 1686 mitatibus
533 1655 605 1687 odio
635 1656 821 1694 habeamur,
851 1659 991 1690 sciamus
1022 1666 1129 1689 tamen
1153 1669 1211 1689 nos
1235 1668 1300 1689 non

338 1697 488 1729 accedere
511 1698 550 1729 ad
574 1700 780 1730 centesimam
805 1711 916 1731 earum
942 1701 1150 1733 afflictionum
1175 1707 1299 1741 partem

337 1751 417 1780 quas
445 1740 552 1772 David
579 1742 736 1773 toleravit.
782 1742 921 1783 Ideoque
950 1746 1035 1776 vires
1068 1755 1087 1775 a
1110 1744 1180 1775 Deo
1209 1744 1301 1775 nobis

339 1784 444 1814 suffici
468 1783 657 1815 ardentibus
680 1785 762 1816 votis
786 1787 910 1825 precari
934 1787 1097 1824 debemus,
1123 1794 1156 1817 ut
1180 1787 1302 1827 patien-

338 1826 415 1857 tiam
445 1837 481 1857 ac
511 1829 785 1866 perseverantiam
812 1834 939 1860 tantum
969 1830 1141 1870 largiatur,
1173 1837 1208 1861 ut
1237 1840 1299 1860 non

337 1875 464 1900 tantum
489 1870 528 1900 ad
552 1881 673 1901 annum
705 1881 806 1901 unum
837 1877 893 1902 aut
922 1872 1059 1904 alterum
1085 1883 1216 1911 annum,
1246 1871 1300 1903 sed

337 1912 376 1942 ad
402 1912 497 1943 finem
523 1923 623 1952 usque
646 1914 733 1944 vitae
755 1924 851 1953 quam
876 1915 972 1956 longa
999 1917 1095 1946 fuerit
1118 1925 1301 1955 persevere-

339 1964 427 1986 mus:
450 1962 706 1995 etquaecunque
729 1956 919 1989 afflictiones
937 1959 1091 1998 ingruant
1104 1958 1165 1989 Dei
1189 1958 1301 1989 volun-

341 1999 400 2028 tati
414 2008 473 2029 nos
490 1998 649 2030 subiicere
668 2010 708 2030 ne
726 2000 933 2040 refugiamus.
958 2002 1129 2033 Caeterum
1149 2001 1175 2032 si
1195 2000 1302 2032 David

339 2051 358 2071 a
382 2040 571 2072 mortalibus
595 2049 797 2081 acceptorum
828 2043 1055 2075 beneficiorum
1079 2054 1202 2074 memor
1230 2043 1302 2082 fuit,

338 2090 369 2114 et
393 2085 528 2124 gratiam
555 2084 682 2115 retulit:
705 2095 784 2124 quas
797 2085 868 2116 Deo
887 2088 1006 2127 gratias
1025 2096 1121 2126 agere
1140 2087 1303 2125 debemus,

336 2137 354 2157 a
377 2136 440 2166 quo
463 2137 526 2157 non
550 2128 648 2158 semel
674 2133 800 2158 tantum
829 2136 884 2159 aut
909 2130 1027 2160 iterum
1058 2130 1216 2164 iuvamur,
1247 2127 1302 2159 sed

338 2180 356 2200 a
380 2179 443 2209 quo
468 2169 568 2200 vitam
600 2170 703 2209 ipsam
735 2171 925 2210 accepimus,
956 2179 987 2203 et
1009 2184 1028 2203 a
1051 2182 1114 2211 quo
1144 2183 1183 2203 ex
1214 2171 1302 2202 mille

338 2211 489 2252 periculis
512 2212 597 2243 eruti
620 2223 741 2248 sumus.
770 2219 803 2244 et
825 2225 843 2245 a
867 2224 929 2254 quo
954 2222 999 2245 tot
1023 2221 1175 2253 tantaque
1198 2214 1301 2253 quoti-

338 2254 388 2285 die
413 2254 567 2286 beneficia
590 2257 780 2295 accepimus,
807 2263 841 2287 ut
863 2267 974 2288 eorum
995 2267 1149 2289 numerus
1169 2257 1301 2296 capillos

338 2298 438 2328 nostri
463 2298 578 2337 eapitis
601 2298 696 2338 longe
720 2307 860 2339 superet,
890 2308 926 2330 ut
955 2300 1111 2340 propheta
1136 2299 1300 2339 loquitur?

338 2340 447 2378 Quare
467 2340 528 2371 Dei
554 2351 670 2372 nomen
696 2341 810 2373 debitis
831 2342 979 2374 laudibus
1005 2342 1212 2379 celebremus,
1234 2342 1301 2373 sive

337 2383 487 2414 secundis
507 2383 576 2414 sive
595 2384 740 2415 adversis
760 2385 854 2416 rebus
876 2392 1020 2416 utamur:
1044 2391 1076 2417 et
1093 2395 1302 2425 quaecunque

338 2426 422 2457 bona
445 2426 536 2456 nubis
560 2428 764 2466 contigerint,
794 2428 823 2458 ei
846 2428 907 2459 soli
931 2435 1061 2468 accepta
1089 2429 1240 2464 feramus,
1270 2434 1302 2459 et

335 2469 371 2499 in
395 2469 464 2499 eius
488 2469 626 2500 nominis
648 2469 864 2501 celebratione
887 2481 1140 2510 perseveremus.

423 2511 493 2542 Iam
521 2522 595 2541 vero
619 2513 713 2551 agite,
737 2516 790 2543 etc.

1649 289 1893 332 HOMlmA
1921 292 2021 332 CVI-

1706 358 1804 391 eAP.
1829 358 1962 391 xxxl.

1440 461 1466 491 1.
1491 459 1666 492 Philistiim
1688 465 1790 493 autem
1814 461 1999 502 paqnabant
2021 463 2189 494 adversum
2211 463 2318 495 Israe-

1354 503 1427 534 lem.-
1454 506 1480 534 et
1500 504 1649 543 fuyerunt
1674 505 1738 535 viri
1762 504 1864 536 Israel
1895 508 1964 535 ante
1990 506 2102 544 fizciem
2134 506 2317 544 Phili-stam,

1353 549 1379 576 ct
1401 546 1571 577 ceciderunt
1595 547 1741 586 interfecti
1764 548 1798 578 in
1816 551 1915 578 monte
1931 547 2051 579 (r'elboe.
2083 548 2112 580 2.
2138 548 2317 580 Irruerant-

1326 602 1327 608 ¹
1353 598 1410 627 (μω
1433 588 1608 620 Philistum
1632 590 1665 620 in
1691 590 1778 629 Saul,
1806 593 1831 621 et
1862 591 1893 621 in
1922 590 2005 629 filios
2033 592 2110 629 eius,
2141 594 2167 622 et
2190 601 2318 632 percus·

1326 646 1328 664 :
1355 634 1518 662 cusserunt
1548 631 1702 663 Ionathan
1729 636 1757 664 et
1782 633 1949 664 Abinadab
1976 636 2003 664 et
2031 633 2208 666 Melchisua
2233 635 2318 674 filios

1355 673 1444 711 Saul,
1469 677 1496 705 3.
1520 674 1687 714 Totumque
1699 675 1825 715 pondus
1841 676 1962 715 praelii
1980 686 2103 707 versum
2119 680 2163 708 est
2180 678 2215 708 in
2229 677 2317 716 Saul,

1354 720 1380 747 et
1401 718 1578 756 consequuli
1605 720 1676 748 sum
1701 728 1771 750 eum
1792 719 1854 749 viri
1883 719 2053 758 sayittarii,
2084 722 2110 750 et
2138 719 2318 752 vedroerattw

1354 762 1396 790 est
1417 760 1604 790 vehementer
1625 771 1646 791 α
1667 761 1852 800 sayittariis.
1882 762 1910 792 4.
1935 761 2088 801 Dixitque
2100 761 2180 794 Saul
2201 763 2242 794 ad
2265 774 2316 794 ar-

1354 803 1505 842 miyerum
1532 813 1641 833 suam:
1670 802 1814 843 Evagyaerm
1841 804 1983 843 =qladium
2012 809 2114 843 tuum,
2142 808 2169 836 et
2193 809 2318 844 percute

1354 855 1417 875 me:
1447 856 1484 876 ne
1504 846 1582 884 forte
1603 847 1728 877 veniant
1759 847 1966 878 incircumcisi
1995 848 2057 887 isti,
2087 851 2113 878 et
2138 848 2318 887 interficiant

1354 898 1410 923 me,
1433 887 1595 919 illudentes
1616 888 1712 919 milti.-
1741 889 1782 920 Et
1812 890 1908 920 noluit
1937 890 2073 930 armiyer
2102 891 2186 922 eius:
2215 892 2319 930 tuerat

1354 931 1434 961 enim
1457 931 1554 962 nimie
1576 934 1690 962 terrore
1715 933 1916 971 perterritus:
1945 934 2083 972 arripuit
2112 935 2215 973 itaque
2239 933 2319 965 Saul

1351 973 1506 1013 yladium,
1529 977 1555 1005 el
1575 974 1672 1004 irruit
1696 984 1789 1014 super
1806 985 1885 1006 eum.
1919 976 1948 1006 5.
1976 976 2060 1014 Quod
2079 986 2174 1015 quum
2193 977 2319 1008 vidisset

1355 1017 1491 1055 armiqer
1513 1018 1590 1054 eius,
1612 1016 1750 1048 videlicet
1771 1019 1851 1057 quod
1870 1021 2011 1049 mort-uus
2022 1022 2097 1050 esset
2111 1018 2198 1058 Saul,
2221 1019 2318 1050 irruit

1354 1059 1447 1090 etiam
1468 1060 1535 1098 ipse
1556 1069 1650 1098 super
1669 1058 1812 1100 yladium
1833 1071 1934 1097 suum,
1957 1064 2001 1092 est
2023 1065 2162 1093 mortuus
2184 1066 2226 1093 est
2248 1072 2318 1093 cum

1353 1112 1396 1133 eo.
1436 1102 1464 1133 6.
1496 1101 1640 1133 Mortuus
1672 1105 1715 1133 est
1737 1113 1809 1143 erqo
1833 1103 1926 1142 Saul,
1956 1107 1984 1134 ec
2005 1107 2067 1135 tres
2084 1104 2146 1143 filii
2177 1106 2261 1138 eius,
2291 1107 2318 1136 et

1353 1145 1490 1185 armiyer
1513 1145 1611 1182 illius,
1633 1147 1660 1176 et
1674 1145 1815 1177 universi
1827 1146 1891 1177 viri
1903 1147 1970 1177 eius
1992 1147 2024 1178 iu
2048 1147 2098 1178 die
2114 1146 2309 1187 illapariter.

1440 1230 1573 1262 Saulem
1587 1230 1676 1261 Deus
1695 1231 1856 1269 patienter
1875 1231 1930 1262 diu
1950 1231 2151 1265 toleraverat.
2174 1232 2230 1264 sed
2241 1242 2317 1264 eum

1354 1273 1483 1304 tandem
1498 1273 1608 1304 divino
1630 1273 1749 1304 iudicio
1769 1275 1902 1306 meritas
1922 1285 2040 1315 poenas
2053 1275 2195 1314 oportuit
2217 1275 2316 1312 luere,

1354 1317 1414 1348 etsi
1428 1315 1600 1347 videbatur
1623 1315 1684 1346 sibi
1707 1317 1913 1356 iniquitatum
1933 1318 2161 1357 impunitatem
2185 1325 2317 1358 propter

1355 1359 1543 1390 diuturnam
1569 1359 1629 1390 Dei
1653 1359 1844 1398 patientiam
1868 1359 2020 1400 polliceri,
2044 1359 2197 1400 quamdiu
2209 1360 2316 1392 David

1355 1403 1453 1433 variis
1488 1401 1717 1433 afflictionibus
1757 1403 1983 1440 exercebatur,
2025 1410 2057 1434 et
2090 1404 2192 1443 ipsius
2224 1402 2317 1434 Deus

1354 1445 1472 1476 oblitus
1498 1445 1673 1476 videbatur.
1704 1443 1770 1476 Sed
1793 1455 1828 1475 re
1850 1446 1921 1485 ipsa
1939 1445 2029 1477 Deus
2053 1446 2200 1486 patefecit
2222 1456 2315 1478 suam

1353 1488 1546 1528 patientiam
1577 1497 1639 1518 non
1672 1487 1785 1518 tollere
1807 1497 1938 1527 poenas,
1970 1499 2051 1528 quae
2075 1497 2201 1520 tantum
2225 1488 2316 1519 diffe-

1353 1539 1480 1568 runtur,
1511 1537 1543 1562 et
1565 1530 1697 1571 gravius
1719 1529 1836 1561 deinde
1865 1538 2122 1571 compensantur.
2163 1531 2220 1563 sic
2242 1542 2315 1572 gra-

1355 1575 1424 1605 vior
1447 1575 1508 1605 fuit
1531 1574 1641 1605 Saulis
1670 1573 1908 1611 condemnatio,
1939 1584 2002 1614 quo
2025 1574 2152 1614 longior
2173 1574 2236 1605 Dei
2261 1585 2315 1613 pa-

1354 1618 1482 1648 tientia:
1523 1624 1554 1648 et
1584 1615 1692 1647 David
1724 1615 1853 1646 tandem
1883 1617 1921 1647 ad
1952 1617 2145 1656 promissum
2179 1627 2315 1658 regnum

1354 1666 1427 1700 post
1439 1660 1625 1691 diuturnam
1637 1658 1893 1698 explorationem
1906 1661 2064 1699 pervenit,
2082 1667 2113 1691 et
2124 1669 2198 1699 spes
2209 1661 2316 1700 ipsum

1355 1713 1418 1734 non
1442 1711 1490 1734 est
1514 1703 1677 1737 frustrata,
1700 1711 1800 1741 eoque
1823 1701 1884 1732 fuit
1908 1703 2010 1742 ipsius
2028 1703 2185 1743 insignior
2203 1702 2316 1743 gloria,

1355 1756 1419 1786 quo
1442 1745 1545 1777 maior
1568 1745 1706 1776 tentatio
1738 1745 1853 1775 fuerat.
1895 1745 1960 1776 Sed
1984 1752 2157 1786 antequam
2180 1745 2316 1776 ulterius

1355 1788 1614 1829 progrediamur,
1650 1786 1888 1818 observandum
1927 1787 2081 1820 historiae
2110 1789 2226 1820 seriem
2264 1788 2316 1818 hio

1356 1842 1420 1863 non
1444 1832 1576 1862 omnino
1599 1830 1731 1866 servari,
1755 1830 1839 1869 quod
1862 1830 1947 1870 apud
1970 1831 2140 1863 Hebraeos
2160 1831 2315 1863 usitatum

1355 1875 1398 1906 sit
1419 1886 1500 1914 quae
1525 1874 1613 1914 prius
1637 1873 1822 1904 acciderunt
1851 1874 2027 1913 posteriore
2051 1874 2120 1906 loco
2137 1883 2315 1911 recensere,

1355 1926 1386 1948 et
1409 1924 1530 1949 contra.
1555 1917 1605 1947 Ita
1619 1916 1755 1947 vidimus
1768 1914 1900 1947 Saulem
1919 1926 2018 1956 quum
2038 1918 2214 1948 veneficam
2226 1915 2316 1947 illam

1355 1961 1394 1991 de
1422 1960 1496 1992 belli
1524 1966 1642 1991 eventu
1671 1958 1900 1995 consuluisset,
1935 1970 2124 1999 responsum
2155 1960 2315 1998 accepisse

1354 2004 1420 2034 fore
1443 2010 1479 2034 ut
1501 2003 1640 2035 erastino
1652 2001 1702 2032 die
1714 2009 1907 2032 moreretur:
1932 2002 2048 2033 deinde
2067 2002 2164 2034 fuisse
2177 2001 2314 2032 Davidts

1355 2046 1505 2077 iniectam
1536 2045 1743 2081 mentionem,
1770 2044 1928 2084 quomodo
1951 2045 1993 2076 sit
2022 2055 2040 2076 a
2062 2044 2314 2076 Philistaeorum

1355 2099 1430 2129 rege
1453 2088 1586 2125 divisus,
1611 2097 1642 2119 et-
1665 2086 1824 2127 quomodo
1844 2098 1991 2118 reversus
2004 2087 2132 2128 Ziceleg
2154 2088 2265 2118 urbem
2279 2087 2312 2117 in

1355 2142 1417 2170 qua
1448 2131 1651 2162 habitaverat
1683 2131 1758 2169 igne
1785 2136 1959 2161 crematam
1988 2130 2158 2166 invenerit,
2194 2135 2227 2161 et
2256 2130 2312 2160 ab·

1355 2174 1466 2205 ductas
1485 2184 1601 2205 uxores
1613 2183 1688 2205 suas
1700 2179 1732 2203 et
1750 2182 1883 2204 suorum
1896 2182 1969 2204 eum
1985 2172 2209 2204 facultatibus:
2232 2181 2313 2211 quae

1355 2226 1431 2248 sane
1441 2216 1549 2247 omnia
1564 2227 1631 2247 non
1649 2225 1713 2246 uno
1721 2215 1772 2246 die
1780 2215 1994 2255 contigerunt.
2004 2215 2117 2254 ltaque
2126 2215 2313 2252 notandum,

1353 2270 1433 2298 quae
1447 2260 1485 2290 de
1499 2258 1625 2290 Davide
1648 2264 1824 2289 narrantur
1839 2257 1934 2297 paulo
1958 2263 2033 2288 ante
2047 2258 2157 2289 Saulis
2174 2265 2312 2289 mortem

1353 2302 1451 2332 fuisse
1475 2302 1651 2332 narrationi
1673 2301 1803 2339 inserta,
1835 2310 1916 2339 quae
1939 2307 2048 2331 tamen
2071 2305 2314 2341 praecesserant

1354 2344 1474 2375 fact-um
1498 2344 1578 2375 illud
1602 2344 1710 2376 Saulis
1740 2353 1839 2382 quum
1864 2342 2095 2382 Pythonissam
2126 2343 2215 2375 illam
2237 2353 2312 2375 eon-

1354 2387 1451 2417 suluit
1487 2387 1582 2418 rebus
1616 2386 1817 2426 deplorat-is.v
1851 2384 1998 2425 Simplex
2035 2387 2134 2424 igitur
2170 2387 2313 2417 narratio

1354 2429 1476 2465 fuisset,
1507 2430 1533 2460 si
1556 2429 1727 2461 Philistaei
1759 2428 1943 2460 dicerentur
1973 2430 2005 2458 in
2030 2436 2149 2460 terram
2180 2429 2312 2460 Israelis

1355 2471 1504 2503 irruisse:
1528 2479 1560 2503 et
1573 2473 1706 2504 Saulem
1728 2470 1767 2502 ad
1791 2471 1994 2511 repellendos
2014 2472 2122 2503 hostes
2134 2472 2311 2503 exercitum

1354 2524 1560 2546 convocasse:
1599 2514 1712 2546 deinde
1742 2524 1842 2553 quum
1878 2513 2043 2545 accederet
2071 2514 2111 2546 ad
2141 2514 2248 2547 locum
2277 2515 2312 2545 in

1355 2567 1416 2595 que
1440 2558 1595 2596 praelium
1620 2557 1686 2588 fore
1710 2556 1887 2595 videbatur,
1910 2557 2036 2588 invidia
2046 2564 2221 2589 commotos
2232 2557 2311 2588 Phi-

1355 2599 1483 2631 listaeos
1507 2600 1661 2632 adversus
1672 2598 1841 2635 Davidem.
1863 2599 2000 2631 voluisse
2021 2605 2056 2631 ut
2074 2610 2092 2631 a
2110 2610 2186 2641 rege
2204 2601 2310 2631 dimit-

1356 2647 1478 2672 teretur
1507 2651 1677 2682 antequam
1709 2642 1839 2682 propius
1869 2653 1940 2674 cum
1971 2642 2116 2674 hostibus
2137 2643 2311 2684 congrede-
