<?xml version="1.0" encoding="UTF-8"?>
<!DOCTYPE html PUBLIC "-//W3C//DTD XHTML 1.0 Transitional//EN"
    "http://www.w3.org/TR/xhtml1/DTD/xhtml1-transitional.dtd">
<html xmlns="http://www.w3.org/1999/xhtml" xml:lang="en" lang="en">
 <head>
  <title>
</title>
<meta http-equiv="Content-Type" content="text/html;charset=utf-8" />
  <meta name='ocr-system' content='tesseract 3.04.00' />
  <meta name='ocr-capabilities' content='ocr_page ocr_carea ocr_par ocr_line ocrx_word'/>
</head>
<body>
  <div class='ocr_page' id='page_1' title='image "./ioanniscalviniop30calv_0236.png"; bbox 0 0 2551 3044; ppageno 0'>
   <div class='ocr_carea' id='block_1_1' title="bbox 416 229 475 259">
    <p class='ocr_par' dir='ltr' id='par_1_1' title="bbox 416 229 475 259">
     <span class='ocr_line' id='line_1_1' title="bbox 416 229 475 259; baseline -0.017 0"><span class='ocrx_word' id='word_1_1' title='bbox 416 229 475 259; x_wconf 79' lang='lat'>451</span> 
     </span>
    </p>
   </div>
   <div class='ocr_carea' id='block_1_2' title="bbox 1196 218 1604 252">
    <p class='ocr_par' dir='ltr' id='par_1_2' title="bbox 1196 218 1604 252">
     <span class='ocr_line' id='line_1_2' title="bbox 1196 218 1604 252; baseline -0.012 0"><span class='ocrx_word' id='word_1_2' title='bbox 1196 219 1398 252; x_wconf 76' lang='lat' dir='ltr'><strong>HOMILIA</strong></span> <span class='ocrx_word' id='word_1_3' title='bbox 1422 218 1604 250; x_wconf 71' lang='lat' dir='ltr'>Lxxxu.</span> 
     </span>
    </p>
   </div>
   <div class='ocr_carea' id='block_1_3' title="bbox 2335 212 2397 244">
    <p class='ocr_par' dir='ltr' id='par_1_3' title="bbox 2335 212 2397 244">
     <span class='ocr_line' id='line_1_3' title="bbox 2335 212 2397 244; baseline 0 -1"><span class='ocrx_word' id='word_1_4' title='bbox 2335 212 2397 244; x_wconf 79' lang='lat'>452</span> 
     </span>
    </p>
   </div>
   <div class='ocr_carea' id='block_1_4' title="bbox 419 308 2399 363">
    <p class='ocr_par' dir='ltr' id='par_1_4' title="bbox 419 308 2399 363">
     <span class='ocr_line' id='line_1_4' title="bbox 419 308 2399 363; baseline -0.008 -9"><span class='ocrx_word' id='word_1_5' title='bbox 419 331 616 363; x_wconf 86' lang='lat' dir='ltr'>erepturum,</span> <span class='ocrx_word' id='word_1_6' title='bbox 643 328 674 351; x_wconf 92' lang='lat' dir='ltr'>et</span> <span class='ocrx_word' id='word_1_7' title='bbox 695 326 873 350; x_wconf 87' lang='lat' dir='ltr'>momento:</span> <span class='ocrx_word' id='word_1_8' title='bbox 908 327 1006 357; x_wconf 92' lang='lat' dir='ltr'>quum</span> <span class='ocrx_word' id='word_1_9' title='bbox 1032 326 1082 347; x_wconf 92' lang='lat' dir='ltr'>res</span> <span class='ocrx_word' id='word_1_10' title='bbox 1105 314 1381 355; x_wconf 84' lang='lat' dir='ltr'>deploratissimae</span> <span class='ocrx_word' id='word_1_11' title='bbox 1407 329 1409 359; x_wconf 38' lang='grc' dir='ltr'><strong>ξ</strong></span> <span class='ocrx_word' id='word_1_12' title='bbox 1434 321 1562 352; x_wconf 85' lang='lat' dir='ltr'>cunque</span> <span class='ocrx_word' id='word_1_13' title='bbox 1585 311 1617 342; x_wconf 91' lang='lat' dir='ltr'>in</span> <span class='ocrx_word' id='word_1_14' title='bbox 1643 317 1751 341; x_wconf 74' lang='lat' dir='ltr'>nostra</span> <span class='ocrx_word' id='word_1_15' title='bbox 1775 315 1867 341; x_wconf 88' lang='lat' dir='ltr'>erant</span> <span class='ocrx_word' id='word_1_16' title='bbox 1890 316 2056 350; x_wconf 82' lang='lat' dir='ltr'><strong>potestate,</strong></span> <span class='ocrx_word' id='word_1_17' title='bbox 2080 319 2122 340; x_wconf 85' lang='lat' dir='ltr'>ne</span> <span class='ocrx_word' id='word_1_18' title='bbox 2142 315 2248 340; x_wconf 88' lang='lat' dir='ltr'>tamen</span> <span class='ocrx_word' id='word_1_19' title='bbox 2269 319 2288 340; x_wconf 91' lang='lat' dir='ltr'>a</span> <span class='ocrx_word' id='word_1_20' title='bbox 2307 308 2399 340; x_wconf 91' lang='lat' dir='ltr'>nobis</span> 
     </span>
    </p>
   </div>
   <div class='ocr_carea' id='block_1_5' title="bbox 418 359 1385 875">
    <p class='ocr_par' dir='ltr' id='par_1_5' title="bbox 418 359 1385 875">
     <span class='ocr_line' id='line_1_5' title="bbox 422 359 1230 403; baseline -0.011 -7"><span class='ocrx_word' id='word_1_21' title='bbox 422 365 624 402; x_wconf 80' lang='lat' dir='ltr'>videbuntur,</span> <span class='ocrx_word' id='word_1_22' title='bbox 647 362 814 403; x_wconf 81' lang='lat' dir='ltr'>suppetias</span> <span class='ocrx_word' id='word_1_23' title='bbox 837 360 1058 391; x_wconf 87' lang='lat' dir='ltr'>laborantibus</span> <span class='ocrx_word' id='word_1_24' title='bbox 1078 359 1230 389; x_wconf 88' lang='lat' dir='ltr'>laturum.</span> 
     </span>
     <span class='ocr_line' id='line_1_6' title="bbox 504 398 1383 441; baseline -0.01 -3"><span class='ocrx_word' id='word_1_25' title='bbox 504 408 721 438; x_wconf 80' lang='lat' dir='ltr'><strong>Transeamus</strong></span> <span class='ocrx_word' id='word_1_26' title='bbox 744 405 783 435; x_wconf 88' lang='lat' dir='ltr'>ad</span> <span class='ocrx_word' id='word_1_27' title='bbox 808 404 863 434; x_wconf 89' lang='lat' dir='ltr'>illa</span> <span class='ocrx_word' id='word_1_28' title='bbox 883 403 988 437; x_wconf 83' lang='lat' dir='ltr'>verba,</span> <span class='ocrx_word' id='word_1_29' title='bbox 1013 400 1128 441; x_wconf 88' lang='lat' dir='ltr'>quibus</span> <span class='ocrx_word' id='word_1_30' title='bbox 1147 399 1265 430; x_wconf 89' lang='lat' dir='ltr'>dicitur</span> <span class='ocrx_word' id='word_1_31' title='bbox 1284 398 1383 430; x_wconf 83' lang='lat' dir='ltr'>Abia-</span> 
     </span>
     <span class='ocr_line' id='line_1_7' title="bbox 419 442 1382 490; baseline -0.01 -8"><span class='ocrx_word' id='word_1_32' title='bbox 419 451 511 481; x_wconf 90' lang='lat' dir='ltr'>tharo</span> <span class='ocrx_word' id='word_1_33' title='bbox 543 449 679 490; x_wconf 79' lang='lat' dir='ltr'>fugienti</span> <span class='ocrx_word' id='word_1_34' title='bbox 703 446 808 488; x_wconf 83' lang='lat' dir='ltr'><strong>ephod</strong></span> <span class='ocrx_word' id='word_1_35' title='bbox 833 447 864 477; x_wconf 89' lang='lat' dir='ltr'>in</span> <span class='ocrx_word' id='word_1_36' title='bbox 889 444 1040 476; x_wconf 89' lang='lat' dir='ltr'>manibus</span> <span class='ocrx_word' id='word_1_37' title='bbox 1063 443 1180 474; x_wconf 87' lang='lat' dir='ltr'>habere</span> <span class='ocrx_word' id='word_1_38' title='bbox 1199 442 1382 482; x_wconf 78' lang='lat' dir='ltr'>contigisse.</span> 
     </span>
     <span class='ocr_line' id='line_1_8' title="bbox 418 486 1382 533; baseline -0.01 -8"><span class='ocrx_word' id='word_1_39' title='bbox 418 493 481 525; x_wconf 88' lang='lat' dir='ltr'>Hic</span> <span class='ocrx_word' id='word_1_40' title='bbox 511 494 640 533; x_wconf 87' lang='lat' dir='ltr'>fingunt</span> <span class='ocrx_word' id='word_1_41' title='bbox 662 492 806 531; x_wconf 83' lang='lat' dir='ltr'>papistae</span> <span class='ocrx_word' id='word_1_42' title='bbox 831 496 861 520; x_wconf 89' lang='lat' dir='ltr'>et</span> <span class='ocrx_word' id='word_1_43' title='bbox 885 487 1053 522; x_wconf 88' lang='lat' dir='ltr'>increduli,</span> <span class='ocrx_word' id='word_1_44' title='bbox 1090 492 1125 517; x_wconf 86' lang='lat' dir='ltr'>ut</span> <span class='ocrx_word' id='word_1_45' title='bbox 1147 491 1223 516; x_wconf 88' lang='lat' dir='ltr'>sunt</span> <span class='ocrx_word' id='word_1_46' title='bbox 1246 486 1382 516; x_wconf 86' lang='lat' dir='ltr'>miracu-</span> 
     </span>
     <span class='ocr_line' id='line_1_9' title="bbox 419 528 1383 570; baseline -0.01 -3"><span class='ocrx_word' id='word_1_47' title='bbox 419 536 522 567; x_wconf 85' lang='lat' dir='ltr'>lorum</span> <span class='ocrx_word' id='word_1_48' title='bbox 547 534 759 566; x_wconf 75' lang='lat' dir='ltr'>amantissimi</span> <span class='ocrx_word' id='word_1_49' title='bbox 791 538 823 563; x_wconf 92' lang='lat' dir='ltr'>et</span> <span class='ocrx_word' id='word_1_50' title='bbox 846 533 878 562; x_wconf 93' lang='lat' dir='ltr'>in</span> <span class='ocrx_word' id='word_1_51' title='bbox 902 541 939 562; x_wconf 89' lang='lat' dir='ltr'>ea</span> <span class='ocrx_word' id='word_1_52' title='bbox 964 528 1216 570; x_wconf 83' lang='lat' dir='ltr'>propensissimi,</span> <span class='ocrx_word' id='word_1_53' title='bbox 1246 528 1383 558; x_wconf 89' lang='lat' dir='ltr'>miraeu-</span> 
     </span>
     <span class='ocr_line' id='line_1_10' title="bbox 420 571 1383 616; baseline -0.011 -5"><span class='ocrx_word' id='word_1_54' title='bbox 420 579 484 610; x_wconf 87' lang='lat' dir='ltr'>lose</span> <span class='ocrx_word' id='word_1_55' title='bbox 507 578 686 609; x_wconf 86' lang='lat' dir='ltr'>Abiatharo</span> <span class='ocrx_word' id='word_1_56' title='bbox 710 575 845 616; x_wconf 83' lang='lat' dir='ltr'>fugienti</span> <span class='ocrx_word' id='word_1_57' title='bbox 871 573 976 604; x_wconf 87' lang='lat' dir='ltr'>Deum</span> <span class='ocrx_word' id='word_1_58' title='bbox 1001 571 1106 612; x_wconf 87' lang='lat' dir='ltr'><strong>ephod</strong></span> <span class='ocrx_word' id='word_1_59' title='bbox 1130 571 1161 602; x_wconf 90' lang='lat' dir='ltr'>in</span> <span class='ocrx_word' id='word_1_60' title='bbox 1186 580 1301 601; x_wconf 88' lang='lat' dir='ltr'>manus</span> <span class='ocrx_word' id='word_1_61' title='bbox 1325 571 1383 600; x_wconf 89' lang='lat' dir='ltr'>im-</span> 
     </span>
     <span class='ocr_line' id='line_1_11' title="bbox 418 613 1384 659; baseline -0.011 -6"><span class='ocrx_word' id='word_1_62' title='bbox 418 622 555 652; x_wconf 76' lang='lat' dir='ltr'>misisse.</span> <span class='ocrx_word' id='word_1_63' title='bbox 601 620 666 652; x_wconf 81' lang='lat' dir='ltr'>Sed</span> <span class='ocrx_word' id='word_1_64' title='bbox 691 629 797 659; x_wconf 82' lang='lat' dir='ltr'>nugae</span> <span class='ocrx_word' id='word_1_65' title='bbox 820 618 899 648; x_wconf 88' lang='lat' dir='ltr'>istae</span> <span class='ocrx_word' id='word_1_66' title='bbox 923 616 1078 647; x_wconf 79' lang='lat' dir='ltr'>facessere</span> <span class='ocrx_word' id='word_1_67' title='bbox 1102 624 1121 645; x_wconf 85' lang='lat' dir='ltr'>a</span> <span class='ocrx_word' id='word_1_68' title='bbox 1144 614 1234 645; x_wconf 89' lang='lat' dir='ltr'>nobis</span> <span class='ocrx_word' id='word_1_69' title='bbox 1257 613 1384 647; x_wconf 89' lang='lat' dir='ltr'>debent,</span> 
     </span>
     <span class='ocr_line' id='line_1_12' title="bbox 419 657 1384 703; baseline -0.011 -7"><span class='ocrx_word' id='word_1_70' title='bbox 419 671 451 695; x_wconf 91' lang='lat' dir='ltr'>et</span> <span class='ocrx_word' id='word_1_71' title='bbox 482 675 545 695; x_wconf 90' lang='lat' dir='ltr'>non</span> <span class='ocrx_word' id='word_1_72' title='bbox 580 662 784 703; x_wconf 78' lang='lat' dir='ltr'>quaerendae</span> <span class='ocrx_word' id='word_1_73' title='bbox 814 661 926 690; x_wconf 88' lang='lat' dir='ltr'>inanes</span> <span class='ocrx_word' id='word_1_74' title='bbox 955 657 1246 698; x_wconf 78' lang='lat' dir='ltr'>interpretationes.</span> <span class='ocrx_word' id='word_1_75' title='bbox 1283 666 1384 695; x_wconf 88' lang='lat' dir='ltr'>neque</span> 
     </span>
     <span class='ocr_line' id='line_1_13' title="bbox 423 699 1384 743; baseline -0.011 -4"><span class='ocrx_word' id='word_1_76' title='bbox 423 716 507 738; x_wconf 88' lang='lat' dir='ltr'>vana</span> <span class='ocrx_word' id='word_1_77' title='bbox 530 707 655 738; x_wconf 89' lang='lat' dir='ltr'>somnia</span> <span class='ocrx_word' id='word_1_78' title='bbox 678 705 770 736; x_wconf 88' lang='lat' dir='ltr'>nobis</span> <span class='ocrx_word' id='word_1_79' title='bbox 794 701 962 743; x_wconf 82' lang='lat' dir='ltr'>fingenda:</span> <span class='ocrx_word' id='word_1_80' title='bbox 986 700 1176 740; x_wconf 88' lang='lat' dir='ltr'>simpliciter</span> <span class='ocrx_word' id='word_1_81' title='bbox 1199 699 1301 739; x_wconf 87' lang='lat' dir='ltr'>igitur</span> <span class='ocrx_word' id='word_1_82' title='bbox 1325 699 1384 729; x_wconf 79' lang='lat' dir='ltr'>hoc</span> 
     </span>
     <span class='ocr_line' id='line_1_14' title="bbox 420 742 1385 789; baseline -0.01 -8"><span class='ocrx_word' id='word_1_83' title='bbox 420 750 647 789; x_wconf 83' lang='lat' dir='ltr'>intelligamus,</span> <span class='ocrx_word' id='word_1_84' title='bbox 674 757 788 787; x_wconf 84' lang='lat' dir='ltr'>nempe</span> <span class='ocrx_word' id='word_1_85' title='bbox 807 745 1022 777; x_wconf 85' lang='lat' dir='ltr'>Abiatharum</span> <span class='ocrx_word' id='word_1_86' title='bbox 1043 753 1106 774; x_wconf 94' lang='lat' dir='ltr'>non</span> <span class='ocrx_word' id='word_1_87' title='bbox 1127 750 1246 773; x_wconf 90' lang='lat' dir='ltr'>temere</span> <span class='ocrx_word' id='word_1_88' title='bbox 1266 742 1385 781; x_wconf 76' lang='lat' dir='ltr'>fugisse</span> 
     </span>
     <span class='ocr_line' id='line_1_15' title="bbox 421 787 1384 832; baseline -0.011 -8"><span class='ocrx_word' id='word_1_89' title='bbox 421 792 476 823; x_wconf 84' lang='lat' dir='ltr'>sed</span> <span class='ocrx_word' id='word_1_90' title='bbox 501 791 616 832; x_wconf 78' lang='lat' dir='ltr'>ephod,</span> <span class='ocrx_word' id='word_1_91' title='bbox 640 791 669 822; x_wconf 86' lang='lat' dir='ltr'>id</span> <span class='ocrx_word' id='word_1_92' title='bbox 695 797 742 822; x_wconf 84' lang='lat' dir='ltr'>est</span> <span class='ocrx_word' id='word_1_93' title='bbox 764 787 995 820; x_wconf 85' lang='lat' dir='ltr'>sacerdotalem</span> <span class='ocrx_word' id='word_1_94' title='bbox 1019 792 1179 822; x_wconf 75' lang='lat' dir='ltr'>ornatum,</span> <span class='ocrx_word' id='word_1_95' title='bbox 1202 794 1310 815; x_wconf 85' lang='lat' dir='ltr'>secum</span> <span class='ocrx_word' id='word_1_96' title='bbox 1335 794 1384 814; x_wconf 89' lang='lat' dir='ltr'>as-</span> 
     </span>
     <span class='ocr_line' id='line_1_16' title="bbox 421 827 1384 875; baseline -0.01 -9"><span class='ocrx_word' id='word_1_97' title='bbox 421 836 605 875; x_wconf 66' lang='lat' dir='ltr'>sumpsisse.</span> <span class='ocrx_word' id='word_1_98' title='bbox 660 833 720 866; x_wconf 89' lang='lat' dir='ltr'>Ubi</span> <span class='ocrx_word' id='word_1_99' title='bbox 769 829 1007 863; x_wconf 87' lang='lat' dir='ltr'>observandum</span> <span class='ocrx_word' id='word_1_100' title='bbox 1050 828 1133 868; x_wconf 90' lang='lat' dir='ltr'>quod</span> <span class='ocrx_word' id='word_1_101' title='bbox 1173 835 1247 858; x_wconf 81' lang='lat' dir='ltr'>ante</span> <span class='ocrx_word' id='word_1_102' title='bbox 1289 827 1384 857; x_wconf 84' lang='lat' dir='ltr'>verbo</span> 
     </span>
    </p>
   </div>
   <div class='ocr_carea' id='block_1_6' title="bbox 1409 492 1567 539">
    <p class='ocr_par' dir='ltr' id='par_1_6' title="bbox 1409 492 1567 539">
     <span class='ocr_line' id='line_1_17' title="bbox 1409 492 1567 539; baseline -0.013 -25"><span class='ocrx_word' id='word_1_103' title='bbox 1409 504 1411 539; x_wconf 54' lang='lat' dir='ltr'>i</span> <span class='ocrx_word' id='word_1_104' title='bbox 1436 492 1567 514; x_wconf 74' lang='grc' dir='ltr'>ΓΘΧΙΒΒΘ.</span> 
     </span>
    </p>
   </div>
   <div class='ocr_carea' id='block_1_7' title="bbox 1435 351 2400 564">
    <p class='ocr_par' dir='ltr' id='par_1_7' title="bbox 1435 351 2400 564">
     <span class='ocr_line' id='line_1_18' title="bbox 1435 351 2398 395; baseline -0.004 -9"><span class='ocrx_word' id='word_1_105' title='bbox 1435 355 1513 395; x_wconf 90' lang='lat' dir='ltr'>ipsis</span> <span class='ocrx_word' id='word_1_106' title='bbox 1548 360 1689 384; x_wconf 85' lang='lat' dir='ltr'>nostrum</span> <span class='ocrx_word' id='word_1_107' title='bbox 1724 352 1862 383; x_wconf 86' lang='lat' dir='ltr'>salutem</span> <span class='ocrx_word' id='word_1_108' title='bbox 1892 362 2040 384; x_wconf 79' lang='lat' dir='ltr'>manasse</span> <span class='ocrx_word' id='word_1_109' title='bbox 2071 353 2307 383; x_wconf 84' lang='lat' dir='ltr'>existimemus:</span> <span class='ocrx_word' id='word_1_110' title='bbox 2343 351 2398 383; x_wconf 91' lang='lat' dir='ltr'>sed</span> 
     </span>
     <span class='ocr_line' id='line_1_19' title="bbox 1435 394 2400 437; baseline -0.003 -9"><span class='ocrx_word' id='word_1_111' title='bbox 1435 395 1588 437; x_wconf 90' lang='lat' dir='ltr'>quidquid</span> <span class='ocrx_word' id='word_1_112' title='bbox 1613 395 1878 435; x_wconf 79' lang='lat' dir='ltr'>praestiterimus,</span> <span class='ocrx_word' id='word_1_113' title='bbox 1903 395 2009 426; x_wconf 92' lang='lat' dir='ltr'>Deum</span> <span class='ocrx_word' id='word_1_114' title='bbox 2034 395 2177 426; x_wconf 90' lang='lat' dir='ltr'>dicamus</span> <span class='ocrx_word' id='word_1_115' title='bbox 2199 404 2259 426; x_wconf 86' lang='lat' dir='ltr'>sua</span> <span class='ocrx_word' id='word_1_116' title='bbox 2279 394 2400 426; x_wconf 86' lang='lat' dir='ltr'>virtute</span> 
     </span>
     <span class='ocr_line' id='line_1_20' title="bbox 1435 436 2399 481; baseline -0.002 -11"><span class='ocrx_word' id='word_1_117' title='bbox 1435 447 1614 481; x_wconf 80' lang='lat' dir='ltr'>operatum,</span> <span class='ocrx_word' id='word_1_118' title='bbox 1645 444 1675 468; x_wconf 89' lang='lat' dir='ltr'>et</span> <span class='ocrx_word' id='word_1_119' title='bbox 1698 438 1832 469; x_wconf 90' lang='lat' dir='ltr'>consilia</span> <span class='ocrx_word' id='word_1_120' title='bbox 1865 446 1976 469; x_wconf 83' lang='lat' dir='ltr'>nostra</span> <span class='ocrx_word' id='word_1_121' title='bbox 1999 437 2039 469; x_wconf 86' lang='lat' dir='ltr'>ad</span> <span class='ocrx_word' id='word_1_122' title='bbox 2063 443 2206 477; x_wconf 89' lang='lat' dir='ltr'>optatum</span> <span class='ocrx_word' id='word_1_123' title='bbox 2230 437 2328 468; x_wconf 88' lang='lat' dir='ltr'>finem</span> <span class='ocrx_word' id='word_1_124' title='bbox 2351 436 2399 468; x_wconf 88' lang='lat' dir='ltr'>di·</span> 
     </span>
     <span class='ocr_line' id='line_1_21' title="bbox 1497 479 2400 521; baseline -0.001 -10"><span class='ocrx_word' id='word_1_125' title='bbox 1497 482 1501 487; x_wconf 90' lang='lat'>&#39;</span> <span class='ocrx_word' id='word_1_126' title='bbox 1613 480 1738 511; x_wconf 87' lang='lat' dir='ltr'>Idcirco</span> <span class='ocrx_word' id='word_1_127' title='bbox 1779 480 1855 512; x_wconf 83' lang='lat' dir='ltr'>dicit</span> <span class='ocrx_word' id='word_1_128' title='bbox 1892 481 2049 521; x_wconf 88' lang='lat' dir='ltr'>propheta</span> <span class='ocrx_word' id='word_1_129' title='bbox 2085 481 2189 511; x_wconf 89' lang='lat' dir='ltr'>Deum</span> <span class='ocrx_word' id='word_1_130' title='bbox 2225 479 2300 511; x_wconf 87' lang='lat' dir='ltr'>filiis</span> <span class='ocrx_word' id='word_1_131' title='bbox 2333 479 2400 511; x_wconf 91' lang='lat' dir='ltr'>suis</span> 
     </span>
     <span class='ocr_line' id='line_1_22' title="bbox 1437 522 2399 564; baseline -0.003 -8"><span class='ocrx_word' id='word_1_132' title='bbox 1437 523 1670 556; x_wconf 84' lang='lat' dir='ltr'>dormientibus</span> <span class='ocrx_word' id='word_1_133' title='bbox 1697 522 1802 554; x_wconf 89' lang='lat' dir='ltr'>cibum</span> <span class='ocrx_word' id='word_1_134' title='bbox 1833 529 1865 554; x_wconf 89' lang='lat' dir='ltr'>et</span> <span class='ocrx_word' id='word_1_135' title='bbox 1893 530 2003 564; x_wconf 92' lang='lat' dir='ltr'>potum</span> <span class='ocrx_word' id='word_1_136' title='bbox 2035 522 2254 564; x_wconf 81' lang='lat' dir='ltr'>suppeditare:</span> <span class='ocrx_word' id='word_1_137' title='bbox 2286 522 2318 553; x_wconf 89' lang='lat' dir='ltr'>id</span> <span class='ocrx_word' id='word_1_138' title='bbox 2342 528 2399 559; x_wconf 83' lang='lat' dir='ltr'>est,</span> 
     </span>
    </p>
   </div>
   <div class='ocr_carea' id='block_1_8' title="bbox 1410 565 2401 607">
    <p class='ocr_par' dir='ltr' id='par_1_8' title="bbox 1410 565 2401 607">
     <span class='ocr_line' id='line_1_23' title="bbox 1410 565 2401 607; baseline 0 -12"><span class='ocrx_word' id='word_1_139' title='bbox 1410 585 1411 595; x_wconf 39' lang='lat' dir='ltr'>l</span> <span class='ocrx_word' id='word_1_140' title='bbox 1437 568 1578 607; x_wconf 85' lang='lat' dir='ltr'>quietem</span> <span class='ocrx_word' id='word_1_141' title='bbox 1610 566 1688 606; x_wconf 90' lang='lat' dir='ltr'>ipsis</span> <span class='ocrx_word' id='word_1_142' title='bbox 1712 565 1797 603; x_wconf 88' lang='lat' dir='ltr'>dare,</span> <span class='ocrx_word' id='word_1_143' title='bbox 1827 566 2037 598; x_wconf 88' lang='lat' dir='ltr'>frementibus</span> <span class='ocrx_word' id='word_1_144' title='bbox 2059 566 2133 597; x_wconf 86' lang='lat' dir='ltr'>licet</span> <span class='ocrx_word' id='word_1_145' title='bbox 2156 565 2339 601; x_wconf 86' lang='lat' dir='ltr'>incredulis,</span> <span class='ocrx_word' id='word_1_146' title='bbox 2369 571 2401 596; x_wconf 89' lang='lat' dir='ltr'>et</span> 
     </span>
    </p>
   </div>
   <div class='ocr_carea' id='block_1_9' title="bbox 422 868 1412 917">
    <p class='ocr_par' dir='ltr' id='par_1_9' title="bbox 422 868 1412 917">
     <span class='ocr_line' id='line_1_24' title="bbox 422 868 1412 917; baseline -0.009 -9"><span class='ocrx_word' id='word_1_147' title='bbox 422 879 523 917; x_wconf 78' lang='lat' dir='ltr'>attigi,</span> <span class='ocrx_word' id='word_1_148' title='bbox 561 877 666 908; x_wconf 89' lang='lat' dir='ltr'>Deum</span> <span class='ocrx_word' id='word_1_149' title='bbox 689 874 880 915; x_wconf 84' lang='lat' dir='ltr'>incogitanti</span> <span class='ocrx_word' id='word_1_150' title='bbox 903 871 1022 903; x_wconf 86' lang='lat' dir='ltr'>Davidi</span> <span class='ocrx_word' id='word_1_151' title='bbox 1046 871 1084 902; x_wconf 87' lang='lat' dir='ltr'>de</span> <span class='ocrx_word' id='word_1_152' title='bbox 1109 870 1248 901; x_wconf 83' lang='lat' dir='ltr'>remedio</span> <span class='ocrx_word' id='word_1_153' title='bbox 1273 868 1385 900; x_wconf 80' lang='lat' dir='ltr'>adver·</span> <span class='ocrx_word' id='word_1_154' title='bbox 1411 887 1412 892; x_wconf 67' lang='lat'>=</span> 
     </span>
    </p>
   </div>
   <div class='ocr_carea' id='block_1_10' title="bbox 422 911 1394 1900">
    <p class='ocr_par' dir='ltr' id='par_1_10' title="bbox 422 911 1394 1900">
     <span class='ocr_line' id='line_1_25' title="bbox 422 911 1386 959; baseline -0.009 -9"><span class='ocrx_word' id='word_1_155' title='bbox 422 932 476 951; x_wconf 77' lang='lat' dir='ltr'>sus</span> <span class='ocrx_word' id='word_1_156' title='bbox 499 931 615 959; x_wconf 78' lang='lat' dir='ltr'>graves</span> <span class='ocrx_word' id='word_1_157' title='bbox 641 919 835 950; x_wconf 78' lang='lat' dir='ltr'>tentationes</span> <span class='ocrx_word' id='word_1_158' title='bbox 858 915 1048 957; x_wconf 84' lang='lat' dir='ltr'>providisse.</span> <span class='ocrx_word' id='word_1_159' title='bbox 1094 913 1176 944; x_wconf 79' lang='lat' dir='ltr'>Nam</span> <span class='ocrx_word' id='word_1_160' title='bbox 1202 912 1307 959; x_wconf 78' lang='lat' dir='ltr'>David</span> <span class='ocrx_word' id='word_1_161' title='bbox 1328 911 1386 942; x_wconf 88' lang='lat' dir='ltr'>hoe</span> 
     </span>
     <span class='ocr_line' id='line_1_26' title="bbox 422 955 1385 1003; baseline -0.009 -10"><span class='ocrx_word' id='word_1_162' title='bbox 422 963 525 1003; x_wconf 85' lang='lat' dir='ltr'>ephod</span> <span class='ocrx_word' id='word_1_163' title='bbox 559 974 636 994; x_wconf 77' lang='lat' dir='ltr'>usus</span> <span class='ocrx_word' id='word_1_164' title='bbox 667 969 715 993; x_wconf 86' lang='lat' dir='ltr'>est</span> <span class='ocrx_word' id='word_1_165' title='bbox 745 961 784 992; x_wconf 89' lang='lat' dir='ltr'>ad</span> <span class='ocrx_word' id='word_1_166' title='bbox 815 956 1082 998; x_wconf 87' lang='lat' dir='ltr'>interrogandum</span> <span class='ocrx_word' id='word_1_167' title='bbox 1113 967 1148 986; x_wconf 82' lang='lat' dir='ltr'>os</span> <span class='ocrx_word' id='word_1_168' title='bbox 1179 955 1320 993; x_wconf 80' lang='lat' dir='ltr'>Domini,</span> <span class='ocrx_word' id='word_1_169' title='bbox 1351 962 1385 984; x_wconf 91' lang='lat' dir='ltr'>ut</span> 
     </span>
     <span class='ocr_line' id='line_1_27' title="bbox 423 997 1385 1042; baseline -0.01 -6"><span class='ocrx_word' id='word_1_170' title='bbox 423 1005 505 1036; x_wconf 88' lang='lat' dir='ltr'>nihil</span> <span class='ocrx_word' id='word_1_171' title='bbox 535 1006 604 1036; x_wconf 85' lang='lat' dir='ltr'>Deo</span> <span class='ocrx_word' id='word_1_172' title='bbox 636 1004 816 1036; x_wconf 89' lang='lat' dir='ltr'>inconsulto</span> <span class='ocrx_word' id='word_1_173' title='bbox 845 1001 1082 1042; x_wconf 83' lang='lat' dir='ltr'>aggrederetur,</span> <span class='ocrx_word' id='word_1_174' title='bbox 1115 997 1385 1038; x_wconf 82' lang='lat' dir='ltr'>quemadmodum</span> 
     </span>
     <span class='ocr_line' id='line_1_28' title="bbox 422 1040 1386 1087; baseline -0.012 -7"><span class='ocrx_word' id='word_1_175' title='bbox 422 1055 455 1079; x_wconf 85' lang='lat' dir='ltr'>et</span> <span class='ocrx_word' id='word_1_176' title='bbox 478 1048 529 1079; x_wconf 86' lang='lat' dir='ltr'>hie</span> <span class='ocrx_word' id='word_1_177' title='bbox 554 1050 670 1079; x_wconf 86' lang='lat' dir='ltr'>factum</span> <span class='ocrx_word' id='word_1_178' title='bbox 695 1053 752 1085; x_wconf 86' lang='lat' dir='ltr'>est,</span> <span class='ocrx_word' id='word_1_179' title='bbox 776 1053 811 1077; x_wconf 88' lang='lat' dir='ltr'>ut</span> <span class='ocrx_word' id='word_1_180' title='bbox 833 1044 978 1076; x_wconf 90' lang='lat' dir='ltr'>consulto</span> <span class='ocrx_word' id='word_1_181' title='bbox 1003 1043 1070 1073; x_wconf 87' lang='lat' dir='ltr'>Deo</span> <span class='ocrx_word' id='word_1_182' title='bbox 1095 1042 1133 1072; x_wconf 83' lang='lat' dir='ltr'>sit</span> <span class='ocrx_word' id='word_1_183' title='bbox 1160 1051 1256 1071; x_wconf 77' lang='lat' dir='ltr'>ausus</span> <span class='ocrx_word' id='word_1_184' title='bbox 1273 1040 1386 1087; x_wconf 60' lang='lat' dir='ltr'>adi-er-</span> 
     </span>
     <span class='ocr_line' id='line_1_29' title="bbox 423 1082 1386 1129; baseline -0.012 -6"><span class='ocrx_word' id='word_1_185' title='bbox 423 1102 477 1122; x_wconf 88' lang='lat' dir='ltr'>sus</span> <span class='ocrx_word' id='word_1_186' title='bbox 510 1092 759 1122; x_wconf 81' lang='lat' dir='ltr'>Philistaeorum</span> <span class='ocrx_word' id='word_1_187' title='bbox 791 1098 906 1129; x_wconf 81' lang='lat' dir='ltr'>agmen</span> <span class='ocrx_word' id='word_1_188' title='bbox 931 1085 1098 1126; x_wconf 86' lang='lat' dir='ltr'>proficisci,</span> <span class='ocrx_word' id='word_1_189' title='bbox 1133 1091 1163 1114; x_wconf 86' lang='lat' dir='ltr'>et</span> <span class='ocrx_word' id='word_1_190' title='bbox 1188 1082 1386 1114; x_wconf 78' lang='lat' dir='ltr'>Ueiiensibus</span> 
     </span>
     <span class='ocr_line' id='line_1_30' title="bbox 424 1131 1387 1173; baseline -0.013 -7"><span class='ocrx_word' id='word_1_191' title='bbox 424 1135 644 1166; x_wconf 83' lang='lat' dir='ltr'>laborantibus</span> <span class='ocrx_word' id='word_1_192' title='bbox 668 1134 751 1164; x_wconf 81' lang='lat' dir='ltr'>ferre</span> <span class='ocrx_word' id='word_1_193' title='bbox 775 1131 947 1172; x_wconf 82' lang='lat' dir='ltr'>suppetias.</span> <span class='ocrx_word' id='word_1_194' title='bbox 974 1136 1007 1159; x_wconf 89' lang='lat' dir='ltr'>ut</span> <span class='ocrx_word' id='word_1_195' title='bbox 1032 1136 1182 1166; x_wconf 84' lang='lat' dir='ltr'>tanquam</span> <span class='ocrx_word' id='word_1_196' title='bbox 1207 1133 1313 1173; x_wconf 75' lang='lat' dir='ltr'>erecto</span> <span class='ocrx_word' id='word_1_197' title='bbox 1334 1136 1387 1155; x_wconf 80' lang='lat' dir='ltr'>ve-</span> 
     </span>
     <span class='ocr_line' id='line_1_31' title="bbox 424 1169 1388 1215; baseline -0.011 -7"><span class='ocrx_word' id='word_1_198' title='bbox 424 1177 502 1208; x_wconf 78' lang='lat' dir='ltr'>xillo</span> <span class='ocrx_word' id='word_1_199' title='bbox 534 1176 641 1207; x_wconf 87' lang='lat' dir='ltr'>David</span> <span class='ocrx_word' id='word_1_200' title='bbox 670 1175 709 1206; x_wconf 89' lang='lat' dir='ltr'>ad</span> <span class='ocrx_word' id='word_1_201' title='bbox 733 1175 890 1215; x_wconf 88' lang='lat' dir='ltr'>praelium</span> <span class='ocrx_word' id='word_1_202' title='bbox 914 1172 1070 1202; x_wconf 82' lang='lat' dir='ltr'>adversus</span> <span class='ocrx_word' id='word_1_203' title='bbox 1094 1169 1203 1199; x_wconf 79' lang='lat' dir='ltr'>hostes</span> <span class='ocrx_word' id='word_1_204' title='bbox 1227 1174 1388 1198; x_wconf 80' lang='lat' dir='ltr'>excitatus</span> 
     </span>
     <span class='ocr_line' id='line_1_32' title="bbox 425 1212 1388 1256; baseline -0.012 -5"><span class='ocrx_word' id='word_1_205' title='bbox 425 1221 476 1251; x_wconf 86' lang='lat' dir='ltr'>sit.</span> <span class='ocrx_word' id='word_1_206' title='bbox 522 1220 649 1250; x_wconf 80' lang='lat' dir='ltr'>Deinde</span> <span class='ocrx_word' id='word_1_207' title='bbox 680 1218 791 1249; x_wconf 90' lang='lat' dir='ltr'>eodem</span> <span class='ocrx_word' id='word_1_208' title='bbox 823 1215 927 1256; x_wconf 88' lang='lat' dir='ltr'>ephod</span> <span class='ocrx_word' id='word_1_209' title='bbox 953 1225 1038 1251; x_wconf 77' lang='lat' dir='ltr'>usus,</span> <span class='ocrx_word' id='word_1_210' title='bbox 1073 1212 1151 1243; x_wconf 84' lang='lat' dir='ltr'>urbe</span> <span class='ocrx_word' id='word_1_211' title='bbox 1175 1212 1215 1241; x_wconf 84' lang='lat' dir='ltr'>sit</span> <span class='ocrx_word' id='word_1_212' title='bbox 1240 1220 1388 1251; x_wconf 74' lang='lat' dir='ltr'>egressus</span> 
     </span>
     <span class='ocr_line' id='line_1_33' title="bbox 425 1254 1387 1301; baseline -0.012 -7"><span class='ocrx_word' id='word_1_213' title='bbox 425 1275 465 1294; x_wconf 89' lang='lat' dir='ltr'>ne</span> <span class='ocrx_word' id='word_1_214' title='bbox 489 1264 521 1294; x_wconf 88' lang='lat' dir='ltr'>in</span> <span class='ocrx_word' id='word_1_215' title='bbox 545 1262 655 1294; x_wconf 83' lang='lat' dir='ltr'>Saulis</span> <span class='ocrx_word' id='word_1_216' title='bbox 678 1266 869 1301; x_wconf 86' lang='lat' dir='ltr'>potestatem</span> <span class='ocrx_word' id='word_1_217' title='bbox 895 1258 933 1289; x_wconf 89' lang='lat' dir='ltr'>ab</span> <span class='ocrx_word' id='word_1_218' title='bbox 957 1257 1069 1287; x_wconf 85' lang='lat' dir='ltr'>ineolis</span> <span class='ocrx_word' id='word_1_219' title='bbox 1089 1254 1233 1294; x_wconf 80' lang='lat' dir='ltr'>proditus</span> <span class='ocrx_word' id='word_1_220' title='bbox 1254 1255 1387 1284; x_wconf 81' lang='lat' dir='ltr'>veniret.</span> 
     </span>
     <span class='ocr_line' id='line_1_34' title="bbox 426 1296 1388 1346; baseline -0.014 -9"><span class='ocrx_word' id='word_1_221' title='bbox 426 1306 496 1337; x_wconf 87' lang='lat' dir='ltr'>Hoc</span> <span class='ocrx_word' id='word_1_222' title='bbox 520 1306 620 1346; x_wconf 87' lang='lat' dir='ltr'>igitur</span> <span class='ocrx_word' id='word_1_223' title='bbox 644 1303 826 1345; x_wconf 84' lang='lat' dir='ltr'>profugium</span> <span class='ocrx_word' id='word_1_224' title='bbox 853 1299 958 1332; x_wconf 84' lang='lat' dir='ltr'>David</span> <span class='ocrx_word' id='word_1_225' title='bbox 983 1300 1015 1329; x_wconf 91' lang='lat' dir='ltr'>in</span> <span class='ocrx_word' id='word_1_226' title='bbox 1040 1297 1186 1337; x_wconf 82' lang='lat' dir='ltr'>angustis</span> <span class='ocrx_word' id='word_1_227' title='bbox 1211 1297 1308 1343; x_wconf 70' lang='lat' dir='ltr'>rebus</span> <span class='ocrx_word' id='word_1_228' title='bbox 1332 1296 1388 1326; x_wconf 85' lang='lat' dir='ltr'>ha-</span> 
     </span>
     <span class='ocr_line' id='line_1_35' title="bbox 425 1339 1387 1387; baseline -0.012 -8"><span class='ocrx_word' id='word_1_229' title='bbox 425 1350 512 1380; x_wconf 84' lang='lat' dir='ltr'>buit:</span> <span class='ocrx_word' id='word_1_230' title='bbox 537 1348 575 1379; x_wconf 89' lang='lat' dir='ltr'>de</span> <span class='ocrx_word' id='word_1_231' title='bbox 598 1358 660 1387; x_wconf 87' lang='lat' dir='ltr'>quo</span> <span class='ocrx_word' id='word_1_232' title='bbox 684 1347 750 1386; x_wconf 76' lang='lat' dir='ltr'>ipse</span> <span class='ocrx_word' id='word_1_233' title='bbox 774 1345 912 1385; x_wconf 84' lang='lat' dir='ltr'>quidem,</span> <span class='ocrx_word' id='word_1_234' title='bbox 937 1352 1035 1382; x_wconf 88' lang='lat' dir='ltr'>quum</span> <span class='ocrx_word' id='word_1_235' title='bbox 1061 1339 1149 1371; x_wconf 78' lang='lat' dir='ltr'>Nobe</span> <span class='ocrx_word' id='word_1_236' title='bbox 1175 1343 1387 1375; x_wconf 81' lang='lat' dir='ltr'>transivisset‚</span> 
     </span>
     <span class='ocr_line' id='line_1_36' title="bbox 425 1383 1387 1431; baseline -0.012 -8"><span class='ocrx_word' id='word_1_237' title='bbox 425 1403 486 1423; x_wconf 89' lang='lat' dir='ltr'>non</span> <span class='ocrx_word' id='word_1_238' title='bbox 512 1391 720 1431; x_wconf 77' lang='lat' dir='ltr'>cogitaverat,</span> <span class='ocrx_word' id='word_1_239' title='bbox 749 1398 779 1420; x_wconf 88' lang='lat' dir='ltr'>et</span> <span class='ocrx_word' id='word_1_240' title='bbox 804 1388 843 1418; x_wconf 84' lang='lat' dir='ltr'>ab</span> <span class='ocrx_word' id='word_1_241' title='bbox 869 1383 1095 1417; x_wconf 74' lang='lat' dir='ltr'>Achimeleclio</span> <span class='ocrx_word' id='word_1_242' title='bbox 1119 1388 1243 1429; x_wconf 80' lang='lat' dir='ltr'>tantum</span> <span class='ocrx_word' id='word_1_243' title='bbox 1268 1389 1297 1412; x_wconf 90' lang='lat' dir='ltr'>et</span> <span class='ocrx_word' id='word_1_244' title='bbox 1323 1389 1387 1412; x_wconf 89' lang='lat' dir='ltr'>tam</span> 
     </span>
     <span class='ocr_line' id='line_1_37' title="bbox 424 1426 1388 1472; baseline -0.012 -7"><span class='ocrx_word' id='word_1_245' title='bbox 424 1434 588 1465; x_wconf 78' lang='lat' dir='ltr'>excellens</span> <span class='ocrx_word' id='word_1_246' title='bbox 621 1433 811 1463; x_wconf 85' lang='lat' dir='ltr'>beneficium</span> <span class='ocrx_word' id='word_1_247' title='bbox 843 1440 905 1461; x_wconf 87' lang='lat' dir='ltr'>non</span> <span class='ocrx_word' id='word_1_248' title='bbox 930 1428 1080 1468; x_wconf 76' lang='lat' dir='ltr'>petierat:</span> <span class='ocrx_word' id='word_1_249' title='bbox 1109 1426 1185 1465; x_wconf 89' lang='lat' dir='ltr'>quin</span> <span class='ocrx_word' id='word_1_250' title='bbox 1211 1435 1274 1472; x_wconf 79' lang='lat' dir='ltr'>imo</span> <span class='ocrx_word' id='word_1_251' title='bbox 1299 1434 1388 1454; x_wconf 80' lang='lat' dir='ltr'>vere-</span> 
     </span>
     <span class='ocr_line' id='line_1_38' title="bbox 425 1469 1388 1516; baseline -0.012 -8"><span class='ocrx_word' id='word_1_252' title='bbox 425 1477 541 1509; x_wconf 85' lang='lat' dir='ltr'>cundia</span> <span class='ocrx_word' id='word_1_253' title='bbox 563 1483 595 1506; x_wconf 90' lang='lat' dir='ltr'>et</span> <span class='ocrx_word' id='word_1_254' title='bbox 619 1474 738 1516; x_wconf 89' lang='lat' dir='ltr'>pudore</span> <span class='ocrx_word' id='word_1_255' title='bbox 763 1473 945 1513; x_wconf 83' lang='lat' dir='ltr'>impeditus,</span> <span class='ocrx_word' id='word_1_256' title='bbox 980 1480 1042 1501; x_wconf 76' lang='lat' dir='ltr'>non</span> <span class='ocrx_word' id='word_1_257' title='bbox 1067 1478 1164 1499; x_wconf 87' lang='lat' dir='ltr'>ausus</span> <span class='ocrx_word' id='word_1_258' title='bbox 1188 1469 1297 1514; x_wconf 69' lang='lat' dir='ltr'>fuisset</span> <span class='ocrx_word' id='word_1_259' title='bbox 1320 1478 1388 1514; x_wconf 36' lang='lat' dir='ltr'>spess</span> 
     </span>
     <span class='ocr_line' id='line_1_39' title="bbox 426 1511 1389 1551; baseline -0.012 0"><span class='ocrx_word' id='word_1_260' title='bbox 426 1530 498 1551; x_wconf 82' lang='lat' dir='ltr'>rare</span> <span class='ocrx_word' id='word_1_261' title='bbox 528 1525 593 1549; x_wconf 89' lang='lat' dir='ltr'>tam</span> <span class='ocrx_word' id='word_1_262' title='bbox 626 1517 786 1549; x_wconf 81' lang='lat' dir='ltr'>laudabile</span> <span class='ocrx_word' id='word_1_263' title='bbox 817 1515 918 1547; x_wconf 82' lang='lat' dir='ltr'>divini</span> <span class='ocrx_word' id='word_1_264' title='bbox 944 1513 1062 1544; x_wconf 83' lang='lat' dir='ltr'>favoris</span> <span class='ocrx_word' id='word_1_265' title='bbox 1087 1511 1305 1542; x_wconf 85' lang='lat' dir='ltr'>testimonium</span> <span class='ocrx_word' id='word_1_266' title='bbox 1330 1512 1389 1540; x_wconf 84' lang='lat' dir='ltr'>sibi</span> 
     </span>
     <span class='ocr_line' id='line_1_40' title="bbox 426 1552 1389 1600; baseline -0.013 -6"><span class='ocrx_word' id='word_1_267' title='bbox 426 1571 614 1595; x_wconf 87' lang='lat' dir='ltr'>concessum</span> <span class='ocrx_word' id='word_1_268' title='bbox 646 1561 694 1595; x_wconf 89' lang='lat' dir='ltr'>iri,</span> <span class='ocrx_word' id='word_1_269' title='bbox 729 1559 813 1600; x_wconf 87' lang='lat' dir='ltr'>quod</span> <span class='ocrx_word' id='word_1_270' title='bbox 845 1565 950 1589; x_wconf 86' lang='lat' dir='ltr'>tamen</span> <span class='ocrx_word' id='word_1_271' title='bbox 983 1555 1042 1595; x_wconf 81' lang='lat' dir='ltr'>ipsi</span> <span class='ocrx_word' id='word_1_272' title='bbox 1067 1554 1254 1593; x_wconf 79' lang='lat' dir='ltr'>incogitanti</span> <span class='ocrx_word' id='word_1_273' title='bbox 1279 1552 1389 1583; x_wconf 88' lang='lat' dir='ltr'>datum</span> 
     </span>
     <span class='ocr_line' id='line_1_41' title="bbox 426 1596 1391 1643; baseline -0.015 -5"><span class='ocrx_word' id='word_1_274' title='bbox 426 1610 484 1641; x_wconf 90' lang='lat' dir='ltr'>est,</span> <span class='ocrx_word' id='word_1_275' title='bbox 519 1611 551 1635; x_wconf 89' lang='lat' dir='ltr'>et</span> <span class='ocrx_word' id='word_1_276' title='bbox 580 1603 709 1643; x_wconf 89' lang='lat' dir='ltr'>quidem</span> <span class='ocrx_word' id='word_1_277' title='bbox 735 1611 802 1633; x_wconf 90' lang='lat' dir='ltr'>tum</span> <span class='ocrx_word' id='word_1_278' title='bbox 827 1600 966 1632; x_wconf 82' lang='lat' dir='ltr'>maxime</span> <span class='ocrx_word' id='word_1_279' title='bbox 990 1608 1086 1638; x_wconf 90' lang='lat' dir='ltr'>quum</span> <span class='ocrx_word' id='word_1_280' title='bbox 1114 1597 1215 1626; x_wconf 85' lang='lat' dir='ltr'>virtus</span> <span class='ocrx_word' id='word_1_281' title='bbox 1231 1596 1391 1643; x_wconf 30' lang='lat' dir='ltr'>‚ipsius-et</span> 
     </span>
     <span class='ocr_line' id='line_1_42' title="bbox 427 1645 1391 1688; baseline -0.012 -9"><span class='ocrx_word' id='word_1_282' title='bbox 427 1646 678 1688; x_wconf 80' lang='lat' dir='ltr'>magnanimitas</span> <span class='ocrx_word' id='word_1_283' title='bbox 709 1646 948 1686; x_wconf 83' lang='lat' dir='ltr'>languesceret,</span> <span class='ocrx_word' id='word_1_284' title='bbox 983 1649 1014 1672; x_wconf 88' lang='lat' dir='ltr'>et</span> <span class='ocrx_word' id='word_1_285' title='bbox 1044 1650 1117 1679; x_wconf 75' lang='lat' dir='ltr'>spes</span> <span class='ocrx_word' id='word_1_286' title='bbox 1150 1649 1254 1669; x_wconf 82' lang='lat' dir='ltr'>omnis</span> <span class='ocrx_word' id='word_1_287' title='bbox 1287 1645 1391 1678; x_wconf 85' lang='lat' dir='ltr'>perita</span> 
     </span>
     <span class='ocr_line' id='line_1_43' title="bbox 429 1682 1391 1729; baseline -0.011 -8"><span class='ocrx_word' id='word_1_288' title='bbox 429 1690 604 1722; x_wconf 80' lang='lat' dir='ltr'>videretur.</span> <span class='ocrx_word' id='word_1_289' title='bbox 651 1688 752 1719; x_wconf 89' lang='lat' dir='ltr'>Porro</span> <span class='ocrx_word' id='word_1_290' title='bbox 775 1688 857 1728; x_wconf 91' lang='lat' dir='ltr'>quod</span> <span class='ocrx_word' id='word_1_291' title='bbox 882 1685 926 1716; x_wconf 91' lang='lat' dir='ltr'>illi</span> <span class='ocrx_word' id='word_1_292' title='bbox 953 1685 1041 1715; x_wconf 88' lang='lat' dir='ltr'>Deus</span> <span class='ocrx_word' id='word_1_293' title='bbox 1066 1682 1168 1721; x_wconf 82' lang='lat' dir='ltr'>ephod</span> <span class='ocrx_word' id='word_1_294' title='bbox 1192 1692 1264 1729; x_wconf 84' lang='lat' dir='ltr'>cuni</span> <span class='ocrx_word' id='word_1_295' title='bbox 1287 1691 1391 1712; x_wconf 84' lang='lat' dir='ltr'>saeer-</span> 
     </span>
     <span class='ocr_line' id='line_1_44' title="bbox 429 1724 1392 1773; baseline -0.012 -8"><span class='ocrx_word' id='word_1_296' title='bbox 429 1733 502 1765; x_wconf 87' lang='lat' dir='ltr'>dote</span> <span class='ocrx_word' id='word_1_297' title='bbox 533 1732 621 1762; x_wconf 88' lang='lat' dir='ltr'>misit</span> <span class='ocrx_word' id='word_1_298' title='bbox 643 1732 748 1763; x_wconf 87' lang='lat' dir='ltr'>maius</span> <span class='ocrx_word' id='word_1_299' title='bbox 770 1730 898 1772; x_wconf 88' lang='lat' dir='ltr'>pondus</span> <span class='ocrx_word' id='word_1_300' title='bbox 921 1726 1005 1767; x_wconf 89' lang='lat' dir='ltr'>apud</span> <span class='ocrx_word' id='word_1_301' title='bbox 1029 1725 1121 1773; x_wconf 82' lang='lat' dir='ltr'>illum</span> <span class='ocrx_word' id='word_1_302' title='bbox 1145 1724 1276 1771; x_wconf 72' lang='lat' dir='ltr'>habuit,¹</span> <span class='ocrx_word' id='word_1_303' title='bbox 1297 1733 1392 1764; x_wconf 84' lang='lat' dir='ltr'>quam</span> 
     </span>
     <span class='ocr_line' id='line_1_45' title="bbox 429 1766 1393 1814; baseline -0.012 -7"><span class='ocrx_word' id='word_1_304' title='bbox 429 1777 457 1808; x_wconf 88' lang='lat' dir='ltr'>si</span> <span class='ocrx_word' id='word_1_305' title='bbox 488 1775 578 1806; x_wconf 89' lang='lat' dir='ltr'>Deus</span> <span class='ocrx_word' id='word_1_306' title='bbox 607 1773 667 1814; x_wconf 87' lang='lat' dir='ltr'>ipsi</span> <span class='ocrx_word' id='word_1_307' title='bbox 699 1774 833 1814; x_wconf 88' lang='lat' dir='ltr'>triginta</span> <span class='ocrx_word' id='word_1_308' title='bbox 864 1769 953 1802; x_wconf 89' lang='lat' dir='ltr'>mille</span> <span class='ocrx_word' id='word_1_309' title='bbox 983 1768 1122 1800; x_wconf 86' lang='lat' dir='ltr'>militum</span> <span class='ocrx_word' id='word_1_310' title='bbox 1152 1772 1316 1807; x_wconf 79' lang='lat' dir='ltr'>suppetias</span> <span class='ocrx_word' id='word_1_311' title='bbox 1339 1766 1393 1797; x_wconf 89' lang='lat' dir='ltr'>de-</span> 
     </span>
     <span class='ocr_line' id='line_1_46' title="bbox 430 1809 1394 1850; baseline -0.012 0"><span class='ocrx_word' id='word_1_312' title='bbox 430 1819 537 1850; x_wconf 85' lang='lat' dir='ltr'>disset.</span> <span class='ocrx_word' id='word_1_313' title='bbox 583 1816 666 1848; x_wconf 79' lang='lat' dir='ltr'>Nam</span> <span class='ocrx_word' id='word_1_314' title='bbox 699 1818 758 1848; x_wconf 87' lang='lat' dir='ltr'>etsi</span> <span class='ocrx_word' id='word_1_315' title='bbox 788 1815 901 1847; x_wconf 82' lang='lat' dir='ltr'>multis</span> <span class='ocrx_word' id='word_1_316' title='bbox 931 1811 1072 1844; x_wconf 86' lang='lat' dir='ltr'>strenuis</span> <span class='ocrx_word' id='word_1_317' title='bbox 1100 1818 1131 1841; x_wconf 89' lang='lat' dir='ltr'>ct</span> <span class='ocrx_word' id='word_1_318' title='bbox 1154 1810 1288 1840; x_wconf 85' lang='lat' dir='ltr'>fortibus</span> <span class='ocrx_word' id='word_1_319' title='bbox 1312 1809 1394 1840; x_wconf 86' lang='lat' dir='ltr'>mili·</span> 
     </span>
     <span class='ocr_line' id='line_1_47' title="bbox 431 1860 702 1900; baseline -0.015 -7"><span class='ocrx_word' id='word_1_320' title='bbox 431 1862 518 1893; x_wconf 90' lang='lat' dir='ltr'>tibus</span> <span class='ocrx_word' id='word_1_321' title='bbox 553 1860 702 1900; x_wconf 90' lang='lat' dir='ltr'>stipatus,</span> 
     </span>
    </p>
   </div>
   <div class='ocr_carea' id='block_1_11' title="bbox 745 1852 1421 1891">
    <p class='ocr_par' dir='ltr' id='par_1_11' title="bbox 745 1852 1421 1891">
     <span class='ocr_line' id='line_1_48' title="bbox 745 1852 1421 1891; baseline -0.015 0"><span class='ocrx_word' id='word_1_322' title='bbox 745 1870 810 1891; x_wconf 90' lang='lat' dir='ltr'>non</span> <span class='ocrx_word' id='word_1_323' title='bbox 844 1865 952 1889; x_wconf 83' lang='lat' dir='ltr'>tamen</span> <span class='ocrx_word' id='word_1_324' title='bbox 987 1864 1045 1886; x_wconf 88' lang='lat' dir='ltr'>sua</span> <span class='ocrx_word' id='word_1_325' title='bbox 1078 1853 1109 1883; x_wconf 89' lang='lat' dir='ltr'>vi</span> <span class='ocrx_word' id='word_1_326' title='bbox 1144 1860 1174 1883; x_wconf 86' lang='lat' dir='ltr'>et</span> <span class='ocrx_word' id='word_1_327' title='bbox 1207 1852 1421 1883; x_wconf 58' lang='lat' dir='ltr'>fortitudine}</span> 
     </span>
    </p>
   </div>
   <div class='ocr_carea' id='block_1_12' title="bbox 432 1895 1421 1942">
    <p class='ocr_par' dir='ltr' id='par_1_12' title="bbox 432 1895 1421 1942">
     <span class='ocr_line' id='line_1_49' title="bbox 432 1895 1421 1942; baseline -0.013 -6"><span class='ocrx_word' id='word_1_328' title='bbox 432 1904 543 1936; x_wconf 88' lang='lat' dir='ltr'>fuisset</span> <span class='ocrx_word' id='word_1_329' title='bbox 571 1908 733 1941; x_wconf 84' lang='lat' dir='ltr'>servatus,</span> <span class='ocrx_word' id='word_1_330' title='bbox 763 1908 798 1934; x_wconf 86' lang='lat' dir='ltr'>ut</span> <span class='ocrx_word' id='word_1_331' title='bbox 827 1902 963 1942; x_wconf 87' lang='lat' dir='ltr'>ipsemet</span> <span class='ocrx_word' id='word_1_332' title='bbox 986 1896 1071 1929; x_wconf 88' lang='lat' dir='ltr'>Psal.</span> <span class='ocrx_word' id='word_1_333' title='bbox 1096 1895 1136 1927; x_wconf 87' lang='lat'>33</span> <span class='ocrx_word' id='word_1_334' title='bbox 1160 1895 1260 1930; x_wconf 83' lang='lat' dir='ltr'>docet,</span> <span class='ocrx_word' id='word_1_335' title='bbox 1286 1905 1394 1935; x_wconf 84' lang='lat' dir='ltr'>regem</span> <span class='ocrx_word' id='word_1_336' title='bbox 1420 1900 1421 1905; x_wconf 60' lang='lat'>¹</span> 
     </span>
    </p>
   </div>
   <div class='ocr_carea' id='block_1_13' title="bbox 433 1938 1394 2022">
    <p class='ocr_par' dir='ltr' id='par_1_13' title="bbox 433 1938 1394 2022">
     <span class='ocr_line' id='line_1_50' title="bbox 433 1938 1394 1987; baseline -0.012 -9"><span class='ocrx_word' id='word_1_337' title='bbox 433 1957 497 1979; x_wconf 89' lang='lat' dir='ltr'>non</span> <span class='ocrx_word' id='word_1_338' title='bbox 530 1946 655 1977; x_wconf 85' lang='lat' dir='ltr'>servari</span> <span class='ocrx_word' id='word_1_339' title='bbox 685 1946 805 1977; x_wconf 90' lang='lat' dir='ltr'>virtute</span> <span class='ocrx_word' id='word_1_340' title='bbox 835 1955 901 1981; x_wconf 89' lang='lat' dir='ltr'>sua,</span> <span class='ocrx_word' id='word_1_341' title='bbox 933 1951 1037 1981; x_wconf 90' lang='lat' dir='ltr'>neque</span> <span class='ocrx_word' id='word_1_342' title='bbox 1065 1938 1137 1987; x_wconf 76' lang='lat' dir='ltr'>equi</span> <span class='ocrx_word' id='word_1_343' title='bbox 1169 1938 1261 1968; x_wconf 89' lang='lat' dir='ltr'>fortis</span> <span class='ocrx_word' id='word_1_344' title='bbox 1284 1939 1394 1968; x_wconf 88' lang='lat' dir='ltr'>celeri-</span> 
     </span>
     <span class='ocr_line' id='line_1_51' title="bbox 433 1985 1242 2022; baseline -0.015 0"><span class='ocrx_word' id='word_1_345' title='bbox 433 1996 515 2022; x_wconf 85' lang='lat' dir='ltr'>tate:</span> <span class='ocrx_word' id='word_1_346' title='bbox 546 1988 601 2020; x_wconf 89' lang='lat' dir='ltr'>sed</span> <span class='ocrx_word' id='word_1_347' title='bbox 632 1988 672 2019; x_wconf 87' lang='lat' dir='ltr'>ab</span> <span class='ocrx_word' id='word_1_348' title='bbox 701 1999 764 2020; x_wconf 93' lang='lat' dir='ltr'>uno</span> <span class='ocrx_word' id='word_1_349' title='bbox 793 1987 864 2018; x_wconf 90' lang='lat' dir='ltr'>Deo</span> <span class='ocrx_word' id='word_1_350' title='bbox 887 1985 1022 2017; x_wconf 82' lang='lat' dir='ltr'>salutem</span> <span class='ocrx_word' id='word_1_351' title='bbox 1046 1988 1242 2021; x_wconf 85' lang='lat' dir='ltr'>contingere.</span> 
     </span>
    </p>
   </div>
   <div class='ocr_carea' id='block_1_14' title="bbox 1288 1980 1423 2018">
    <p class='ocr_par' dir='ltr' id='par_1_14' title="bbox 1288 1980 1423 2018">
     <span class='ocr_line' id='line_1_52' title="bbox 1288 1980 1423 2018; baseline -0.007 -7"><span class='ocrx_word' id='word_1_352' title='bbox 1288 1980 1397 2018; x_wconf 78' lang='lat' dir='ltr'>Quare</span> <span class='ocrx_word' id='word_1_353' title='bbox 1422 1988 1423 1997; x_wconf 64' lang='lat'>¹</span> 
     </span>
    </p>
   </div>
   <div class='ocr_carea' id='block_1_15' title="bbox 432 2023 1423 2065">
    <p class='ocr_par' dir='ltr' id='par_1_15' title="bbox 432 2023 1423 2065">
     <span class='ocr_line' id='line_1_53' title="bbox 432 2023 1423 2065; baseline -0.012 -1"><span class='ocrx_word' id='word_1_354' title='bbox 432 2035 504 2065; x_wconf 90' lang='lat' dir='ltr'>licet</span> <span class='ocrx_word' id='word_1_355' title='bbox 547 2031 725 2062; x_wconf 89' lang='lat' dir='ltr'>multorum</span> <span class='ocrx_word' id='word_1_356' title='bbox 765 2030 905 2061; x_wconf 85' lang='lat' dir='ltr'>militum</span> <span class='ocrx_word' id='word_1_357' title='bbox 952 2026 1076 2058; x_wconf 87' lang='lat' dir='ltr'>viribus</span> <span class='ocrx_word' id='word_1_358' title='bbox 1117 2023 1224 2055; x_wconf 84' lang='lat' dir='ltr'>David</span> <span class='ocrx_word' id='word_1_359' title='bbox 1267 2025 1423 2054; x_wconf 62' lang='lat' dir='ltr'>evectus*</span> 
     </span>
    </p>
   </div>
   <div class='ocr_carea' id='block_1_16' title="bbox 432 2065 1405 2713">
    <p class='ocr_par' dir='ltr' id='par_1_16' title="bbox 432 2065 1405 2713">
     <span class='ocr_line' id='line_1_54' title="bbox 432 2065 1396 2115; baseline -0.015 -7"><span class='ocrx_word' id='word_1_360' title='bbox 432 2077 556 2115; x_wconf 82' lang='lat' dir='ltr'>fuisset,</span> <span class='ocrx_word' id='word_1_361' title='bbox 598 2084 662 2105; x_wconf 90' lang='lat' dir='ltr'>non</span> <span class='ocrx_word' id='word_1_362' title='bbox 698 2080 805 2105; x_wconf 84' lang='lat' dir='ltr'>tamen</span> <span class='ocrx_word' id='word_1_363' title='bbox 835 2079 901 2104; x_wconf 88' lang='lat' dir='ltr'>tam</span> <span class='ocrx_word' id='word_1_364' title='bbox 932 2075 1054 2102; x_wconf 88' lang='lat' dir='ltr'>certum</span> <span class='ocrx_word' id='word_1_365' title='bbox 1085 2067 1200 2098; x_wconf 83' lang='lat' dir='ltr'>fuisset</span> <span class='ocrx_word' id='word_1_366' title='bbox 1229 2065 1396 2113; x_wconf 79' lang='lat' dir='ltr'>auxilium,</span> 
     </span>
     <span class='ocr_line' id='line_1_55' title="bbox 433 2107 1398 2160; baseline -0.013 -10"><span class='ocrx_word' id='word_1_367' title='bbox 433 2129 529 2160; x_wconf 87' lang='lat' dir='ltr'>quam</span> <span class='ocrx_word' id='word_1_368' title='bbox 553 2127 654 2157; x_wconf 90' lang='lat' dir='ltr'>quum</span> <span class='ocrx_word' id='word_1_369' title='bbox 678 2116 781 2157; x_wconf 88' lang='lat' dir='ltr'>ephod</span> <span class='ocrx_word' id='word_1_370' title='bbox 805 2115 936 2155; x_wconf 85' lang='lat' dir='ltr'>accepit.</span> <span class='ocrx_word' id='word_1_371' title='bbox 982 2112 1147 2158; x_wconf 40' lang='lat' dir='ltr'>Nam&#39;per</span> <span class='ocrx_word' id='word_1_372' title='bbox 1169 2107 1273 2148; x_wconf 87' lang='lat' dir='ltr'>ephod</span> <span class='ocrx_word' id='word_1_373' title='bbox 1293 2109 1398 2155; x_wconf 74' lang='lat' dir='ltr'>aditus</span> 
     </span>
     <span class='ocr_line' id='line_1_56' title="bbox 434 2151 1399 2199; baseline -0.01 -7"><span class='ocrx_word' id='word_1_374' title='bbox 434 2162 473 2194; x_wconf 90' lang='lat' dir='ltr'>ad</span> <span class='ocrx_word' id='word_1_375' title='bbox 510 2160 614 2191; x_wconf 90' lang='lat' dir='ltr'>Deum</span> <span class='ocrx_word' id='word_1_376' title='bbox 650 2159 710 2199; x_wconf 91' lang='lat' dir='ltr'>ipsi</span> <span class='ocrx_word' id='word_1_377' title='bbox 745 2159 857 2199; x_wconf 85' lang='lat' dir='ltr'>patuit,</span> <span class='ocrx_word' id='word_1_378' title='bbox 892 2162 929 2188; x_wconf 90' lang='lat' dir='ltr'>ut</span> <span class='ocrx_word' id='word_1_379' title='bbox 963 2154 1039 2196; x_wconf 91' lang='lat' dir='ltr'>quid</span> <span class='ocrx_word' id='word_1_380' title='bbox 1070 2163 1101 2183; x_wconf 79' lang='lat' dir='ltr'>in</span> <span class='ocrx_word' id='word_1_381' title='bbox 1133 2151 1228 2183; x_wconf 88' lang='lat' dir='ltr'>rebus</span> <span class='ocrx_word' id='word_1_382' title='bbox 1252 2158 1399 2198; x_wconf 82' lang='lat' dir='ltr'>angustis</span> 
     </span>
     <span class='ocr_line' id='line_1_57' title="bbox 435 2194 1399 2242; baseline -0.013 -6"><span class='ocrx_word' id='word_1_383' title='bbox 435 2206 517 2236; x_wconf 84' lang='lat' dir='ltr'>facto</span> <span class='ocrx_word' id='word_1_384' title='bbox 547 2208 632 2234; x_wconf 85' lang='lat' dir='ltr'>esset</span> <span class='ocrx_word' id='word_1_385' title='bbox 660 2203 720 2242; x_wconf 94' lang='lat' dir='ltr'>ipsi</span> <span class='ocrx_word' id='word_1_386' title='bbox 752 2212 831 2242; x_wconf 91' lang='lat' dir='ltr'>opus</span> <span class='ocrx_word' id='word_1_387' title='bbox 861 2199 1074 2239; x_wconf 83' lang='lat' dir='ltr'>intelligeret:</span> <span class='ocrx_word' id='word_1_388' title='bbox 1110 2202 1143 2226; x_wconf 89' lang='lat' dir='ltr'>et</span> <span class='ocrx_word' id='word_1_389' title='bbox 1174 2194 1263 2225; x_wconf 86' lang='lat' dir='ltr'>Deus</span> <span class='ocrx_word' id='word_1_390' title='bbox 1294 2204 1399 2233; x_wconf 85' lang='lat' dir='ltr'>ipsum</span> 
     </span>
     <span class='ocr_line' id='line_1_58' title="bbox 435 2236 1400 2286; baseline -0.015 -7"><span class='ocrx_word' id='word_1_391' title='bbox 435 2247 537 2279; x_wconf 88' lang='lat' dir='ltr'>veluti</span> <span class='ocrx_word' id='word_1_392' title='bbox 572 2256 669 2276; x_wconf 91' lang='lat' dir='ltr'>manu</span> <span class='ocrx_word' id='word_1_393' title='bbox 699 2244 968 2285; x_wconf 89' lang='lat' dir='ltr'>comprehensum</span> <span class='ocrx_word' id='word_1_394' title='bbox 999 2240 1179 2286; x_wconf 32' lang='lat' dir='ltr'>certiorem‘</span> <span class='ocrx_word' id='word_1_395' title='bbox 1198 2236 1327 2284; x_wconf 77' lang='lat' dir='ltr'>faceret,</span> <span class='ocrx_word' id='word_1_396' title='bbox 1367 2247 1400 2267; x_wconf 88' lang='lat' dir='ltr'>se</span> 
     </span>
     <span class='ocr_line' id='line_1_59' title="bbox 436 2279 1400 2331; baseline -0.013 -10"><span class='ocrx_word' id='word_1_397' title='bbox 436 2295 639 2331; x_wconf 86' lang='lat' dir='ltr'>praesentem</span> <span class='ocrx_word' id='word_1_398' title='bbox 664 2289 727 2328; x_wconf 90' lang='lat' dir='ltr'>ipsi</span> <span class='ocrx_word' id='word_1_399' title='bbox 750 2287 861 2318; x_wconf 89' lang='lat' dir='ltr'>adfore</span> <span class='ocrx_word' id='word_1_400' title='bbox 884 2286 916 2317; x_wconf 91' lang='lat' dir='ltr'>in</span> <span class='ocrx_word' id='word_1_401' title='bbox 939 2283 1090 2316; x_wconf 89' lang='lat' dir='ltr'>omnibus</span> <span class='ocrx_word' id='word_1_402' title='bbox 1113 2279 1274 2328; x_wconf 71' lang='lat' dir='ltr'>periculis,</span> <span class='ocrx_word' id='word_1_403' title='bbox 1305 2286 1336 2310; x_wconf 88' lang='lat' dir='ltr'>et</span> <span class='ocrx_word' id='word_1_404' title='bbox 1360 2290 1400 2310; x_wconf 78' lang='lat' dir='ltr'>ex</span> 
     </span>
     <span class='ocr_line' id='line_1_60' title="bbox 436 2323 1400 2371; baseline -0.013 -7"><span class='ocrx_word' id='word_1_405' title='bbox 436 2332 585 2365; x_wconf 90' lang='lat' dir='ltr'>omuibus</span> <span class='ocrx_word' id='word_1_406' title='bbox 615 2331 742 2362; x_wconf 88' lang='lat' dir='ltr'>salvum</span> <span class='ocrx_word' id='word_1_407' title='bbox 778 2336 811 2360; x_wconf 87' lang='lat' dir='ltr'>et</span> <span class='ocrx_word' id='word_1_408' title='bbox 843 2328 1038 2360; x_wconf 81' lang='lat' dir='ltr'>ineolumem</span> <span class='ocrx_word' id='word_1_409' title='bbox 1061 2328 1304 2366; x_wconf 82' lang='lat' dir='ltr'>praestiturum.</span> <span class='ocrx_word' id='word_1_410' title='bbox 1350 2323 1400 2371; x_wconf 65' lang='lat' dir='ltr'>En</span> 
     </span>
     <span class='ocr_line' id='line_1_61' title="bbox 437 2366 1401 2417; baseline -0.013 -9"><span class='ocrx_word' id='word_1_411' title='bbox 437 2386 500 2417; x_wconf 88' lang='lat' dir='ltr'>qua</span> <span class='ocrx_word' id='word_1_412' title='bbox 529 2375 655 2406; x_wconf 85' lang='lat' dir='ltr'>ratione</span> <span class='ocrx_word' id='word_1_413' title='bbox 686 2373 777 2404; x_wconf 90' lang='lat' dir='ltr'>Deus</span> <span class='ocrx_word' id='word_1_414' title='bbox 807 2372 910 2403; x_wconf 89' lang='lat' dir='ltr'>servis</span> <span class='ocrx_word' id='word_1_415' title='bbox 941 2370 1009 2403; x_wconf 84' lang='lat' dir='ltr'>suis</span> <span class='ocrx_word' id='word_1_416' title='bbox 1032 2368 1072 2399; x_wconf 90' lang='lat' dir='ltr'>de</span> <span class='ocrx_word' id='word_1_417' title='bbox 1094 2366 1189 2398; x_wconf 87' lang='lat' dir='ltr'>rebus</span> <span class='ocrx_word' id='word_1_418' title='bbox 1212 2375 1401 2414; x_wconf 78' lang='lat' dir='ltr'>necessariis</span> 
     </span>
     <span class='ocr_line' id='line_1_62' title="bbox 437 2412 1401 2460; baseline -0.011 -10"><span class='ocrx_word' id='word_1_419' title='bbox 437 2417 596 2460; x_wconf 88' lang='lat' dir='ltr'>providet,</span> <span class='ocrx_word' id='word_1_420' title='bbox 620 2417 659 2447; x_wconf 92' lang='lat' dir='ltr'>de</span> <span class='ocrx_word' id='word_1_421' title='bbox 682 2415 798 2456; x_wconf 90' lang='lat' dir='ltr'>quibus</span> <span class='ocrx_word' id='word_1_422' title='bbox 823 2421 929 2446; x_wconf 87' lang='lat' dir='ltr'>tamen</span> <span class='ocrx_word' id='word_1_423' title='bbox 954 2412 1000 2444; x_wconf 95' lang='lat' dir='ltr'>illi</span> <span class='ocrx_word' id='word_1_424' title='bbox 1025 2419 1189 2457; x_wconf 82' lang='lat' dir='ltr'>nunquam</span> <span class='ocrx_word' id='word_1_425' title='bbox 1209 2413 1401 2448; x_wconf 80' lang='lat' dir='ltr'>cogitarant.</span> 
     </span>
     <span class='ocr_line' id='line_1_63' title="bbox 437 2451 1402 2500; baseline -0.01 -8"><span class='ocrx_word' id='word_1_426' title='bbox 437 2462 505 2494; x_wconf 87' lang='lat' dir='ltr'>Nos</span> <span class='ocrx_word' id='word_1_427' title='bbox 529 2459 656 2500; x_wconf 89' lang='lat' dir='ltr'>quidem</span> <span class='ocrx_word' id='word_1_428' title='bbox 680 2469 758 2490; x_wconf 88' lang='lat' dir='ltr'>sane</span> <span class='ocrx_word' id='word_1_429' title='bbox 778 2469 842 2489; x_wconf 87' lang='lat' dir='ltr'>non</span> <span class='ocrx_word' id='word_1_430' title='bbox 862 2461 988 2497; x_wconf 89' lang='lat' dir='ltr'>oportet</span> <span class='ocrx_word' id='word_1_431' title='bbox 1007 2454 1085 2485; x_wconf 89' lang='lat' dir='ltr'>adeo</span> <span class='ocrx_word' id='word_1_432' title='bbox 1104 2451 1305 2500; x_wconf 79' lang='lat' dir='ltr'>negligentes</span> <span class='ocrx_word' id='word_1_433' title='bbox 1324 2461 1402 2500; x_wconf 79' lang='lat' dir='ltr'>esse,</span> 
     </span>
     <span class='ocr_line' id='line_1_64' title="bbox 438 2495 1404 2540; baseline -0.012 -5"><span class='ocrx_word' id='word_1_434' title='bbox 438 2512 475 2537; x_wconf 91' lang='lat' dir='ltr'>ut</span> <span class='ocrx_word' id='word_1_435' title='bbox 505 2514 568 2534; x_wconf 93' lang='lat' dir='ltr'>non</span> <span class='ocrx_word' id='word_1_436' title='bbox 593 2501 727 2533; x_wconf 84' lang='lat' dir='ltr'>sollicite</span> <span class='ocrx_word' id='word_1_437' title='bbox 751 2501 982 2540; x_wconf 85' lang='lat' dir='ltr'>investigemus</span> <span class='ocrx_word' id='word_1_438' title='bbox 1005 2507 1086 2538; x_wconf 88' lang='lat' dir='ltr'>quae</span> <span class='ocrx_word' id='word_1_439' title='bbox 1109 2495 1200 2527; x_wconf 82' lang='lat' dir='ltr'>nobis</span> <span class='ocrx_word' id='word_1_440' title='bbox 1223 2503 1404 2525; x_wconf 78' lang='lat' dir='ltr'>necessaria</span> 
     </span>
     <span class='ocr_line' id='line_1_65' title="bbox 439 2536 1404 2585; baseline -0.012 -7"><span class='ocrx_word' id='word_1_441' title='bbox 439 2552 524 2584; x_wconf 88' lang='lat' dir='ltr'>sunt,</span> <span class='ocrx_word' id='word_1_442' title='bbox 549 2551 585 2576; x_wconf 89' lang='lat' dir='ltr'>ut</span> <span class='ocrx_word' id='word_1_443' title='bbox 609 2545 713 2576; x_wconf 90' lang='lat' dir='ltr'>Deum</span> <span class='ocrx_word' id='word_1_444' title='bbox 739 2543 885 2584; x_wconf 78' lang='lat' dir='ltr'>precibus</span> <span class='ocrx_word' id='word_1_445' title='bbox 906 2552 962 2582; x_wconf 87' lang='lat' dir='ltr'>pro</span> <span class='ocrx_word' id='word_1_446' title='bbox 981 2541 1045 2572; x_wconf 93' lang='lat' dir='ltr'>illis</span> <span class='ocrx_word' id='word_1_447' title='bbox 1063 2537 1280 2573; x_wconf 78' lang='lat' dir='ltr'>sollicitemus,</span> <span class='ocrx_word' id='word_1_448' title='bbox 1304 2536 1404 2585; x_wconf 77' lang='lat' dir='ltr'>donee</span> 
     </span>
     <span class='ocr_line' id='line_1_66' title="bbox 440 2581 1405 2629; baseline -0.013 -7"><span class='ocrx_word' id='word_1_449' title='bbox 440 2589 572 2622; x_wconf 87' lang='lat' dir='ltr'>tandem</span> <span class='ocrx_word' id='word_1_450' title='bbox 606 2587 645 2618; x_wconf 85' lang='lat' dir='ltr'>ab</span> <span class='ocrx_word' id='word_1_451' title='bbox 676 2588 745 2628; x_wconf 86' lang='lat' dir='ltr'>ipso</span> <span class='ocrx_word' id='word_1_452' title='bbox 785 2587 1003 2626; x_wconf 84' lang='lat' dir='ltr'>impetremus.</span> <span class='ocrx_word' id='word_1_453' title='bbox 1060 2581 1184 2628; x_wconf 43' lang='lat' dir='ltr'>Quare·</span> <span class='ocrx_word' id='word_1_454' title='bbox 1204 2589 1268 2629; x_wconf 76' lang='lat' dir='ltr'>quo</span> <span class='ocrx_word' id='word_1_455' title='bbox 1296 2589 1405 2628; x_wconf 30' lang='lat' dir='ltr'>‘maio-</span> 
     </span>
     <span class='ocr_line' id='line_1_67' title="bbox 441 2621 1405 2671; baseline -0.012 -7"><span class='ocrx_word' id='word_1_456' title='bbox 441 2633 531 2664; x_wconf 84' lang='lat' dir='ltr'>ribus</span> <span class='ocrx_word' id='word_1_457' title='bbox 553 2630 695 2670; x_wconf 91' lang='lat' dir='ltr'>undique</span> <span class='ocrx_word' id='word_1_458' title='bbox 718 2630 880 2670; x_wconf 86' lang='lat' dir='ltr'>cingimur</span> <span class='ocrx_word' id='word_1_459' title='bbox 902 2626 1062 2668; x_wconf 87' lang='lat' dir='ltr'>perieulis,</span> <span class='ocrx_word' id='word_1_460' title='bbox 1095 2636 1132 2656; x_wconf 89' lang='lat' dir='ltr'>eo</span> <span class='ocrx_word' id='word_1_461' title='bbox 1155 2622 1342 2671; x_wconf 71' lang='lat' dir='ltr'>diligentius</span> <span class='ocrx_word' id='word_1_462' title='bbox 1365 2621 1405 2653; x_wconf 88' lang='lat' dir='ltr'>ad</span> 
     </span>
     <span class='ocr_line' id='line_1_68' title="bbox 443 2668 1404 2713; baseline -0.011 -7"><span class='ocrx_word' id='word_1_463' title='bbox 443 2676 548 2706; x_wconf 87' lang='lat' dir='ltr'>Denm</span> <span class='ocrx_word' id='word_1_464' title='bbox 569 2673 741 2713; x_wconf 86' lang='lat' dir='ltr'>confugere</span> <span class='ocrx_word' id='word_1_465' title='bbox 760 2671 928 2703; x_wconf 88' lang='lat' dir='ltr'>debemus:</span> <span class='ocrx_word' id='word_1_466' title='bbox 949 2676 979 2701; x_wconf 86' lang='lat' dir='ltr'>et</span> <span class='ocrx_word' id='word_1_467' title='bbox 1000 2678 1099 2709; x_wconf 90' lang='lat' dir='ltr'>quum</span> <span class='ocrx_word' id='word_1_468' title='bbox 1120 2668 1289 2699; x_wconf 83' lang='lat' dir='ltr'>fecerimus</span> <span class='ocrx_word' id='word_1_469' title='bbox 1307 2675 1404 2705; x_wconf 86' lang='lat' dir='ltr'>quae·</span> 
     </span>
    </p>
   </div>
   <div class='ocr_carea' id='block_1_17' title="bbox 1437 607 2424 2704">
    <p class='ocr_par' dir='ltr' id='par_1_17' title="bbox 1437 607 2424 2704">
     <span class='ocr_line' id='line_1_69' title="bbox 1438 607 2401 649; baseline -0.002 -9"><span class='ocrx_word' id='word_1_470' title='bbox 1438 611 1526 640; x_wconf 81' lang='lat' dir='ltr'>miris</span> <span class='ocrx_word' id='word_1_471' title='bbox 1568 608 1670 639; x_wconf 88' lang='lat' dir='ltr'>modis</span> <span class='ocrx_word' id='word_1_472' title='bbox 1706 618 1776 639; x_wconf 78' lang='lat' dir='ltr'>sese</span> <span class='ocrx_word' id='word_1_473' title='bbox 1810 610 2044 649; x_wconf 78' lang='lat' dir='ltr'>torquentibus,</span> <span class='ocrx_word' id='word_1_474' title='bbox 2084 614 2116 640; x_wconf 85' lang='lat' dir='ltr'>et</span> <span class='ocrx_word' id='word_1_475' title='bbox 2150 608 2305 639; x_wconf 85' lang='lat' dir='ltr'>adversus</span> <span class='ocrx_word' id='word_1_476' title='bbox 2340 607 2401 638; x_wconf 91' lang='lat' dir='ltr'>Dei</span> 
     </span>
     <span class='ocr_line' id='line_1_70' title="bbox 1438 650 2401 691; baseline 0 -9"><span class='ocrx_word' id='word_1_477' title='bbox 1438 653 1520 682; x_wconf 71' lang='lat' dir='ltr'>lilios</span> <span class='ocrx_word' id='word_1_478' title='bbox 1550 650 1685 683; x_wconf 82' lang='lat' dir='ltr'>consilia</span> <span class='ocrx_word' id='word_1_479' title='bbox 1715 651 1894 691; x_wconf 85' lang='lat' dir='ltr'>perniciosa</span> <span class='ocrx_word' id='word_1_480' title='bbox 1925 652 2118 689; x_wconf 85' lang='lat' dir='ltr'>ineuntibus,</span> <span class='ocrx_word' id='word_1_481' title='bbox 2153 651 2269 691; x_wconf 88' lang='lat' dir='ltr'>quibus</span> <span class='ocrx_word' id='word_1_482' title='bbox 2291 650 2401 682; x_wconf 86' lang='lat' dir='ltr'>fideles</span> 
     </span>
     <span class='ocr_line' id='line_1_71' title="bbox 1439 693 2402 733; baseline -0.001 -8"><span class='ocrx_word' id='word_1_483' title='bbox 1439 695 1647 726; x_wconf 75' lang='lat' dir='ltr'>veliementer</span> <span class='ocrx_word' id='word_1_484' title='bbox 1682 700 1813 733; x_wconf 83' lang='lat' dir='ltr'>possent</span> <span class='ocrx_word' id='word_1_485' title='bbox 1844 695 2049 732; x_wconf 86' lang='lat' dir='ltr'>commoveri,</span> <span class='ocrx_word' id='word_1_486' title='bbox 2088 694 2143 726; x_wconf 91' lang='lat' dir='ltr'>sed</span> <span class='ocrx_word' id='word_1_487' title='bbox 2178 693 2286 725; x_wconf 84' lang='lat' dir='ltr'>Deum</span> <span class='ocrx_word' id='word_1_488' title='bbox 2319 693 2402 725; x_wconf 87' lang='lat' dir='ltr'>filios</span> 
     </span>
     <span class='ocr_line' id='line_1_72' title="bbox 1437 735 2402 777; baseline 0.001 -10"><span class='ocrx_word' id='word_1_489' title='bbox 1437 747 1512 768; x_wconf 87' lang='lat' dir='ltr'>suos</span> <span class='ocrx_word' id='word_1_490' title='bbox 1553 735 1748 767; x_wconf 87' lang='lat' dir='ltr'>dormientes</span> <span class='ocrx_word' id='word_1_491' title='bbox 1790 744 2012 768; x_wconf 86' lang='lat' dir='ltr'>servaturum:</span> <span class='ocrx_word' id='word_1_492' title='bbox 2056 737 2086 768; x_wconf 92' lang='lat' dir='ltr'>id</span> <span class='ocrx_word' id='word_1_493' title='bbox 2121 742 2169 769; x_wconf 87' lang='lat' dir='ltr'>est</span> <span class='ocrx_word' id='word_1_494' title='bbox 2202 747 2219 767; x_wconf 88' lang='lat' dir='ltr'>e</span> <span class='ocrx_word' id='word_1_495' title='bbox 2251 736 2402 777; x_wconf 88' lang='lat' dir='ltr'>perieulis</span> 
     </span>
     <span class='ocr_line' id='line_1_73' title="bbox 1437 779 2403 820; baseline -0.001 -9"><span class='ocrx_word' id='word_1_496' title='bbox 1437 786 1634 819; x_wconf 83' lang='lat' dir='ltr'>erepturum,</span> <span class='ocrx_word' id='word_1_497' title='bbox 1657 779 1718 809; x_wconf 85' lang='lat' dir='ltr'>etsi</span> <span class='ocrx_word' id='word_1_498' title='bbox 1742 790 1845 819; x_wconf 90' lang='lat' dir='ltr'>neque</span> <span class='ocrx_word' id='word_1_499' title='bbox 1868 780 2000 818; x_wconf 85' lang='lat' dir='ltr'>viribus,</span> <span class='ocrx_word' id='word_1_500' title='bbox 2025 790 2129 820; x_wconf 90' lang='lat' dir='ltr'>neque</span> <span class='ocrx_word' id='word_1_501' title='bbox 2151 779 2282 811; x_wconf 91' lang='lat' dir='ltr'>consilio</span> <span class='ocrx_word' id='word_1_502' title='bbox 2305 785 2337 811; x_wconf 88' lang='lat' dir='ltr'>et</span> <span class='ocrx_word' id='word_1_503' title='bbox 2354 779 2403 810; x_wconf 89' lang='lat' dir='ltr'>iu·</span> 
     </span>
     <span class='ocr_line' id='line_1_74' title="bbox 1437 822 2403 862; baseline -0.001 -9"><span class='ocrx_word' id='word_1_504' title='bbox 1437 822 1570 859; x_wconf 87' lang='lat' dir='ltr'>dustria,</span> <span class='ocrx_word' id='word_1_505' title='bbox 1600 831 1703 861; x_wconf 88' lang='lat' dir='ltr'>neque</span> <span class='ocrx_word' id='word_1_506' title='bbox 1725 822 1943 854; x_wconf 85' lang='lat' dir='ltr'>sollieitudine</span> <span class='ocrx_word' id='word_1_507' title='bbox 1967 833 2058 854; x_wconf 87' lang='lat' dir='ltr'>suam</span> <span class='ocrx_word' id='word_1_508' title='bbox 2083 823 2221 853; x_wconf 89' lang='lat' dir='ltr'>salutem</span> <span class='ocrx_word' id='word_1_509' title='bbox 2244 822 2304 862; x_wconf 88' lang='lat' dir='ltr'>ipsi</span> <span class='ocrx_word' id='word_1_510' title='bbox 2328 831 2403 862; x_wconf 89' lang='lat' dir='ltr'>que-</span> 
     </span>
     <span class='ocr_line' id='line_1_75' title="bbox 1438 865 2402 906; baseline -0.002 -10"><span class='ocrx_word' id='word_1_511' title='bbox 1438 872 1494 896; x_wconf 87' lang='lat' dir='ltr'>ant</span> <span class='ocrx_word' id='word_1_512' title='bbox 1517 874 1715 905; x_wconf 86' lang='lat' dir='ltr'>promovere.</span> <span class='ocrx_word' id='word_1_513' title='bbox 1761 865 1812 895; x_wconf 90' lang='lat' dir='ltr'>En</span> <span class='ocrx_word' id='word_1_514' title='bbox 1837 866 1995 905; x_wconf 89' lang='lat' dir='ltr'>quomodo</span> <span class='ocrx_word' id='word_1_515' title='bbox 2021 866 2110 897; x_wconf 84' lang='lat' dir='ltr'>Deus</span> <span class='ocrx_word' id='word_1_516' title='bbox 2134 871 2260 896; x_wconf 90' lang='lat' dir='ltr'>nostras</span> <span class='ocrx_word' id='word_1_517' title='bbox 2283 865 2402 906; x_wconf 87' lang='lat' dir='ltr'>eogita-</span> 
     </span>
     <span class='ocr_line' id='line_1_76' title="bbox 1439 907 2404 948; baseline -0.001 -10"><span class='ocrx_word' id='word_1_518' title='bbox 1439 909 1542 938; x_wconf 83' lang='lat' dir='ltr'>ti‹›nes</span> <span class='ocrx_word' id='word_1_519' title='bbox 1576 914 1715 946; x_wconf 85' lang='lat' dir='ltr'>superat,</span> <span class='ocrx_word' id='word_1_520' title='bbox 1750 914 1783 938; x_wconf 86' lang='lat' dir='ltr'>et</span> <span class='ocrx_word' id='word_1_521' title='bbox 1816 909 1908 939; x_wconf 88' lang='lat' dir='ltr'>nobis</span> <span class='ocrx_word' id='word_1_522' title='bbox 1943 908 2192 948; x_wconf 70' lang='lat' dir='ltr'>incogitantibus</span> <span class='ocrx_word' id='word_1_523' title='bbox 2226 915 2257 939; x_wconf 88' lang='lat' dir='ltr'>et</span> <span class='ocrx_word' id='word_1_524' title='bbox 2286 907 2404 939; x_wconf 83' lang='lat' dir='ltr'>nesciis</span> 
     </span>
     <span class='ocr_line' id='line_1_77' title="bbox 1440 949 2404 991; baseline -0.001 -10"><span class='ocrx_word' id='word_1_525' title='bbox 1440 951 1619 982; x_wconf 79' lang='lat' dir='ltr'>necessaria</span> <span class='ocrx_word' id='word_1_526' title='bbox 1650 950 1807 989; x_wconf 89' lang='lat' dir='ltr'>providet,</span> <span class='ocrx_word' id='word_1_527' title='bbox 1837 959 1873 981; x_wconf 93' lang='lat' dir='ltr'>ut</span> <span class='ocrx_word' id='word_1_528' title='bbox 1902 951 1998 982; x_wconf 87' lang='lat' dir='ltr'>etiam</span> <span class='ocrx_word' id='word_1_529' title='bbox 2024 951 2119 991; x_wconf 78' lang='lat' dir='ltr'>longe</span> <span class='ocrx_word' id='word_1_530' title='bbox 2142 950 2257 982; x_wconf 86' lang='lat' dir='ltr'>melius</span> <span class='ocrx_word' id='word_1_531' title='bbox 2279 955 2311 982; x_wconf 83' lang='lat' dir='ltr'>et</span> <span class='ocrx_word' id='word_1_532' title='bbox 2333 949 2404 981; x_wconf 86' lang='lat' dir='ltr'>feli-</span> 
     </span>
     <span class='ocr_line' id='line_1_78' title="bbox 1438 992 2404 1034; baseline 0 -10"><span class='ocrx_word' id='word_1_533' title='bbox 1438 995 1506 1025; x_wconf 80' lang='lat' dir='ltr'>cius</span> <span class='ocrx_word' id='word_1_534' title='bbox 1538 1002 1589 1023; x_wconf 86' lang='lat' dir='ltr'>res</span> <span class='ocrx_word' id='word_1_535' title='bbox 1619 992 1711 1023; x_wconf 87' lang='lat' dir='ltr'>nobis</span> <span class='ocrx_word' id='word_1_536' title='bbox 1741 992 1925 1032; x_wconf 80' lang='lat' dir='ltr'>succedant,</span> <span class='ocrx_word' id='word_1_537' title='bbox 1956 1004 2051 1034; x_wconf 85' lang='lat' dir='ltr'>quum</span> <span class='ocrx_word' id='word_1_538' title='bbox 2076 1004 2206 1034; x_wconf 84' lang='lat' dir='ltr'>sperare</span> <span class='ocrx_word' id='word_1_539' title='bbox 2229 993 2299 1025; x_wconf 85' lang='lat' dir='ltr'>ausi</span> <span class='ocrx_word' id='word_1_540' title='bbox 2323 1003 2404 1025; x_wconf 90' lang='lat' dir='ltr'>esse-</span> 
     </span>
     <span class='ocr_line' id='line_1_79' title="bbox 1439 1035 2405 1077; baseline 0.001 -11"><span class='ocrx_word' id='word_1_541' title='bbox 1439 1047 1519 1067; x_wconf 82' lang='lat' dir='ltr'>mus.</span> <span class='ocrx_word' id='word_1_542' title='bbox 1567 1035 1783 1074; x_wconf 71' lang='lat' dir='ltr'>Quamobrem</span> <span class='ocrx_word' id='word_1_543' title='bbox 1808 1035 1860 1066; x_wconf 84' lang='lat' dir='ltr'>hio</span> <span class='ocrx_word' id='word_1_544' title='bbox 1883 1036 1970 1068; x_wconf 91' lang='lat' dir='ltr'>locus</span> <span class='ocrx_word' id='word_1_545' title='bbox 1993 1045 2042 1067; x_wconf 85' lang='lat' dir='ltr'>est</span> <span class='ocrx_word' id='word_1_546' title='bbox 2065 1036 2276 1077; x_wconf 75' lang='lat' dir='ltr'>dignissimus</span> <span class='ocrx_word' id='word_1_547' title='bbox 2297 1036 2405 1067; x_wconf 88' lang='lat' dir='ltr'>obser-</span> 
     </span>
     <span class='ocr_line' id='line_1_80' title="bbox 1439 1078 2406 1120; baseline 0.001 -11"><span class='ocrx_word' id='word_1_548' title='bbox 1439 1080 1578 1116; x_wconf 76' lang='lat' dir='ltr'>vatione,</span> <span class='ocrx_word' id='word_1_549' title='bbox 1600 1088 1698 1118; x_wconf 89' lang='lat' dir='ltr'>quum</span> <span class='ocrx_word' id='word_1_550' title='bbox 1721 1078 1826 1118; x_wconf 91' lang='lat' dir='ltr'>ephod</span> <span class='ocrx_word' id='word_1_551' title='bbox 1851 1078 1988 1120; x_wconf 87' lang='lat' dir='ltr'>legimus</span> <span class='ocrx_word' id='word_1_552' title='bbox 2011 1079 2142 1111; x_wconf 87' lang='lat' dir='ltr'>allatum</span> <span class='ocrx_word' id='word_1_553' title='bbox 2168 1079 2207 1110; x_wconf 91' lang='lat' dir='ltr'>ab</span> <span class='ocrx_word' id='word_1_554' title='bbox 2227 1078 2406 1110; x_wconf 83' lang='lat' dir='ltr'>Abiatharo</span> 
     </span>
     <span class='ocr_line' id='line_1_81' title="bbox 1439 1121 2405 1163; baseline 0.002 -13"><span class='ocrx_word' id='word_1_555' title='bbox 1439 1121 1569 1158; x_wconf 78' lang='lat' dir='ltr'>Davidi,</span> <span class='ocrx_word' id='word_1_556' title='bbox 1601 1132 1664 1150; x_wconf 87' lang='lat' dir='ltr'>nou</span> <span class='ocrx_word' id='word_1_557' title='bbox 1689 1121 1818 1160; x_wconf 90' lang='lat' dir='ltr'>quidem</span> <span class='ocrx_word' id='word_1_558' title='bbox 1844 1123 1977 1162; x_wconf 80' lang='lat' dir='ltr'>petenti,</span> <span class='ocrx_word' id='word_1_559' title='bbox 2008 1133 2111 1163; x_wconf 91' lang='lat' dir='ltr'>neque</span> <span class='ocrx_word' id='word_1_560' title='bbox 2135 1122 2173 1153; x_wconf 90' lang='lat' dir='ltr'>de</span> <span class='ocrx_word' id='word_1_561' title='bbox 2197 1126 2287 1152; x_wconf 91' lang='lat' dir='ltr'>tanto</span> <span class='ocrx_word' id='word_1_562' title='bbox 2311 1122 2405 1153; x_wconf 90' lang='lat' dir='ltr'>bene-</span> 
     </span>
     <span class='ocr_line' id='line_1_82' title="bbox 1441 1164 2404 1205; baseline 0 -11"><span class='ocrx_word' id='word_1_563' title='bbox 1441 1166 1511 1195; x_wconf 78' lang='lat' dir='ltr'>ficio</span> <span class='ocrx_word' id='word_1_564' title='bbox 1535 1164 1705 1203; x_wconf 76' lang='lat' dir='ltr'>cogitanti:</span> <span class='ocrx_word' id='word_1_565' title='bbox 1739 1164 1793 1194; x_wconf 89' lang='lat' dir='ltr'>sed</span> <span class='ocrx_word' id='word_1_566' title='bbox 1820 1164 1888 1195; x_wconf 88' lang='lat' dir='ltr'>Deo</span> <span class='ocrx_word' id='word_1_567' title='bbox 1912 1165 2013 1205; x_wconf 89' lang='lat' dir='ltr'>ipsius</span> <span class='ocrx_word' id='word_1_568' title='bbox 2036 1166 2221 1203; x_wconf 85' lang='lat' dir='ltr'>miserante,</span> <span class='ocrx_word' id='word_1_569' title='bbox 2251 1174 2347 1204; x_wconf 89' lang='lat' dir='ltr'>quem</span> <span class='ocrx_word' id='word_1_570' title='bbox 2369 1165 2404 1195; x_wconf 89' lang='lat' dir='ltr'>in</span> 
     </span>
     <span class='ocr_line' id='line_1_83' title="bbox 1441 1205 2404 1248; baseline 0.001 -11"><span class='ocrx_word' id='word_1_571' title='bbox 1441 1205 1686 1238; x_wconf 79' lang='lat' dir='ltr'>difficultatibus</span> <span class='ocrx_word' id='word_1_572' title='bbox 1710 1206 1828 1246; x_wconf 78' lang='lat' dir='ltr'>alioqui</span> <span class='ocrx_word' id='word_1_573' title='bbox 1852 1208 1920 1238; x_wconf 91' lang='lat' dir='ltr'>sine</span> <span class='ocrx_word' id='word_1_574' title='bbox 1945 1208 2077 1239; x_wconf 87' lang='lat' dir='ltr'>consilio</span> <span class='ocrx_word' id='word_1_575' title='bbox 2100 1208 2167 1239; x_wconf 89' lang='lat' dir='ltr'>fore</span> <span class='ocrx_word' id='word_1_576' title='bbox 2186 1207 2404 1248; x_wconf 85' lang='lat' dir='ltr'>praevidebat.</span> 
     </span>
     <span class='ocr_line' id='line_1_84' title="bbox 1440 1250 2410 1289; baseline 0.001 -8"><span class='ocrx_word' id='word_1_577' title='bbox 1440 1251 1614 1281; x_wconf 78' lang='lat' dir='ltr'>Caeterum</span> <span class='ocrx_word' id='word_1_578' title='bbox 1649 1250 1754 1280; x_wconf 87' lang='lat' dir='ltr'>Deum</span> <span class='ocrx_word' id='word_1_579' title='bbox 1776 1250 1904 1289; x_wconf 87' lang='lat' dir='ltr'>quidem</span> <span class='ocrx_word' id='word_1_580' title='bbox 1928 1256 2049 1282; x_wconf 88' lang='lat' dir='ltr'>certum</span> <span class='ocrx_word' id='word_1_581' title='bbox 2075 1256 2123 1282; x_wconf 90' lang='lat' dir='ltr'>est</span> <span class='ocrx_word' id='word_1_582' title='bbox 2146 1261 2210 1282; x_wconf 91' lang='lat' dir='ltr'>non</span> <span class='ocrx_word' id='word_1_583' title='bbox 2234 1250 2333 1282; x_wconf 87' lang='lat' dir='ltr'>fuisse</span> <span class='ocrx_word' id='word_1_584' title='bbox 2355 1250 2410 1282; x_wconf 86' lang='lat' dir='ltr'>isti</span> 
     </span>
     <span class='ocr_line' id='line_1_85' title="bbox 1441 1292 2408 1334; baseline 0.002 -11"><span class='ocrx_word' id='word_1_585' title='bbox 1441 1293 1547 1332; x_wconf 88' lang='lat' dir='ltr'>ephod</span> <span class='ocrx_word' id='word_1_586' title='bbox 1577 1292 1756 1332; x_wconf 85' lang='lat' dir='ltr'>alligatum,</span> <span class='ocrx_word' id='word_1_587' title='bbox 1791 1299 1823 1323; x_wconf 85' lang='lat' dir='ltr'>et</span> <span class='ocrx_word' id='word_1_588' title='bbox 1852 1294 1920 1324; x_wconf 89' lang='lat' dir='ltr'>sine</span> <span class='ocrx_word' id='word_1_589' title='bbox 1950 1294 2004 1325; x_wconf 92' lang='lat' dir='ltr'>illo</span> <span class='ocrx_word' id='word_1_590' title='bbox 2035 1294 2175 1333; x_wconf 88' lang='lat' dir='ltr'>potuisse</span> <span class='ocrx_word' id='word_1_591' title='bbox 2203 1302 2292 1324; x_wconf 86' lang='lat' dir='ltr'>suam</span> <span class='ocrx_word' id='word_1_592' title='bbox 2318 1303 2408 1334; x_wconf 87' lang='lat' dir='ltr'>prae·</span> 
     </span>
     <span class='ocr_line' id='line_1_86' title="bbox 1442 1335 2409 1376; baseline 0 -10"><span class='ocrx_word' id='word_1_593' title='bbox 1442 1337 1578 1366; x_wconf 86' lang='lat' dir='ltr'>sentiam</span> <span class='ocrx_word' id='word_1_594' title='bbox 1603 1341 1635 1366; x_wconf 87' lang='lat' dir='ltr'>et</span> <span class='ocrx_word' id='word_1_595' title='bbox 1657 1335 1814 1365; x_wconf 81' lang='lat' dir='ltr'>auxilium</span> <span class='ocrx_word' id='word_1_596' title='bbox 1839 1336 1958 1367; x_wconf 89' lang='lat' dir='ltr'>Davidi</span> <span class='ocrx_word' id='word_1_597' title='bbox 1977 1336 2231 1368; x_wconf 84' lang='lat' dir='ltr'>communicare:</span> <span class='ocrx_word' id='word_1_598' title='bbox 2256 1335 2312 1368; x_wconf 91' lang='lat' dir='ltr'>sed</span> <span class='ocrx_word' id='word_1_599' title='bbox 2332 1346 2409 1376; x_wconf 89' lang='lat' dir='ltr'>quo-</span> 
     </span>
     <span class='ocr_line' id='line_1_87' title="bbox 1443 1378 2408 1417; baseline 0.001 -8"><span class='ocrx_word' id='word_1_600' title='bbox 1443 1380 1528 1409; x_wconf 89' lang='lat' dir='ltr'>niam</span> <span class='ocrx_word' id='word_1_601' title='bbox 1552 1378 1764 1417; x_wconf 87' lang='lat' dir='ltr'>inquirendae</span> <span class='ocrx_word' id='word_1_602' title='bbox 1788 1379 1917 1409; x_wconf 86' lang='lat' dir='ltr'>divinae</span> <span class='ocrx_word' id='word_1_603' title='bbox 1942 1379 2117 1410; x_wconf 80' lang='lat' dir='ltr'>voluntatis</span> <span class='ocrx_word' id='word_1_604' title='bbox 2142 1379 2225 1410; x_wconf 81' lang='lat' dir='ltr'>lianc</span> <span class='ocrx_word' id='word_1_605' title='bbox 2248 1379 2408 1410; x_wconf 83' lang='lat' dir='ltr'>rationem</span> 
     </span>
     <span class='ocr_line' id='line_1_88' title="bbox 1446 1421 2410 1462; baseline 0.001 -10"><span class='ocrx_word' id='word_1_606' title='bbox 1446 1423 1533 1452; x_wconf 85' lang='lat' dir='ltr'>Deus</span> <span class='ocrx_word' id='word_1_607' title='bbox 1561 1422 1593 1451; x_wconf 89' lang='lat' dir='ltr'>in</span> <span class='ocrx_word' id='word_1_608' title='bbox 1623 1421 1692 1460; x_wconf 88' lang='lat' dir='ltr'>lege</span> <span class='ocrx_word' id='word_1_609' title='bbox 1724 1422 1983 1461; x_wconf 84' lang='lat' dir='ltr'>praescripserat,</span> <span class='ocrx_word' id='word_1_610' title='bbox 2014 1422 2130 1453; x_wconf 86' lang='lat' dir='ltr'>idcireo</span> <span class='ocrx_word' id='word_1_611' title='bbox 2161 1421 2295 1453; x_wconf 85' lang='lat' dir='ltr'>eandem</span> <span class='ocrx_word' id='word_1_612' title='bbox 2319 1423 2410 1462; x_wconf 89' lang='lat' dir='ltr'>sequi</span> 
     </span>
     <span class='ocr_line' id='line_1_89' title="bbox 1444 1462 2409 1501; baseline 0.002 -7"><span class='ocrx_word' id='word_1_613' title='bbox 1444 1464 1555 1501; x_wconf 81' lang='lat' dir='ltr'>voluit,</span> <span class='ocrx_word' id='word_1_614' title='bbox 1583 1470 1617 1494; x_wconf 88' lang='lat' dir='ltr'>ut</span> <span class='ocrx_word' id='word_1_615' title='bbox 1640 1462 1746 1494; x_wconf 86' lang='lat' dir='ltr'>David</span> <span class='ocrx_word' id='word_1_616' title='bbox 1770 1464 1804 1494; x_wconf 90' lang='lat' dir='ltr'>in</span> <span class='ocrx_word' id='word_1_617' title='bbox 1828 1464 1943 1495; x_wconf 87' lang='lat' dir='ltr'>timore</span> <span class='ocrx_word' id='word_1_618' title='bbox 1966 1470 1997 1496; x_wconf 91' lang='lat' dir='ltr'>et</span> <span class='ocrx_word' id='word_1_619' title='bbox 2021 1465 2203 1496; x_wconf 84' lang='lat' dir='ltr'>reverentia</span> <span class='ocrx_word' id='word_1_620' title='bbox 2225 1463 2326 1495; x_wconf 89' lang='lat' dir='ltr'>divini</span> <span class='ocrx_word' id='word_1_621' title='bbox 2349 1475 2409 1496; x_wconf 89' lang='lat' dir='ltr'>nu-</span> 
     </span>
     <span class='ocr_line' id='line_1_90' title="bbox 1443 1506 2410 1548; baseline 0.002 -12"><span class='ocrx_word' id='word_1_622' title='bbox 1443 1507 1540 1537; x_wconf 90' lang='lat' dir='ltr'>minis</span> <span class='ocrx_word' id='word_1_623' title='bbox 1568 1506 1773 1536; x_wconf 83' lang='lat' dir='ltr'>retineretur.</span> <span class='ocrx_word' id='word_1_624' title='bbox 1818 1506 1889 1538; x_wconf 89' lang='lat' dir='ltr'>Hoc</span> <span class='ocrx_word' id='word_1_625' title='bbox 1912 1507 2012 1547; x_wconf 86' lang='lat' dir='ltr'>igitur</span> <span class='ocrx_word' id='word_1_626' title='bbox 2035 1506 2140 1548; x_wconf 88' lang='lat' dir='ltr'>ephod</span> <span class='ocrx_word' id='word_1_627' title='bbox 2164 1506 2275 1538; x_wconf 88' lang='lat' dir='ltr'>Iudaei</span> <span class='ocrx_word' id='word_1_628' title='bbox 2299 1506 2410 1538; x_wconf 89' lang='lat' dir='ltr'>admo-</span> 
     </span>
     <span class='ocr_line' id='line_1_91' title="bbox 1444 1549 2411 1590; baseline 0.001 -10"><span class='ocrx_word' id='word_1_629' title='bbox 1444 1550 1617 1587; x_wconf 85' lang='lat' dir='ltr'>nebantur,</span> <span class='ocrx_word' id='word_1_630' title='bbox 1640 1560 1673 1579; x_wconf 91' lang='lat' dir='ltr'>se</span> <span class='ocrx_word' id='word_1_631' title='bbox 1696 1549 1730 1579; x_wconf 92' lang='lat' dir='ltr'>in</span> <span class='ocrx_word' id='word_1_632' title='bbox 1755 1549 1816 1579; x_wconf 91' lang='lat' dir='ltr'>Dei</span> <span class='ocrx_word' id='word_1_633' title='bbox 1840 1551 1994 1590; x_wconf 86' lang='lat' dir='ltr'>populum</span> <span class='ocrx_word' id='word_1_634' title='bbox 2018 1551 2136 1581; x_wconf 85' lang='lat' dir='ltr'>electos</span> <span class='ocrx_word' id='word_1_635' title='bbox 2160 1550 2267 1588; x_wconf 85' lang='lat' dir='ltr'>fuisse,</span> <span class='ocrx_word' id='word_1_636' title='bbox 2298 1554 2328 1580; x_wconf 80' lang='lat' dir='ltr'>et</span> <span class='ocrx_word' id='word_1_637' title='bbox 2351 1559 2411 1590; x_wconf 86' lang='lat' dir='ltr'>per</span> 
     </span>
     <span class='ocr_line' id='line_1_92' title="bbox 1443 1592 2412 1632; baseline 0.001 -9"><span class='ocrx_word' id='word_1_638' title='bbox 1443 1592 1614 1623; x_wconf 79' lang='lat' dir='ltr'>sacerdotii</span> <span class='ocrx_word' id='word_1_639' title='bbox 1651 1592 1790 1632; x_wconf 87' lang='lat' dir='ltr'>gratiam</span> <span class='ocrx_word' id='word_1_640' title='bbox 1824 1592 1858 1622; x_wconf 90' lang='lat' dir='ltr'>in</span> <span class='ocrx_word' id='word_1_641' title='bbox 1893 1603 2001 1623; x_wconf 88' lang='lat' dir='ltr'>amore</span> <span class='ocrx_word' id='word_1_642' title='bbox 2036 1593 2098 1624; x_wconf 90' lang='lat' dir='ltr'>Dei</span> <span class='ocrx_word' id='word_1_643' title='bbox 2132 1593 2273 1624; x_wconf 83' lang='lat' dir='ltr'>retineri.</span> <span class='ocrx_word' id='word_1_644' title='bbox 2330 1592 2412 1624; x_wconf 83' lang='lat' dir='ltr'>Erat</span> 
     </span>
     <span class='ocr_line' id='line_1_93' title="bbox 1444 1634 2410 1674; baseline 0.001 -9"><span class='ocrx_word' id='word_1_645' title='bbox 1444 1635 1530 1666; x_wconf 90' lang='lat' dir='ltr'>enim</span> <span class='ocrx_word' id='word_1_646' title='bbox 1550 1634 1762 1665; x_wconf 85' lang='lat' dir='ltr'>sacerdotium</span> <span class='ocrx_word' id='word_1_647' title='bbox 1782 1634 1937 1674; x_wconf 85' lang='lat' dir='ltr'>quaedam</span> <span class='ocrx_word' id='word_1_648' title='bbox 1958 1635 2152 1667; x_wconf 85' lang='lat' dir='ltr'>introductio</span> <span class='ocrx_word' id='word_1_649' title='bbox 2171 1635 2211 1666; x_wconf 91' lang='lat' dir='ltr'>ad</span> <span class='ocrx_word' id='word_1_650' title='bbox 2229 1635 2410 1667; x_wconf 87' lang='lat' dir='ltr'>Dominum</span> 
     </span>
     <span class='ocr_line' id='line_1_94' title="bbox 1446 1676 2411 1719; baseline 0.002 -12"><span class='ocrx_word' id='word_1_651' title='bbox 1446 1686 1593 1708; x_wconf 85' lang='lat' dir='ltr'>nostrum</span> <span class='ocrx_word' id='word_1_652' title='bbox 1623 1677 1733 1708; x_wconf 85' lang='lat' dir='ltr'>Iesum</span> <span class='ocrx_word' id='word_1_653' title='bbox 1755 1676 1941 1709; x_wconf 84' lang='lat' dir='ltr'>Christum:</span> <span class='ocrx_word' id='word_1_654' title='bbox 1971 1678 2054 1719; x_wconf 88' lang='lat' dir='ltr'>quod</span> <span class='ocrx_word' id='word_1_655' title='bbox 2079 1689 2097 1710; x_wconf 91' lang='lat' dir='ltr'>a</span> <span class='ocrx_word' id='word_1_656' title='bbox 2120 1689 2154 1710; x_wconf 87' lang='lat' dir='ltr'>se</span> <span class='ocrx_word' id='word_1_657' title='bbox 2175 1677 2257 1709; x_wconf 90' lang='lat' dir='ltr'>nihil</span> <span class='ocrx_word' id='word_1_658' title='bbox 2280 1678 2411 1710; x_wconf 88' lang='lat' dir='ltr'>firmum</span> 
     </span>
     <span class='ocr_line' id='line_1_95' title="bbox 1445 1720 2412 1756; baseline 0 -4"><span class='ocrx_word' id='word_1_659' title='bbox 1445 1727 1478 1752; x_wconf 91' lang='lat' dir='ltr'>et</span> <span class='ocrx_word' id='word_1_660' title='bbox 1508 1720 1648 1751; x_wconf 85' lang='lat' dir='ltr'>solidum</span> <span class='ocrx_word' id='word_1_661' title='bbox 1681 1720 1826 1756; x_wconf 87' lang='lat' dir='ltr'>habebat,</span> <span class='ocrx_word' id='word_1_662' title='bbox 1862 1721 1916 1752; x_wconf 91' lang='lat' dir='ltr'>sed</span> <span class='ocrx_word' id='word_1_663' title='bbox 1941 1727 2010 1752; x_wconf 82' lang='lat' dir='ltr'>erat</span> <span class='ocrx_word' id='word_1_664' title='bbox 2032 1726 2159 1753; x_wconf 89' lang='lat' dir='ltr'>tantum</span> <span class='ocrx_word' id='word_1_665' title='bbox 2185 1721 2299 1752; x_wconf 87' lang='lat' dir='ltr'>umbra</span> <span class='ocrx_word' id='word_1_666' title='bbox 2319 1726 2352 1752; x_wconf 88' lang='lat' dir='ltr'>et</span> <span class='ocrx_word' id='word_1_667' title='bbox 2373 1721 2412 1752; x_wconf 87' lang='lat' dir='ltr'>fi-</span> 
     </span>
     <span class='ocr_line' id='line_1_96' title="bbox 1445 1762 2413 1805; baseline 0.002 -12"><span class='ocrx_word' id='word_1_668' title='bbox 1445 1773 1528 1804; x_wconf 86' lang='lat' dir='ltr'>gura</span> <span class='ocrx_word' id='word_1_669' title='bbox 1551 1763 1720 1794; x_wconf 84' lang='lat' dir='ltr'>sacerdotii</span> <span class='ocrx_word' id='word_1_670' title='bbox 1745 1762 1877 1795; x_wconf 88' lang='lat' dir='ltr'>Christi.</span> <span class='ocrx_word' id='word_1_671' title='bbox 1924 1763 2032 1803; x_wconf 82' lang='lat' dir='ltr'>Quum</span> <span class='ocrx_word' id='word_1_672' title='bbox 2055 1765 2155 1805; x_wconf 88' lang='lat' dir='ltr'>igitur</span> <span class='ocrx_word' id='word_1_673' title='bbox 2178 1764 2268 1795; x_wconf 88' lang='lat' dir='ltr'>Deus</span> <span class='ocrx_word' id='word_1_674' title='bbox 2291 1773 2325 1795; x_wconf 89' lang='lat' dir='ltr'>se</span> <span class='ocrx_word' id='word_1_675' title='bbox 2347 1762 2413 1795; x_wconf 81' lang='lat' dir='ltr'>Da·</span> 
     </span>
     <span class='ocr_line' id='line_1_97' title="bbox 1446 1805 2413 1848; baseline 0.002 -12"><span class='ocrx_word' id='word_1_676' title='bbox 1446 1806 1512 1837; x_wconf 91' lang='lat' dir='ltr'>vidi</span> <span class='ocrx_word' id='word_1_677' title='bbox 1535 1815 1592 1845; x_wconf 89' lang='lat' dir='ltr'>per</span> <span class='ocrx_word' id='word_1_678' title='bbox 1615 1805 1719 1846; x_wconf 89' lang='lat' dir='ltr'>ephod</span> <span class='ocrx_word' id='word_1_679' title='bbox 1743 1806 1902 1846; x_wconf 82' lang='lat' dir='ltr'>patefecit,</span> <span class='ocrx_word' id='word_1_680' title='bbox 1926 1817 1964 1838; x_wconf 88' lang='lat' dir='ltr'>ea</span> <span class='ocrx_word' id='word_1_681' title='bbox 1986 1807 2091 1848; x_wconf 89' lang='lat' dir='ltr'>ipsum</span> <span class='ocrx_word' id='word_1_682' title='bbox 2111 1806 2238 1838; x_wconf 86' lang='lat' dir='ltr'>ratione</span> <span class='ocrx_word' id='word_1_683' title='bbox 2256 1805 2362 1847; x_wconf 83' lang='lat' dir='ltr'>magis</span> <span class='ocrx_word' id='word_1_684' title='bbox 2376 1816 2413 1838; x_wconf 87' lang='lat' dir='ltr'>ac</span> 
     </span>
     <span class='ocr_line' id='line_1_98' title="bbox 1447 1849 2414 1890; baseline 0.001 -11"><span class='ocrx_word' id='word_1_685' title='bbox 1447 1849 1550 1889; x_wconf 88' lang='lat' dir='ltr'>magis</span> <span class='ocrx_word' id='word_1_686' title='bbox 1578 1849 1610 1879; x_wconf 90' lang='lat' dir='ltr'>in</span> <span class='ocrx_word' id='word_1_687' title='bbox 1641 1849 1708 1880; x_wconf 87' lang='lat' dir='ltr'>suis</span> <span class='ocrx_word' id='word_1_688' title='bbox 1740 1849 2013 1888; x_wconf 86' lang='lat' dir='ltr'>promissionibus,</span> <span class='ocrx_word' id='word_1_689' title='bbox 2048 1856 2080 1881; x_wconf 89' lang='lat' dir='ltr'>et</span> <span class='ocrx_word' id='word_1_690' title='bbox 2109 1850 2142 1881; x_wconf 89' lang='lat' dir='ltr'>in</span> <span class='ocrx_word' id='word_1_691' title='bbox 2167 1860 2224 1890; x_wconf 88' lang='lat' dir='ltr'>spe</span> <span class='ocrx_word' id='word_1_692' title='bbox 2246 1859 2414 1890; x_wconf 80' lang='lat' dir='ltr'>nunquam</span> 
     </span>
     <span class='ocr_line' id='line_1_99' title="bbox 1447 1891 2412 1932; baseline 0.001 -10"><span class='ocrx_word' id='word_1_693' title='bbox 1447 1892 1589 1922; x_wconf 82' lang='lat' dir='ltr'>defuturi</span> <span class='ocrx_word' id='word_1_694' title='bbox 1622 1891 1682 1922; x_wconf 88' lang='lat' dir='ltr'>sibi</span> <span class='ocrx_word' id='word_1_695' title='bbox 1716 1891 1829 1922; x_wconf 75' lang='lat' dir='ltr'>auxilii</span> <span class='ocrx_word' id='word_1_696' title='bbox 1863 1892 1965 1924; x_wconf 89' lang='lat' dir='ltr'>divini</span> <span class='ocrx_word' id='word_1_697' title='bbox 1999 1893 2220 1924; x_wconf 84' lang='lat' dir='ltr'>confirmavit:</span> <span class='ocrx_word' id='word_1_698' title='bbox 2257 1891 2412 1932; x_wconf 83' lang='lat' dir='ltr'>quemad—</span> 
     </span>
     <span class='ocr_line' id='line_1_100' title="bbox 1447 1934 2411 1976; baseline 0.001 -11"><span class='ocrx_word' id='word_1_699' title='bbox 1447 1934 1578 1965; x_wconf 90' lang='lat' dir='ltr'>modum</span> <span class='ocrx_word' id='word_1_700' title='bbox 1600 1935 1803 1974; x_wconf 86' lang='lat' dir='ltr'>experient-ia</span> <span class='ocrx_word' id='word_1_701' title='bbox 1825 1935 1903 1966; x_wconf 87' lang='lat' dir='ltr'>satis</span> <span class='ocrx_word' id='word_1_702' title='bbox 1922 1945 2082 1976; x_wconf 86' lang='lat' dir='ltr'>superque</span> <span class='ocrx_word' id='word_1_703' title='bbox 2101 1941 2218 1967; x_wconf 85' lang='lat' dir='ltr'>testata</span> <span class='ocrx_word' id='word_1_704' title='bbox 2235 1941 2285 1966; x_wconf 85' lang='lat' dir='ltr'>est</span> <span class='ocrx_word' id='word_1_705' title='bbox 2303 1934 2411 1966; x_wconf 88' lang='lat' dir='ltr'>Deum</span> 
     </span>
     <span class='ocr_line' id='line_1_101' title="bbox 1448 1977 2412 2018; baseline 0.001 -11"><span class='ocrx_word' id='word_1_706' title='bbox 1448 1978 1545 2008; x_wconf 80' lang='lat' dir='ltr'>fuisse</span> <span class='ocrx_word' id='word_1_707' title='bbox 1575 1977 1712 2008; x_wconf 83' lang='lat' dir='ltr'>Davidis</span> <span class='ocrx_word' id='word_1_708' title='bbox 1740 1984 1937 2009; x_wconf 86' lang='lat' dir='ltr'>servatorem</span> <span class='ocrx_word' id='word_1_709' title='bbox 1967 1985 1999 2009; x_wconf 90' lang='lat' dir='ltr'>et</span> <span class='ocrx_word' id='word_1_710' title='bbox 2022 1983 2255 2018; x_wconf 84' lang='lat' dir='ltr'>protectorem:</span> <span class='ocrx_word' id='word_1_711' title='bbox 2289 1982 2322 2009; x_wconf 86' lang='lat' dir='ltr'>et</span> <span class='ocrx_word' id='word_1_712' title='bbox 2343 1978 2412 2018; x_wconf 87' lang='lat' dir='ltr'>ipse</span> 
     </span>
     <span class='ocr_line' id='line_1_102' title="bbox 1449 2019 2254 2061; baseline 0.002 -11"><span class='ocrx_word' id='word_1_713' title='bbox 1449 2027 1514 2051; x_wconf 82' lang='lat' dir='ltr'>tam</span> <span class='ocrx_word' id='word_1_714' title='bbox 1538 2030 1634 2061; x_wconf 88' lang='lat' dir='ltr'>saepe</span> <span class='ocrx_word' id='word_1_715' title='bbox 1657 2019 1783 2060; x_wconf 87' lang='lat' dir='ltr'>publico</span> <span class='ocrx_word' id='word_1_716' title='bbox 1807 2021 1990 2052; x_wconf 86' lang='lat' dir='ltr'>testimonio</span> <span class='ocrx_word' id='word_1_717' title='bbox 2013 2022 2176 2061; x_wconf 90' lang='lat' dir='ltr'>professus</span> <span class='ocrx_word' id='word_1_718' title='bbox 2196 2026 2254 2052; x_wconf 91' lang='lat' dir='ltr'>est.</span> 
     </span>
     <span class='ocr_line' id='line_1_103' title="bbox 1534 2061 2415 2104; baseline -0.001 -10"><span class='ocrx_word' id='word_1_719' title='bbox 1534 2062 1689 2103; x_wconf 78' lang='lat' dir='ltr'>Sequitur</span> <span class='ocrx_word' id='word_1_720' title='bbox 1712 2063 1745 2093; x_wconf 87' lang='lat' dir='ltr'>in</span> <span class='ocrx_word' id='word_1_721' title='bbox 1770 2068 1873 2101; x_wconf 87' lang='lat' dir='ltr'>textu,</span> <span class='ocrx_word' id='word_1_722' title='bbox 1904 2063 2066 2095; x_wconf 90' lang='lat' dir='ltr'>Davidem</span> <span class='ocrx_word' id='word_1_723' title='bbox 2090 2070 2257 2104; x_wconf 87' lang='lat' dir='ltr'>postquam</span> <span class='ocrx_word' id='word_1_724' title='bbox 2282 2061 2415 2095; x_wconf 84' lang='lat' dir='ltr'>Saulem</span> 
     </span>
     <span class='ocr_line' id='line_1_104' title="bbox 1449 2105 2415 2146; baseline 0 -10"><span class='ocrx_word' id='word_1_725' title='bbox 1449 2106 1662 2137; x_wconf 74' lang='lat' dir='ltr'>intellexisset</span> <span class='ocrx_word' id='word_1_726' title='bbox 1692 2105 1843 2146; x_wconf 85' lang='lat' dir='ltr'>colligere</span> <span class='ocrx_word' id='word_1_727' title='bbox 1872 2107 2049 2138; x_wconf 82' lang='lat' dir='ltr'>exercitum</span> <span class='ocrx_word' id='word_1_728' title='bbox 2081 2113 2115 2137; x_wconf 90' lang='lat' dir='ltr'>ut</span> <span class='ocrx_word' id='word_1_729' title='bbox 2145 2117 2179 2138; x_wconf 88' lang='lat' dir='ltr'>se</span> <span class='ocrx_word' id='word_1_730' title='bbox 2202 2107 2234 2137; x_wconf 91' lang='lat' dir='ltr'>in</span> <span class='ocrx_word' id='word_1_731' title='bbox 2257 2105 2314 2136; x_wconf 87' lang='lat' dir='ltr'>illa</span> <span class='ocrx_word' id='word_1_732' title='bbox 2335 2105 2415 2136; x_wconf 88' lang='lat' dir='ltr'>urbe</span> 
     </span>
     <span class='ocr_line' id='line_1_105' title="bbox 1450 2147 2415 2189; baseline -0.001 -10"><span class='ocrx_word' id='word_1_733' title='bbox 1450 2148 1541 2179; x_wconf 79' lang='lat' dir='ltr'>Ueila</span> <span class='ocrx_word' id='word_1_734' title='bbox 1570 2149 1783 2189; x_wconf 87' lang='lat' dir='ltr'>opprimeret,</span> <span class='ocrx_word' id='word_1_735' title='bbox 1808 2149 1940 2180; x_wconf 89' lang='lat' dir='ltr'>iussisse</span> <span class='ocrx_word' id='word_1_736' title='bbox 1971 2148 2168 2180; x_wconf 88' lang='lat' dir='ltr'>sacerdotem</span> <span class='ocrx_word' id='word_1_737' title='bbox 2199 2147 2415 2179; x_wconf 87' lang='lat' dir='ltr'>Abiatharum</span> 
     </span>
     <span class='ocr_line' id='line_1_106' title="bbox 1451 2190 2417 2231; baseline 0 -10"><span class='ocrx_word' id='word_1_738' title='bbox 1451 2191 1556 2231; x_wconf 75' lang='lat' dir='ltr'>ephod</span> <span class='ocrx_word' id='word_1_739' title='bbox 1591 2193 1729 2222; x_wconf 68' lang='lat' dir='ltr'>adiel-re.</span> <span class='ocrx_word' id='word_1_740' title='bbox 1775 2191 1877 2222; x_wconf 90' lang='lat' dir='ltr'>Porro</span> <span class='ocrx_word' id='word_1_741' title='bbox 1906 2202 1971 2222; x_wconf 91' lang='lat' dir='ltr'>non</span> <span class='ocrx_word' id='word_1_742' title='bbox 2001 2191 2252 2223; x_wconf 78' lang='lat' dir='ltr'>existimandum</span> <span class='ocrx_word' id='word_1_743' title='bbox 2277 2196 2328 2221; x_wconf 86' lang='lat' dir='ltr'>est-</span> <span class='ocrx_word' id='word_1_744' title='bbox 2350 2190 2417 2222; x_wconf 87' lang='lat' dir='ltr'>Da-</span> 
     </span>
     <span class='ocr_line' id='line_1_107' title="bbox 1453 2232 2418 2274; baseline -0.001 -10"><span class='ocrx_word' id='word_1_745' title='bbox 1453 2234 1559 2264; x_wconf 72' lang='lat' dir='ltr'>vudem</span> <span class='ocrx_word' id='word_1_746' title='bbox 1594 2234 1699 2274; x_wconf 89' lang='lat' dir='ltr'>aliqua</span> <span class='ocrx_word' id='word_1_747' title='bbox 1733 2234 1963 2274; x_wconf 87' lang='lat' dir='ltr'>superstitione</span> <span class='ocrx_word' id='word_1_748' title='bbox 1997 2235 2062 2266; x_wconf 91' lang='lat' dir='ltr'>vim</span> <span class='ocrx_word' id='word_1_749' title='bbox 2097 2234 2237 2274; x_wconf 90' lang='lat' dir='ltr'>aliquam</span> <span class='ocrx_word' id='word_1_750' title='bbox 2273 2232 2418 2264; x_wconf 89' lang='lat' dir='ltr'>divinam</span> 
     </span>
     <span class='ocr_line' id='line_1_108' title="bbox 1453 2276 2418 2317; baseline -0.001 -10"><span class='ocrx_word' id='word_1_751' title='bbox 1453 2276 1556 2316; x_wconf 89' lang='lat' dir='ltr'>ephod</span> <span class='ocrx_word' id='word_1_752' title='bbox 1585 2277 1632 2308; x_wconf 91' lang='lat' dir='ltr'>illi</span> <span class='ocrx_word' id='word_1_753' title='bbox 1659 2277 1817 2313; x_wconf 83' lang='lat' dir='ltr'>attulisse,</span> <span class='ocrx_word' id='word_1_754' title='bbox 1852 2282 1888 2308; x_wconf 91' lang='lat' dir='ltr'>ut</span> <span class='ocrx_word' id='word_1_755' title='bbox 1910 2277 2015 2308; x_wconf 89' lang='lat' dir='ltr'>solent</span> <span class='ocrx_word' id='word_1_756' title='bbox 2039 2277 2123 2317; x_wconf 87' lang='lat' dir='ltr'>magi</span> <span class='ocrx_word' id='word_1_757' title='bbox 2146 2283 2178 2308; x_wconf 87' lang='lat' dir='ltr'>et</span> <span class='ocrx_word' id='word_1_758' title='bbox 2200 2277 2418 2308; x_wconf 84' lang='lat' dir='ltr'>incantatores</span> 
     </span>
     <span class='ocr_line' id='line_1_109' title="bbox 1454 2317 2420 2360; baseline -0.001 -11"><span class='ocrx_word' id='word_1_759' title='bbox 1454 2320 1574 2350; x_wconf 84' lang='lat' dir='ltr'>chartis</span> <span class='ocrx_word' id='word_1_760' title='bbox 1597 2319 1789 2360; x_wconf 84' lang='lat' dir='ltr'>quibusdam</span> <span class='ocrx_word' id='word_1_761' title='bbox 1812 2326 1845 2350; x_wconf 89' lang='lat' dir='ltr'>et</span> <span class='ocrx_word' id='word_1_762' title='bbox 1868 2320 1938 2351; x_wconf 88' lang='lat' dir='ltr'>aliis</span> <span class='ocrx_word' id='word_1_763' title='bbox 1961 2319 2141 2351; x_wconf 89' lang='lat' dir='ltr'>istiusmodi</span> <span class='ocrx_word' id='word_1_764' title='bbox 2163 2319 2259 2360; x_wconf 87' lang='lat' dir='ltr'>nugis</span> <span class='ocrx_word' id='word_1_765' title='bbox 2277 2317 2420 2350; x_wconf 87' lang='lat' dir='ltr'>multum</span> 
     </span>
     <span class='ocr_line' id='line_1_110' title="bbox 1454 2360 2418 2401; baseline 0 -10"><span class='ocrx_word' id='word_1_766' title='bbox 1454 2363 1605 2400; x_wconf 88' lang='lat' dir='ltr'>tribuere,</span> <span class='ocrx_word' id='word_1_767' title='bbox 1634 2373 1653 2393; x_wconf 86' lang='lat' dir='ltr'>a</span> <span class='ocrx_word' id='word_1_768' title='bbox 1680 2362 1804 2394; x_wconf 81' lang='lat' dir='ltr'>Satana</span> <span class='ocrx_word' id='word_1_769' title='bbox 1834 2362 1938 2394; x_wconf 91' lang='lat' dir='ltr'>delusi</span> <span class='ocrx_word' id='word_1_770' title='bbox 1961 2368 1992 2394; x_wconf 87' lang='lat' dir='ltr'>et</span> <span class='ocrx_word' id='word_1_771' title='bbox 2027 2362 2191 2395; x_wconf 85' lang='lat' dir='ltr'>fascinati:</span> <span class='ocrx_word' id='word_1_772' title='bbox 2225 2367 2256 2393; x_wconf 83' lang='lat' dir='ltr'>et</span> <span class='ocrx_word' id='word_1_773' title='bbox 2289 2360 2418 2401; x_wconf 87' lang='lat' dir='ltr'>quidem</span> 
     </span>
     <span class='ocr_line' id='line_1_111' title="bbox 1454 2403 2421 2447; baseline -0.001 -12"><span class='ocrx_word' id='word_1_774' title='bbox 1454 2405 1493 2435; x_wconf 87' lang='lat' dir='ltr'>ab</span> <span class='ocrx_word' id='word_1_775' title='bbox 1523 2405 1592 2444; x_wconf 85' lang='lat' dir='ltr'>ipsa</span> <span class='ocrx_word' id='word_1_776' title='bbox 1617 2406 1677 2437; x_wconf 90' lang='lat' dir='ltr'>Dei</span> <span class='ocrx_word' id='word_1_777' title='bbox 1700 2405 1770 2446; x_wconf 90' lang='lat' dir='ltr'>lege</span> <span class='ocrx_word' id='word_1_778' title='bbox 1796 2405 1846 2436; x_wconf 89' lang='lat' dir='ltr'>vel</span> <span class='ocrx_word' id='word_1_779' title='bbox 1869 2406 2040 2447; x_wconf 85' lang='lat' dir='ltr'>evangelio</span> <span class='ocrx_word' id='word_1_780' title='bbox 2064 2405 2250 2445; x_wconf 88' lang='lat' dir='ltr'>descriptis:</span> <span class='ocrx_word' id='word_1_781' title='bbox 2280 2409 2318 2435; x_wconf 89' lang='lat' dir='ltr'>ut</span> <span class='ocrx_word' id='word_1_782' title='bbox 2339 2403 2421 2435; x_wconf 82' lang='lat' dir='ltr'>solet</span> 
     </span>
     <span class='ocr_line' id='line_1_112' title="bbox 1455 2445 2420 2489; baseline -0.001 -12"><span class='ocrx_word' id='word_1_783' title='bbox 1455 2447 1601 2480; x_wconf 86' lang='lat' dir='ltr'>diabolus</span> <span class='ocrx_word' id='word_1_784' title='bbox 1632 2455 1786 2488; x_wconf 82' lang='lat' dir='ltr'>tanquam</span> <span class='ocrx_word' id='word_1_785' title='bbox 1809 2448 1903 2479; x_wconf 89' lang='lat' dir='ltr'>simia</span> <span class='ocrx_word' id='word_1_786' title='bbox 1925 2449 1988 2480; x_wconf 90' lang='lat' dir='ltr'>Dei</span> <span class='ocrx_word' id='word_1_787' title='bbox 2011 2459 2108 2489; x_wconf 87' lang='lat' dir='ltr'>opera</span> <span class='ocrx_word' id='word_1_788' title='bbox 2131 2447 2263 2484; x_wconf 86' lang='lat' dir='ltr'>imitari,</span> <span class='ocrx_word' id='word_1_789' title='bbox 2296 2446 2335 2477; x_wconf 85' lang='lat' dir='ltr'>ad</span> <span class='ocrx_word' id='word_1_790' title='bbox 2358 2445 2420 2476; x_wconf 90' lang='lat' dir='ltr'>mi·</span> 
     </span>
     <span class='ocr_line' id='line_1_113' title="bbox 1456 2488 2422 2532; baseline -0.001 -12"><span class='ocrx_word' id='word_1_791' title='bbox 1456 2500 1535 2521; x_wconf 79' lang='lat' dir='ltr'>seris</span> <span class='ocrx_word' id='word_1_792' title='bbox 1559 2491 1745 2523; x_wconf 85' lang='lat' dir='ltr'>hominibus</span> <span class='ocrx_word' id='word_1_793' title='bbox 1768 2491 2010 2531; x_wconf 84' lang='lat' dir='ltr'>imponendum,</span> <span class='ocrx_word' id='word_1_794' title='bbox 2034 2492 2088 2532; x_wconf 92' lang='lat' dir='ltr'>qui</span> <span class='ocrx_word' id='word_1_795' title='bbox 2111 2496 2143 2521; x_wconf 87' lang='lat' dir='ltr'>et</span> <span class='ocrx_word' id='word_1_796' title='bbox 2165 2490 2225 2530; x_wconf 87' lang='lat' dir='ltr'>ipsi</span> <span class='ocrx_word' id='word_1_797' title='bbox 2249 2494 2281 2520; x_wconf 87' lang='lat' dir='ltr'>et</span> <span class='ocrx_word' id='word_1_798' title='bbox 2303 2488 2422 2520; x_wconf 88' lang='lat' dir='ltr'>illusio·</span> 
     </span>
     <span class='ocr_line' id='line_1_114' title="bbox 1458 2529 2421 2574; baseline -0.001 -11"><span class='ocrx_word' id='word_1_799' title='bbox 1458 2533 1550 2565; x_wconf 89' lang='lat' dir='ltr'>nibus</span> <span class='ocrx_word' id='word_1_800' title='bbox 1574 2536 1673 2574; x_wconf 89' lang='lat' dir='ltr'>ipsius</span> <span class='ocrx_word' id='word_1_801' title='bbox 1696 2535 1884 2566; x_wconf 85' lang='lat' dir='ltr'>adhaerent.</span> <span class='ocrx_word' id='word_1_802' title='bbox 1931 2533 1997 2566; x_wconf 89' lang='lat' dir='ltr'>Sed</span> <span class='ocrx_word' id='word_1_803' title='bbox 2021 2532 2131 2565; x_wconf 89' lang='lat' dir='ltr'>David</span> <span class='ocrx_word' id='word_1_804' title='bbox 2155 2532 2247 2564; x_wconf 90' lang='lat' dir='ltr'>nulla</span> <span class='ocrx_word' id='word_1_805' title='bbox 2269 2529 2421 2572; x_wconf 83' lang='lat' dir='ltr'>supersti-</span> 
     </span>
     <span class='ocr_line' id='line_1_115' title="bbox 1458 2574 2424 2617; baseline -0.002 -11"><span class='ocrx_word' id='word_1_806' title='bbox 1458 2576 1543 2607; x_wconf 92' lang='lat' dir='ltr'>tione</span> <span class='ocrx_word' id='word_1_807' title='bbox 1584 2578 1699 2609; x_wconf 88' lang='lat' dir='ltr'>ductus</span> <span class='ocrx_word' id='word_1_808' title='bbox 1733 2583 1790 2614; x_wconf 89' lang='lat' dir='ltr'>est,</span> <span class='ocrx_word' id='word_1_809' title='bbox 1839 2576 2099 2617; x_wconf 89' lang='lat' dir='ltr'>quandoquidem</span> <span class='ocrx_word' id='word_1_810' title='bbox 2133 2585 2237 2616; x_wconf 89' lang='lat' dir='ltr'>neque</span> <span class='ocrx_word' id='word_1_811' title='bbox 2272 2574 2424 2606; x_wconf 80' lang='lat' dir='ltr'>inventor</span> 
     </span>
     <span class='ocr_line' id='line_1_116' title="bbox 1457 2615 2422 2660; baseline -0.004 -10"><span class='ocrx_word' id='word_1_812' title='bbox 1457 2619 1560 2660; x_wconf 88' lang='lat' dir='ltr'>ephod</span> <span class='ocrx_word' id='word_1_813' title='bbox 1591 2621 1704 2657; x_wconf 83' lang='lat' dir='ltr'>fuerat,</span> <span class='ocrx_word' id='word_1_814' title='bbox 1736 2629 1839 2660; x_wconf 88' lang='lat' dir='ltr'>neque</span> <span class='ocrx_word' id='word_1_815' title='bbox 1866 2621 1898 2651; x_wconf 90' lang='lat' dir='ltr'>in</span> <span class='ocrx_word' id='word_1_816' title='bbox 1930 2619 1986 2651; x_wconf 92' lang='lat' dir='ltr'>illo</span> <span class='ocrx_word' id='word_1_817' title='bbox 2018 2619 2181 2655; x_wconf 86' lang='lat' dir='ltr'>haerebat,</span> <span class='ocrx_word' id='word_1_818' title='bbox 2216 2617 2328 2649; x_wconf 87' lang='lat' dir='ltr'>sedin</span> <span class='ocrx_word' id='word_1_819' title='bbox 2351 2615 2422 2647; x_wconf 86' lang='lat' dir='ltr'>Deo</span> 
     </span>
     <span class='ocr_line' id='line_1_117' title="bbox 1457 2657 2423 2704; baseline -0.006 -9"><span class='ocrx_word' id='word_1_820' title='bbox 1457 2674 1547 2704; x_wconf 90' lang='lat' dir='ltr'>spem</span> <span class='ocrx_word' id='word_1_821' title='bbox 1571 2665 1760 2704; x_wconf 87' lang='lat' dir='ltr'>reponebut‚</span> <span class='ocrx_word' id='word_1_822' title='bbox 1784 2671 1860 2694; x_wconf 86' lang='lat' dir='ltr'>usus</span> <span class='ocrx_word' id='word_1_823' title='bbox 1884 2669 1992 2694; x_wconf 88' lang='lat' dir='ltr'>tamen</span> <span class='ocrx_word' id='word_1_824' title='bbox 2015 2661 2121 2703; x_wconf 87' lang='lat' dir='ltr'>ephod</span> <span class='ocrx_word' id='word_1_825' title='bbox 2144 2666 2299 2701; x_wconf 86' lang='lat' dir='ltr'>tanquam</span> <span class='ocrx_word' id='word_1_826' title='bbox 2317 2657 2423 2690; x_wconf 80' lang='lat' dir='ltr'>medio</span> 
     </span>
    </p>
   </div>
  </div>
 </body>
</html>
