2551 3044
346 199 384 231 51

349 303 446 327 antea
475 293 671 324 tumultuose
702 303 809 334 regem
843 292 979 341 populus
1002 291 1247 340 postulavisset.
1277 297 1309 323 et

352 346 487 378 regnum
507 336 697 368 confirmare
713 335 819 375 populi
843 336 1047 366 miserentem
1072 334 1155 375 quod
1180 335 1210 365 in
1235 344 1309 375 rege

351 389 443 412 suam
475 378 659 410 felicitatem
690 388 758 409 esse
791 379 926 426 positam
958 387 1145 418 persuasum
1170 376 1308 408 haberet.

352 422 379 454 N
384 432 435 452 ιω
460 432 515 452 rex
540 421 571 452 in
597 420 716 452 Israele
740 428 837 461 typus
860 428 891 452 et
914 421 1019 461 imago
1043 428 1113 451 erat
1132 419 1223 460 regni
1242 418 1308 451 Do-

351 465 431 496 mini
455 463 555 495 nostri
578 463 651 495 Iesu
676 463 808 501 Christi,
832 464 863 494 in
888 474 951 503 quo
975 474 1037 494 uno
1061 462 1121 493 sita
1139 471 1187 494 est
1206 463 1309 493 omnis

354 514 463 538 nostra
497 506 593 542 salus,
635 505 798 547 gaudium,
833 505 968 537 felicitas
1001 512 1031 536 et
1065 505 1174 544 gloria.
1220 504 1309 536 Deus

353 552 460 590 itaque
490 556 619 589 gustum
635 531 798 588 ¹⁵aliquem
820 556 874 579 aut
898 549 1025 589 signum
1051 547 1152 579 voluit
1178 547 1309 579 iniicere

352 592 470 667 {Qu-h.)
490 575 630 622 ⁴’futurae
663 592 785 631 gratiae
815 591 989 622 secundum
1020 590 1246 630 promissiones
1275 590 1308 621 in

381 634 462 666 aulis
487 644 638 674 persona·
662 633 716 665 sed
741 641 868 664 tantum
892 633 930 664 ad
955 641 1091 672 tempus.
1136 633 1218 664 Nam
1242 641 1310 663 tan-

353 677 425 708 dem
460 676 620 708 horrenda
653 677 798 707 confusio
832 683 861 707 et
898 676 1052 707 desolatio
1086 682 1221 715 sequuta
1245 681 1308 707 est:

353 720 409 752 sed
434 721 475 750 ita
496 720 623 756 fuctum,
649 727 682 750 ut
703 718 809 749 David
829 718 1026 750 stabiliretur
1046 724 1197 758 tanquam
1218 718 1310 750 istius

355 762 572 803 promissionis
595 762 732 798 initium,
761 767 793 792 et
816 771 852 792 eo
877 762 1011 802 populus
1033 761 1229 801 confugeret,
1252 760 1303 792 do-

356 817 412 837 nec
444 811 591 845 pacatum
615 811 698 835 esset
721 805 823 845 ipsius
846 814 992 844 regnum.
1038 804 1088 834 Eu
1112 804 1212 845 igitur
1233 813 1307 844 quo-

355 847 449 879 modo
493 855 523 877 et
564 857 662 886 quare
705 847 792 878 Deus
831 846 986 887 populum
1026 857 1120 878 suum
1157 846 1309 877 servarit:

355 901 468 930 nempe
498 889 580 929 quod
613 900 669 930 per
699 889 884 921 Samuelem
916 889 1107 930 promiserat
1131 899 1164 920 se
1188 889 1310 920 miseri-

354 932 496 965 cordiam
523 932 569 963 illi
600 933 768 972 facturum,
799 938 832 963 et
854 943 893 963 ex
919 932 1057 963 hostium
1081 931 1248 972 tyrannide
1273 931 1308 962 li—

354 975 550 1007 beraturum.
596 974 743 1015 Denique
780 974 832 1007 hic
867 975 954 1006 locus
987 974 1127 1006 ostendit
1160 974 1221 1005 Dci
1245 975 1307 1005 vir-

354 1024 455 1049 tutem
486 1019 671 1058 apparuisse
701 1017 799 1049 solam
831 1027 900 1048 esse
929 1028 1009 1057 quae
1038 1017 1232 1048 Philistaeos
1255 1016 1308 1048 do-
1334 1020 1335 1024 ’

355 1061 435 1092 muit
464 1067 494 1091 et
522 1061 654 1092 devicit:
685 1071 721 1092 ac
745 1059 854 1100 populi
877 1059 1040 1091 israelitici
1065 1071 1113 1091 res
1137 1060 1234 1091 fuisse
1255 1059 1308 1090 de-

355 1103 502 1144 ploratas,
543 1103 603 1134 nisi
645 1103 779 1135 coelitus
815 1102 970 1134 auxilium
1009 1102 1180 1134 demissum
1216 1106 1308 1139 esset,

355 1145 439 1186 quod
458 1146 588 1177 omnino
609 1145 648 1177 ad
667 1145 818 1177 ecclesiae
836 1145 973 1176 salutem
993 1145 1223 1185 requirebatur.
1263 1146 1310 1176 Ac

354 1188 529 1229 plurimum
559 1188 598 1219 ad
623 1189 765 1219 omnium
790 1187 932 1219 fidelium
957 1188 1201 1219 instructionem
1225 1187 1308 1223 facit,

355 1242 394 1262 ne
411 1231 482 1271 quis
498 1230 535 1262 de
552 1230 674 1262 viribus
690 1236 721 1262 et
745 1230 904 1262 industria
926 1241 985 1262 sua
1007 1231 1176 1271 glorietur:
1198 1241 1308 1270 quem-

354 1273 526 1305 admodum
580 1283 682 1314 neque
730 1273 903 1304 Ionathani
951 1273 1133 1304 fortitudini
1184 1273 1308 1304 facinus

356 1317 440 1347 istud
464 1316 708 1348 adscribendum
733 1322 792 1347 est:
816 1315 871 1347 sed
897 1316 990 1347 unius
1010 1315 1071 1347 Dei
1095 1316 1255 1356 potentiae
1277 1319 1309 1346 et

355 1359 573 1399 providentiae
594 1358 667 1390 laus
689 1359 792 1390 omnis
816 1358 993 1396 tribuenda,
1017 1358 1070 1398 qui
1095 1358 1247 1399 praelium
1268 1358 1307 1389 ad

354 1402 476 1433 exitum
515 1402 614 1432 istum
645 1401 804 1441 perduxit.
851 1401 893 1431 Et
923 1401 1103 1432 necessaria
1134 1401 1225 1432 valdo
1261 1407 1309 1432 est

354 1445 432 1476 hacc
467 1444 622 1476 doctrina.
668 1443 750 1475 Nam
780 1444 837 1475 etsi
865 1443 984 1475 ethnici
1008 1443 1083 1475 fassi
1107 1449 1183 1475 sunt
1208 1444 1307 1475 homi·

354 1497 431 1518 num
452 1487 644 1524 felicitatem,
663 1493 692 1518 et
713 1486 880 1518 facultates
899 1496 1018 1521 omneS.
1040 1492 1116 1526 puta
1128 1487 1306 1522 consilium,

355 1529 569 1570 prudentiam,
603 1530 803 1570 sapientiam,
845 1539 880 1560 ac
915 1528 1050 1569 denique
1085 1530 1191 1560 omnia
1226 1528 1308 1560 bona

356 1572 489 1604 coelitus
519 1573 666 1603 immitti:
699 1571 908 1603 nihilominus
939 1580 1046 1602 tamen
1077 1572 1145 1603 Deo
1173 1572 1306 1612 gloriam

355 1621 385 1646 et
417 1614 569 1646 honorem
604 1625 698 1655 quem
734 1615 822 1654 prius
850 1613 1074 1654 attribuerunt,
1108 1615 1305 1654 eripuerunt,

356 1668 450 1698 quam
490 1657 528 1688 ad
563 1668 613 1688 res
647 1663 771 1689 creatas
806 1656 1047 1688 transtulerunt.
1093 1657 1135 1688 Et
1168 1657 1307 1697 quidem,

355 1701 464 1738 fateor,
506 1710 620 1731 verum
651 1699 757 1731 Deum
792 1710 855 1730 non
886 1706 1120 1740 cognoverunt:
1161 1699 1215 1731 sed
1250 1700 1308 1731 sub

355 1742 449 1774 idolis
478 1743 544 1774 suis
573 1742 715 1773 divinam
745 1742 946 1773 maiestatem
969 1742 1185 1777 involverunt.
1218 1743 1308 1817 cusin}
1333 1769 1334 1774 ,

1271 1796 1286 1816 e
1332 1811 1334 1818 .

1333 1832 1335 1835 ’
1359 1829 1514 1869 sanguine
1538 1829 1611 1861 fecit
1634 1829 1696 1860 illis
1715 1829 1900 1861 comedendi
1920 1833 2128 1868 potestatem:
2151 1834 2218 1860 tum
2240 1839 2316 1860 vero

356 1791 390 1817 ut
419 1785 484 1816 dixi
509 1786 680 1826 perfectam
704 1785 920 1826 cognitionem
943 1795 1005 1816 non
1031 1784 1198 1817 habebant.

354 1827 464 1859 divina
495 1828 638 1868 potentia
669 1827 717 1859 vel
750 1828 861 1859 invitis
892 1827 974 1859 hanc
997 1827 1227 1859 confessionem
1251 1838 1308 1858 ex-

353 1870 527 1911 torquebat.
575 1870 653 1901 Nam
687 1877 718 1901 et
751 1870 783 1901 in
819 1880 873 1901 ore
906 1871 1049 1901 omnium
1079 1870 1158 1901 illud
1189 1870 1308 1902 dictum

355 1913 413 1945 fuit
437 1914 469 1944 in
494 1913 650 1954 eligendis
674 1912 929 1953 imperatoribus,
961 1913 1098 1944 incertos
1121 1923 1190 1944 esse
1214 1913 1310 1944 bello·
1333 1926 1335 1930 ⁴

617 1955 670 1987 sed
696 1956 863 1987 victoriam
888 1966 906 1986 a
929 1955 1016 1987 coelo
1035 1966 1118 1987 esse:
1142 1961 1173 1987 et
1192 1956 1309 1987 similia
1333 1963 1335 1979 ἓ

1333 2031 1335 2035 ,
1360 2000 1493 2040 populus
1533 2000 1723 2040 sanguinem
1764 1999 1888 2031 ederet:

356 1966 426 1987 rum
450 1963 592 1988 eventus.

355 1999 463 2030 multa.
510 1998 632 2029 Verum
671 1999 756 2029 enim
791 2009 866 2029 vero
901 1998 1110 2038 imperatores
1143 1997 1309 2030 debellatis

355 2041 500 2072 hostibus
530 2051 602 2072 cum
631 2040 785 2072 militibus
809 2041 1060 2081 triumpharunt.
1105 2041 1147 2072 Et
1170 2041 1229 2072 hoc
1253 2052 1308 2072 no-

355 2084 500 2115 minatim
540 2083 690 2115 Habacuc
728 2083 884 2124 propheta
918 2083 1095 2115 istiusmodi
1127 2083 1334 2115 hominibus'

355 2126 569 2167 exprobravit,
593 2126 675 2167 quod
701 2132 866 2166 postquam
889 2125 981 2158 idolis
1004 2126 1070 2158 suis
1089 2127 1308 2164 sacrificarint,

356 2180 412 2200 suo
446 2169 558 2200 deinde
589 2170 647 2200 reti
677 2169 866 2200 sacrificent.
913 2168 967 2200 Sic
1001 2169 1107 2201 videas
1129 2169 1308 2200 incredulos

355 2212 459 2252 speeie
483 2217 616 2242 externa
640 2211 767 2251 quidem
792 2219 822 2242 et
846 2211 952 2243 verbis
975 2212 1124 2252 speciosis
1149 2212 1216 2243 Deo
1240 2222 1309 2251 gra·
1332 2245 1334 2256 ,

1332 2258 1334 2293 ἕ
1359 2255 1454 2286 etiam
1478 2257 1563 2286 omni
1588 2256 1801 2287 animantium
1827 2266 1951 2297 genere,
1976 2254 2089 2286 adiecit
2113 2261 2236 2285 tamen:

355 2297 425 2328 dem
447 2297 589 2328 omnium
610 2297 696 2328 intus
716 2296 903 2333 adscribere,
927 2302 960 2328 et
979 2297 1016 2328 de
1035 2297 1198 2337 praeclare
1216 2297 1308 2329 factis
1332 2303 1334 2343 ζ,

918 2339 985 2371 Nae
1013 2339 1178 2371 hominum
1201 2350 1238 2371 ea
1260 2345 1308 2371 est
1332 2350 1333 2357 ¹

355 2256 416 2286 tias
447 2255 484 2285 de
514 2253 673 2285 beneficiis
697 2254 805 2285 multis
829 2264 940 2295 agere:
971 2261 1002 2285 et
1026 2262 1134 2285 tamen
1157 2255 1215 2285 sibi
1240 2254 1308 2286 lau-

356 2340 438 2380 apud
470 2350 503 2370 se
534 2339 643 2370 laetari
673 2345 703 2370 et
733 2339 872 2380 gloriari.

355 2382 552 2422 improbitas,
576 2388 607 2412 et
628 2382 813 2422 proclivitas
833 2383 864 2412 in
886 2382 954 2413 Deo
974 2382 1093 2414 honore
1113 2382 1218 2414 debito
1237 2392 1307 2423 spo-

357 2424 472 2460 liando,
518 2431 550 2455 et
583 2425 641 2455 sibi
677 2435 756 2465 quae
790 2424 859 2455 Deo
894 2424 1051 2456 debentur
1084 2424 1307 2457 adscribendis.

356 2467 464 2506 Quare
487 2467 538 2498 hic
561 2467 759 2498 observanda
784 2467 880 2498 verba
903 2468 1085 2508 prophetae,
1121 2468 1221 2499 Deum.
1243 2477 1306 2499 ser—

353 2511 473 2541 rae-isse
493 2509 639 2549 populum
661 2519 769 2541 suum:
793 2510 907 2549 quibus
930 2509 1094 2542 Israelitae
1118 2511 1307 2542 docerentur

356 2553 424 2583 Deo
448 2552 505 2583 soli
530 2553 679 2583 victoriae
703 2552 798 2583 huius
823 2552 947 2583 laudem
967 2564 1092 2584 omnem
1115 2553 1307 2591 adscribere,

357 2602 389 2625 et
428 2595 507 2625 bene
546 2594 577 2625 in
611 2602 770 2634 posterum
805 2606 942 2635 sperare.
989 2595 1086 2635 Quasi
1122 2596 1307 2627 hortaretur

1135 197 1337 230 HOMILLA
1360 198 1521 230 XLVIII.

1334 845 1338 866 l

357 2637 505 2676 populum
527 2637 681 2677 propheta
701 2637 750 2668 his
769 2637 907 2675 vocibus,
931 2638 1014 2679 agite
1029 2638 1110 2670 hane
1124 2639 1306 2670 felicitatem
1330 2650 1331 2661 ¹

1332 1624 1334 1633 ¹
1361 1615 1423 1646 bat.

1332 1646 1335 1699 ἶ
1360 1665 1391 1689 et
1422 1659 1544 1689 ratione
1567 1669 1677 1690 carnes
1701 1669 1774 1689 cum
1797 1658 1955 1697 sanguine
1978 1657 2180 1689 comedentes
2203 1665 2315 1689 contra

2276 200 2317 231 52

1361 292 1423 324 Dei
1454 293 1606 324 beneficio
1636 293 1806 334 contigisse
1834 299 2054 334 agnoscentes.
2090 293 2229 325 sciamus
2258 303 2317 325 nos

1360 335 1405 366 illi
1437 346 1527 367 caros
1557 343 1587 366 et
1616 335 1649 366 in
1672 335 1772 375 ipsius
1803 345 1873 367 esse
1897 335 2006 372 tutela,
2036 345 2072 366 ac
2095 335 2229 375 proinde
2253 346 2316 367 non

1361 384 1487 409 tantum
1511 377 1569 409 hoe
1593 383 1736 418 tempore
1758 378 1948 418 sperandam
1973 377 2119 415 salutem,
2141 377 2196 408 sed
2219 378 2317 410 etiam

1361 420 1394 451 in
1426 428 1588 461 posterum
1617 420 1865 461 exspectandam
1895 420 2030 451 credite:
2062 430 2124 451 non
2155 427 2204 451 est
2231 421 2315 452 enim

1361 462 1545 494 abbreviata
1568 464 1635 494 eius
1657 473 1786 494 manus:
1810 469 1841 494 et
1864 464 1999 503 ipsemet
2022 462 2106 494 ultro
2126 472 2182 493 nos
2201 463 2239 494 ad
2261 473 2316 494 ne-

1360 507 1497 538 cessaria
1527 505 1719 546 postulanda
1747 506 1865 537 excitat
1889 514 1920 536 et
1943 506 2075 536 invitat:
2105 516 2144 536 ex
2169 515 2232 546 quo
2255 506 2319 537 sin-

1360 548 1481 589 gularis
1514 549 1583 580 eius
1613 547 1652 579 de
1683 548 1773 580 nobis
1800 558 1878 580 cura
1899 555 1930 579 et
1953 547 2132 579 sollicitudo
2161 555 2210 580 est
2239 558 2314 580 con-

1360 592 1479 631 spicua.
1525 590 1589 622 Sed
1622 590 1801 622 cavendum
1842 591 1980 622 vicissim
2021 601 2061 622 ne
2095 598 2203 622 nostro
2237 591 2316 622 vitio

1361 634 1515 674 quaedam
1535 633 1689 674 repagula
1706 633 1900 682 obficiamus,
1921 634 2036 673 quibus
2054 633 2122 665 eius
2142 633 2315 665 liberalitas

1361 677 1399 708 ad
1422 688 1476 707 uos
1497 686 1597 716 usque
1617 676 1785 716 pervenire
1803 676 2004 724 impediatur.
2050 676 2133 707 Nam
2152 682 2184 707 et
2203 677 2315 708 Esaias

1362 719 1516 767 propheta
1540 719 1691 759 populum
1715 719 1884 759 increpans
1908 720 1962 758 ait,
1985 719 2091 767 ipsum
2110 718 2266 759 impedire
2285 725 2314 750 et

1362 762 1515 793 remorari
1538 761 1602 792 Dei
1625 761 1792 793 auxilium.
1837 762 1946 800 Quare
1970 761 2102 792 minimo
2121 761 2314 800 mirandum,

1361 805 1386 835 si
1422 815 1515 845 saepe
1549 805 1582 835 in
1617 803 1711 835 rebus
1745 804 1981 845 angustissimis
2017 815 2079 835 non
2110 804 2313 844 exaudimur,

1361 847 1444 887 quod
1469 847 1592 878 malitia
1614 852 1723 878 nostra
1742 857 1760 878 a
1779 847 1847 878 Deo
1866 847 2053 878 alienemur.
2082 846 2191 886 Quare
2209 846 2316 878 danda

1361 900 1456 930 opera
1480 901 1518 920 ne
1544 890 1646 920 Deum
1671 899 1689 920 a
1712 890 1801 921 nobis
1824 889 2050 926 abalienemns,
2081 896 2113 920 et
2137 899 2200 920 non
2225 889 2316 921 dubi-

1362 932 1494 963 tandum
1526 932 1603 972 quin
1634 933 1735 972 ipsius
1765 942 1879 964 manus
1901 933 1944 963 sit
1966 933 2043 963 satis
2064 932 2155 963 fortis
2178 932 2216 962 ad
2241 943 2316 964 nos-

1362 982 1445 1006 trum
1481 975 1637 1005 auxilium
1674 975 1944 1015 promovendum:
1983 973 2177 1015 sperandum
2207 981 2315 1006 autem

1362 1019 1466 1058 potius
1495 1017 1559 1048 fore
1591 1025 1626 1048 ut
1652 1017 1918 1058 quemadmodum
1943 1018 2018 1048 olim
2043 1017 2197 1058 populum
2220 1027 2315 1049 suum

1360 1062 1391 1091 in
1416 1061 1509 1092 rebus
1533 1061 1678 1100 angustis
1700 1060 1790 1098 iuvit,
1814 1059 1897 1091 idem
1921 1067 1952 1091 et
1971 1070 2028 1092 nos
2047 1060 2141 1091 faciat
2159 1061 2314 1100 experiri:

1361 1111 1391 1134 et
1415 1102 1683 1143 quemadmodum
1708 1102 1807 1135 Israel
1831 1103 1899 1134 eius
1917 1103 2050 1143 gloriam
2071 1103 2246 1143 conspexit,
2270 1103 2315 1134 ita

1360 1154 1390 1177 et
1422 1157 1477 1177 nos
1501 1145 1752 1185 conspiciamus:
1781 1145 1865 1185 quod
1888 1156 2055 1186 nunquam
2079 1155 2171 1177 aures
2194 1146 2239 1176 ita
2261 1146 2315 1177 ob-

1360 1196 1445 1220 turet
1478 1189 1554 1228 quin
1586 1199 1639 1219 eas
1662 1199 1793 1219 suorum
1817 1189 1970 1219 clamores
1995 1189 2026 1219 in
2052 1188 2186 1219 veritate
2209 1189 2314 1229 ipsum

1360 1232 1578 1262 invocantium
1603 1238 1779 1279 penetrent

1446 1274 1605 1314 Deinceps
1628 1273 1773 1313 sequitur
1795 1273 1948 1321 populum
1971 1273 2077 1304 hostes
2097 1274 2315 1322 persequendo

1361 1316 1567 1355 defatigatum
1592 1315 1631 1347 ad
1655 1316 1805 1356 praedam
1825 1316 1969 1347 animum
1987 1316 2195 1352 convertisse,
2218 1327 2313 1356 quam

1362 1359 1532 1390 ητίεἰωίἰε
1561 1367 1607 1390 est
1637 1359 1802 1399 ingentem
1832 1359 1939 1394 fuisse.
1971 1368 2044 1389 nam
2076 1364 2123 1390 tot
2147 1359 2313 1391 hominum

1361 1402 1461 1432 millia
1492 1402 1634 1442 oportuit
1664 1412 1772 1433 secum
1795 1401 1912 1433 multas
1935 1401 2140 1438 munitiones,
2175 1410 2205 1432 et
2229 1412 2315 1433 com-

1362 1453 1484 1475 meatus
1514 1445 1638 1485 copiam
1665 1443 1834 1475 advehere.
1880 1444 1966 1485 Ergo
1998 1444 2148 1484 fatigatus
2179 1445 2315 1484 populus

1361 1496 1393 1518 et
1434 1487 1596 1519 famelicus
1636 1487 1756 1527 incepit
1792 1492 1946 1518 mactatas
1981 1486 2118 1527 pecudes
2151 1492 2184 1517 et
2218 1486 2315 1519 boves

1360 1541 1432 1561 cum
1463 1530 1622 1570 sanguine
1651 1529 1825 1568 comedere,
1857 1529 2113 1570 quandoquidem
2146 1540 2185 1560 ex
2208 1529 2315 1561 inedia

1360 1580 1392 1604 et
1416 1573 1521 1603 labore
1547 1573 1629 1604 vires
1651 1582 1844 1613 magnopere
1868 1571 2049 1603 debilitatae
2073 1572 2205 1603 reficere
2229 1572 2315 1604 vole-

1467 1615 1576 1646 Famis
1599 1615 1698 1656 igitur
1721 1615 1921 1656 impatientia
1944 1614 2018 1646 facit
2036 1619 2072 1646 ut
2092 1615 2162 1645 sine
2181 1615 2315 1647 consilio

1360 1700 1420 1732 Dei
1455 1701 1640 1732 mandatum
1675 1705 1814 1741 peccent.
1859 1700 1931 1731 Hoc
1965 1700 2073 1731 audito
2108 1699 2185 1731 Saul
2222 1701 2316 1732 iussit

1359 1743 1431 1775 illos
1467 1743 1628 1774 abstinere
1655 1743 1724 1775 cibo
1754 1743 1852 1775 donec
1883 1742 2044 1782 iugulatae
2073 1743 2210 1783 pecudes
2239 1754 2315 1775 san-

1359 1787 1487 1826 guinem
1510 1787 1693 1818 eiecissent:
1718 1794 1826 1826 postea
1850 1796 1888 1816 ex
1911 1785 1973 1816 Dei
1987 1786 2182 1826 praescripto
2195 1786 2312 1818 emisso

1359 1872 1476 1903 dicitur
1508 1871 1549 1902 ibi
1573 1872 1712 1912 primum
1736 1871 1836 1902 altare
1860 1871 2000 1902 Iehovae
2022 1871 2229 1902 exstruxisse.
2273 1871 2314 1902 In

1361 1915 1471 1954 primis
1500 1915 1582 1954 quod
1612 1914 1650 1945 ad
1681 1914 1767 1945 illam
1792 1914 1872 1955 legis
1895 1914 2183 1955 transgressionem
2206 1914 2315 1946 obser-

1360 1957 1511 1994 vandum,
1542 1957 1646 1988 Deum
1677 1968 1826 1997 expresse
1856 1957 1925 1996 lege
1956 1967 2014 1988 sua
2043 1955 2244 1996 prohibuisse
2274 1967 2315 1988 ne

1936 1999 2027 2031 cuius
2061 1999 2142 2030 ratio
2175 1998 2313 2038 additur,

1360 2042 1441 2081 quod
1479 2043 1546 2082 ipse
1580 2043 1751 2082 pretiosam
1787 2043 1886 2074 vitam
1921 2048 2064 2073 nostram
2100 2041 2223 2072 habeat.
2270 2042 2313 2073 Et

1359 2084 1486 2124 quidem
1522 2090 1596 2116 ante
1626 2085 1733 2116 datam
1764 2085 1867 2126 legem
1891 2085 1923 2115 in
1948 2095 2008 2116 usu
2032 2084 2092 2116 fuit
2114 2084 2197 2115 istud
2222 2094 2314 2125 prae-

1359 2135 1493 2167 ceptum.
1541 2128 1629 2159 Deus
1663 2128 1748 2159 enim
1782 2134 1855 2168 post
1888 2127 2045 2158 diluvium
2076 2127 2158 2157 facta
2180 2126 2313 2159 Noacho

1360 2171 1479 2210 totique
1515 2171 1614 2211 ipsius
1647 2170 1789 2202 familiae
1821 2175 1979 2211 potestate
2009 2169 2103 2201 rebus
2133 2170 2248 2200 creatis
2278 2170 2312 2201 in

1359 2213 1461 2243 cibum
1496 2213 1615 2249 utendi,
1651 2223 1713 2244 non
1749 2218 1872 2244 tantum
1906 2222 1987 2253 pane
2017 2217 2049 2244 et
2076 2211 2223 2250 oleribus,
2257 2213 2312 2244 sed

2265 2255 2313 2287 Ne

1359 2299 1515 2338 sanguine
1547 2304 1761 2330 vescerentur.
1807 2298 1909 2330 Cuius
1938 2298 2097 2338 praecepti
2127 2298 2224 2328 finem
2250 2308 2312 2330 non

1359 2340 1454 2371 alium
1485 2341 1581 2373 fuisse
1613 2341 1759 2373 videmus
1789 2351 1884 2382 quam
1916 2346 1952 2372 ut
1974 2350 1992 2371 a
2015 2339 2203 2372 crudelitate
2226 2341 2313 2381 ipsos

1357 2382 1542 2415 deterreret.
1588 2383 1682 2423 Quod
1728 2385 1754 2415 si
1798 2383 1987 2422 erudelitate
2028 2383 2115 2413 omni
2149 2383 2244 2414 etiam
2278 2384 2312 2415 iu

1359 2425 1474 2457 bestias
1508 2426 1735 2458 abstinendum
1770 2427 1833 2458 illis
1867 2426 1962 2457 fuisse
1996 2430 2130 2463 constat,
2173 2436 2248 2466 ergo
2279 2430 2312 2457 et

1358 2468 1458 2499 multo
1499 2470 1602 2510 magis
1635 2469 1721 2501 omni
1755 2469 1874 2500 iniuria
1907 2478 1983 2508 erga
2017 2469 2189 2508 proximos.
2236 2468 2313 2500 Vita

1358 2511 1443 2541 enim
1482 2518 1546 2542 tam
1582 2512 1720 2543 hominis
1751 2522 1845 2552 quam
1877 2510 2005 2551 pecudis
2034 2521 2102 2541 esse
2131 2510 2248 2542 dicitur
2276 2511 2310 2542 in

1357 2554 1525 2592 sanguine:
1551 2555 1626 2592 vita,
1652 2556 1792 2595 inquam,
1817 2553 1893 2585 haee
1916 2563 1996 2594 quae
2015 2553 2163 2584 animalis
2184 2553 2310 2592 dicitur,

1358 2606 1413 2635 per
1445 2606 1539 2636 qnam
1576 2597 1724 2628 vivimus.
1772 2597 1888 2627 Anima
1921 2595 2008 2627 enim
2044 2596 2136 2636 longe
2166 2596 2311 2636 superior

1357 2645 1412 2674 est,
1448 2646 1478 2669 et
1514 2640 1578 2670 vita
1613 2646 1718 2671 nostra
1753 2643 1897 2679 separata
1932 2644 1979 2670 est
2013 2639 2052 2670 ab
2087 2638 2141 2669 illa
2170 2638 2309 2676 animali,
