2551 3044
340 197 403 229 227

347 293 476 326 adducit
505 302 601 332 quam
627 291 688 323 Dei
719 293 868 333 cognitio,
899 305 936 325 ex
969 304 1031 334 qua
1055 304 1112 324 nos
1135 293 1217 324 nihil
1240 304 1309 325 esse

348 337 510 371 discimus,
533 334 589 366 scd
613 345 823 376 quaecunque
846 336 1003 369 habemus
1027 336 1065 368 ab
1089 336 1142 367 illu
1167 347 1310 376 manare,
1335 342 1338 392 ἰ

347 386 381 411 ct
404 386 534 418 accepta
558 378 617 416 ipsi
642 388 710 408 esse
729 378 871 410 ferenda.
917 380 1150 410 Verumtamen
1171 380 1230 410 etsi
1250 380 1310 411 im-

348 421 438 462 probi
471 421 616 451 homiues
648 428 678 451 ct
708 421 864 452 increduli
896 427 1028 463 turgent
1062 423 1247 463 arrogantia
1280 428 1338 464 et,

348 464 514 506 superbia,
549 474 609 494 non
647 472 753 494 tamen
787 465 968 496 efferuntur
1003 473 1205 505 arroganter,
1249 466 1310 496 nisi

349 507 488 547 quadam
513 506 681 537 occasione
704 507 870 546 peculiari.
917 508 1026 547 Quare
1055 509 1080 538 si
1105 508 1209 548 plenis
1231 508 1312 539 velis

349 561 431 582 aura
455 549 532 590 ipsis
563 549 732 586 afflaverit,
767 556 800 580 et
828 550 957 582 rideant
987 551 1064 590 ipsis
1094 551 1211 587 omnia,
1242 555 1312 581 tum

349 593 528 625 insolenter
541 602 610 622 sese
623 598 748 631 gerunt,
762 593 936 629 exsultant,
957 600 987 624 et
1002 593 1180 633 triumphos
1194 599 1309 633 agunt:

349 636 425 668 hinc
447 638 481 667 fit
501 642 535 666 ut
556 635 652 665 nullis
672 634 810 674 amplius
834 636 1037 667 retineantur
1058 636 1232 677 repagulis:
1257 636 1313 667 sed
1338 633 1339 641 ¹

351 680 456 720 plenis
480 677 585 709 buccis
609 688 678 708 sese
702 678 899 718 praedicent,
923 688 955 710 et
979 680 1184 719 blasphemas
1208 679 1239 710 in
1265 679 1312 719 ip-

350 733 423 754 sum
449 722 554 752 Deum
579 730 673 750 voces
704 730 865 752 evomant.
895 722 954 753 sibi
986 723 1136 762 quiddam
1168 721 1312 752 divinum

350 764 544 797 adscribant.
571 763 676 793 Deum
708 764 799 802 parvi
829 764 958 796 faciant.
1003 765 1093 796 Nihil
1124 764 1258 795 arduum
1283 772 1314 795 et
1340 770 1341 778 ¹

352 808 482 839 diflicilc
501 806 560 836 sibi
582 807 720 844 tingunt.
743 806 798 838 Sic
818 807 914 838 rebus
934 809 1095 848 prosperis
1114 807 1315 838 insolescunt
1340 808 1341 816 ¹

352 851 490 890 improbi
515 856 544 879 et
569 849 693 888 protani
717 848 880 881 homines:
905 857 937 881 ct
961 851 1137 881 honoribus
1156 860 1191 880 ac
1210 851 1315 890 gratia
1340 856 1341 860 ’

351 904 414 934 qua
450 892 559 923 valent
593 891 638 922 sic
673 891 883 931 inebriamur,
918 898 952 924 ut
987 894 1078 924 nulla
1111 893 1252 932 supersit
1281 893 1315 923 in

350 936 430 977 ipsis
471 934 666 971 moderatio,
706 935 762 965 scd
799 936 1011 967 fanaticorum
1047 942 1077 967 et
1118 937 1314 966 furiosorum
1340 953 1342 971 ς

351 980 455 1010 instar
479 977 727 1009 debacchentur.
772 976 837 1009 Sed
861 989 923 1019 quo
947 979 1050 1019 magis
1073 980 1260 1018 efferuntur,
1280 989 1315 1009 eo
1339 979 1342 1023 l

353 1022 504 1063 graviore
534 1020 627 1060 lapsu
659 1019 775 1051 deinde
803 1022 909 1052 casuri
941 1031 1026 1053 sunt.
1072 1022 1155 1052 Nam
1184 1022 1210 1052 si
1235 1021 1315 1061 quis,

352 1064 494 1104 exempli
527 1063 642 1103 gratia,
677 1062 757 1093 velit
790 1064 822 1094 in
858 1071 931 1095 aere
961 1064 1077 1101 volare,
1110 1074 1239 1096 neccsse
1268 1070 1316 1095 est

353 1117 508 1149 praeceps
539 1106 679 1137 feratur:
714 1105 770 1136 sed
801 1107 826 1137 si
856 1114 919 1138 tres
949 1115 1125 1147 quatuorve
1156 1106 1251 1147 pedes
1282 1107 1315 1137 in

353 1151 457 1182 altum
487 1149 591 1187 saliat,
621 1147 734 1179 cadere
765 1149 894 1188 quidem
926 1150 981 1180 sed
1006 1161 1067 1181 non
1092 1150 1208 1182 collum
1233 1151 1318 1180 l'ran-

357 1203 434 1235 gere
447 1192 574 1233 poterit.
600 1193 667 1222 Aut
690 1192 715 1221 si
740 1193 812 1231 quis
835 1203 872 1223 cx
898 1193 1055 1224 altissima
1079 1193 1160 1224 turri
1184 1192 1265 1224 vclit
1283 1193 1316 1223 in

356 1242 478 1268 terram
520 1234 664 1272 desilire,
706 1244 783 1265 sano
823 1235 985 1267 sexcentis
1019 1237 1173 1267 mortibus
1207 1240 1319 1275 percat

357 1283 492 1320 oportet.
538 1277 629 1308 Idem
650 1276 712 1307 Dei
736 1278 1008 1318 contemptoribus
1032 1279 1198 1319 c‹·ntingit.
1232 1278 1318 1309 Nam

358 1327 476 1353 natura
498 1320 626 1360 superbi
651 1325 682 1350 et
705 1328 902 1360 arrogantes,
933 1321 958 1351 si
983 1321 1064 1361 quod
1089 1332 1106 1351 a
1130 1321 1199 1352 Deo
1223 1332 1318 1361 pecu-

356 1364 438 1396 liare
463 1363 654 1394 beneficium
678 1363 845 1402 accipiant,
869 1370 900 1394 et
923 1374 962 1394 ex
987 1371 1058 1395 voto
1083 1365 1157 1404 ipsis
1176 1375 1226 1395 res
1250 1373 1319 1395 suc-

358 1407 485 1444 cedant,
516 1407 561 1437 sie
592 1405 798 1443 insolescunt,
830 1411 863 1436 ut
887 1406 974 1437 nulla
998 1407 1068 1437 illos
1092 1407 1245 1438 modestia
1270 1417 1318 1437 re-

358 1451 478 1481 tineat:
504 1447 558 1480 sed
582 1447 760 1479 insolenter
779 1458 848 1480 sese
867 1456 992 1489 gerant⁷
1015 1455 1047 1480 et
1067 1455 1217 1490 tanquam
1239 1449 1319 1481 ebrii

358 1503 492 1534 prorsus
515 1490 698 1522 insaniant:
722 1496 753 1521 et
771 1501 868 1531 quum
888 1492 992 1523 coelos
1012 1493 1095 1533 ipsos
1115 1493 1319 1524 conscensuri

358 1535 526 1571 videntur,
565 1532 680 1564 deinde
711 1534 859 1573 graviore
883 1540 915 1565 ct
938 1536 1041 1575 magis
1064 1535 1222 1567 horrcndo
1244 1545 1319 1567 casu

359 1578 518 1609 decidant.
565 1576 845 1615 Quemadmodum
878 1577 980 1618 igitur
1010 1578 1134 1615 accidit,
1165 1584 1199 1609 ut
1222 1589 1320 1618 quum

358 1621 451 1652 Deus
475 1619 633 1660 permittit
656 1629 714 1649 nos
737 1620 826 1650 omni
846 1620 987 1651 humano
1005 1621 1162 1660 praesidio
1181 1621 1319 1658 destitui,

356 1662 496 1704 improbi
521 1669 552 1694 et
571 1661 727 1692 increduli
746 1662 881 1694 floreant
900 1669 933 1694 et
954 1663 1049 1694 rebus
1067 1664 1216 1695 secundis
1234 1664 1320 1695 inso-

356 1706 490 1742 lescant,
514 1706 569 1736 sed
594 1709 699 1735 tamen
724 1705 874 1745 graviore
897 1716 972 1737 casu
998 1706 1146 1737 decidant
1169 1712 1200 1737 et
1222 1707 1321 1738 cervi-

358 1759 412 1780 ces
436 1749 596 1788 frangant,
627 1748 670 1778 ita
694 1754 725 1777 et
748 1758 820 1778 cum
845 1748 999 1780 Goliatho
1030 1749 1093 1780 iam
1123 1749 1240 1781 sactum
1264 1754 1320 1781 est.

359 1791 520 1824 Davidem
545 1791 630 1821 enim
655 1790 810 1821 inermem
834 1791 972 1823 intuitus
1004 1791 1159 1832 despexit,
1193 1799 1223 1823 et
1247 1803 1320 1823 san-

361 1835 414 1866 nis
437 1835 533 1866 etiam
559 1832 701 1872 excepit:
726 1833 818 1863 Tune
843 1834 882 1864 ad
906 1844 966 1870 me,
997 1834 1111 1874 inquit,
1135 1836 1227 1866 venis
1250 1841 1321 1866 tan-

360 1887 459 1918 quam
484 1876 657 1908 adversum
681 1876 815 1906 canem?
847 1875 929 1915 Quis
953 1882 988 1907 tu
1012 1887 1045 1908 es
1068 1877 1121 1916 qui
1145 1878 1243 1909 audes
1267 1878 1321 1909 ad-

360 1931 491 1952 versum
516 1930 568 1950 me
590 1917 763 1959 progredi?
788 1918 935 1959 Denique
959 1919 1077 1950 Davidi
1099 1921 1266 1951 maledixit
1288 1921 1321 1952 in

361 1963 424 1994 diis
446 1963 522 1994 suis.
568 1961 682 2001 Qualis
712 1965 897 2001 quantaque
932 1961 1071 1994 hominis
1101 1963 1250 2003 superbia
1273 1964 1320 1994 lu-

361 2005 465 2037 dibrio
496 2005 644 2036 habentis
673 2004 827 2044 quidquid
852 2004 913 2036 Dei
938 2005 1076 2036 viventis
1100 2006 1170 2037 est?
1216 2006 1320 2045 Quam

359 2048 571 2088 blasphemus
601 2048 662 2079 iste
684 2047 785 2088 gigaS,
815 2047 934 2078 Davidi
958 2047 1151 2080 maledicens
1174 2049 1206 2080 in
1231 2049 1322 2081 idolis

361 2102 443 2132 quac
467 2089 684 2122 aPhilistaeis
707 2089 914 2121 colebantur?
937 2091 1028 2131 quasi
1051 2090 1204 2122 adversus
1216 2091 1321 2123 Deum

362 2135 488 2175 possint
523 2133 643 2173 aliquid
675 2132 761 2163 idola
789 2133 944 2173 gentium.
997 2133 1104 2174 Atque
1131 2134 1201 2165 istis
1228 2135 1322 2166 minis

363 2176 527 2208 Davidem
552 2176 605 2207 illc
629 2175 720 2216 gigas
744 2181 864 2207 terrere
894 2176 1011 2207 voluit:
1041 2176 1097 2207 sed
1126 2177 1179 2207 ille
1213 2183 1323 2209 contra

364 2220 519 2251 maiorem
543 2219 618 2250 inde
641 2218 839 2249 occasionem
864 2218 925 2249 Dei
950 2219 1198 2259 magnifaciendi
1222 2221 1321 2260 capit:

363 2268 396 2294 et
419 2263 598 2302 blasphemi
622 2261 762 2292 hominis
781 2261 813 2292 in
827 2261 889 2292 Dei
902 2262 1102 2294 maiestatem
1123 2263 1324 2294 contumeliis

364 2306 535 2337 excitatur.
583 2304 668 2336 Sane
691 2305 780 2344 prius
803 2305 895 2335 illum
920 2305 1062 2336 vidimus
1085 2305 1117 2336 in
1142 2305 1211 2336 Deo
1234 2316 1323 2345 spem

363 2359 494 2380 omnem
514 2348 694 2383 collocasse,
708 2352 740 2378 et
751 2358 842 2378 suam
863 2347 1084 2379 fortitudinem
1103 2349 1324 2379 constituisse:
1349 2369 1353 2386 ,

365 2402 479 2423 verum
502 2398 609 2421 tamen
635 2391 798 2430 impurum
823 2390 914 2421 illum
945 2390 1079 2422 audiens
1110 2391 1201 2422 virus
1230 2401 1323 2423 suum
1351 2390 1353 2405 '

363 2438 457 2465 tanta
479 2433 664 2474 arrogantia
682 2433 714 2463 in
729 2432 834 2463 Deum
855 2434 959 2473 ipsum
982 2432 1211 2470 effundentem,
1224 2434 1325 2465 veluti

365 2476 502 2509 subditis
526 2476 702 2508 calcaribus
732 2477 835 2515 magis
864 2482 912 2507 est
935 2477 973 2508 ad
997 2486 1107 2517 preces
1131 2476 1325 2514 stimulatus,

365 2520 482 2560 quibus
505 2526 536 2550 et
559 2519 665 2551 Deum
690 2519 860 2557 invocavit,
883 2523 916 2550 et
939 2520 1092 2551 virtutem
1115 2519 1215 2560 ipsius
1238 2530 1326 2560 mag-

365 2563 461 2594 nifice
485 2562 695 2606 praedicavit,
721 2568 911 2600 exspectans
941 2573 959 2593 a
982 2561 1124 2594 Domino
1148 2562 1231 2602 quod
1255 2573 1325 2602 spe-

366 2611 496 2637 raverat
519 2605 553 2635 in
578 2604 636 2637 hoc
659 2605 834 2637 certamine
858 2615 1010 2644 praesens
1033 2605 1200 2636 auxilium.
1242 2604 1325 2636 Nam

365 2658 400 2679 se
424 2649 490 2688 ipse
513 2648 590 2680 satis
615 2654 756 2686 noverat,
781 2658 896 2688 nempe
919 2658 984 2680 non
1008 2654 1136 2680 tantum
1159 2648 1324 2686 inermem,

1153 196 1357 230 HOMILIA
1378 196 1510 230 LXIII.

2266 200 2328 232 2‘28

1335 311 1337 319 ι
1362 293 1417 324 sed
1441 298 1473 323 et
1495 293 1667 332 imbellem,
1687 304 1723 326 ac
1737 293 1880 334 proinde,
1905 294 1937 324 ni
1951 293 2041 324 Deus
2055 293 2122 334 ipse
2134 294 2232 334 iuvet,
2245 304 2326 325 mor-

1364 336 1404 367 tis
1427 341 1552 367 certum
1577 346 1733 376 apparere
1757 337 1944 377 periculum,
1975 348 2014 367 ex
2041 346 2104 376 qua
2128 336 2214 367 solus
2237 337 2327 368 Deus

1336 408 1337 415 ,
1364 378 1501 410 liberare
1524 379 1629 418 ipsum
1653 379 1769 418 possit:
1801 379 1884 419 quod
1915 386 1948 410 ct.
1971 380 2129 410 facturum
2153 379 2214 410 sibi
2237 379 2327 418 polli-

1363 427 1465 453 cetur.
1511 421 1554 452 Et
1578 422 1695 453 idcirco
1718 422 1781 453 iam
1805 423 1983 463 gratiarum
2007 423 2165 453 actionem
2193 421 2328 452 medita-

1337 481 1338 486 =
1364 471 1428 502 tur,
1459 464 1549 504 quasi
1578 464 1642 495 iam
1673 474 1769 504 quam
1801 465 2008 505 exspectabat
2038 465 2171 496 victoria
2194 465 2327 505 potitus.

1338 544 1339 552 ἵ
1365 506 1584 545 Quamobrem
1614 517 1654 538 ne
1685 507 1847 546 miremur,
1876 514 1906 538 et
1937 518 1977 538 nc
2005 518 2100 548 aegre
2132 508 2272 538 feramus
2300 507 2328 538 si

1365 550 1456 581 Deus
1486 560 1549 580 non
1574 560 1693 590 magna
1715 560 1840 590 pompa,
1869 557 1900 582 ct
1927 561 2044 591 magno
2068 550 2205 590 quodam
2230 560 2328 590 appa-

1365 596 1438 623 ratu
1463 602 1522 623 nos
1545 603 1584 623 cx
1608 593 1758 633 periculis
1781 594 1849 624 vult
1875 593 2021 632 liberare,
2050 593 2105 625 sed
2137 598 2248 624 contra
2271 602 2328 633 po-

1338 665 1340 671 ,
1365 635 1430 666 tius
1453 635 1485 665 in
1510 635 1698 673 infirmitate
1720 635 1820 667 veluti
1844 636 2036 677 languentes
2059 635 2219 676 relinquit,
2249 636 2328 666 adeo

1366 682 1403 708 ut
1426 677 1572 709 hostibus
1596 677 1740 718 undique
1763 679 1941 719 cingamur,
1971 685 2002 710 et
2033 679 2154 719 laqueis
2186 679 2329 718 ipsorum

1366 721 1482 751 irretiti
1516 720 1694 759 videamur,
1728 726 1760 752 et
1792 721 1826 752 in
1861 727 2053 762 potestatem
2087 722 2229 761 ipsorum
2264 722 2328 752 iam

1366 763 1428 794 iam
1455 763 1584 794 venturi
1608 769 1639 794 ct
1661 763 1863 804 opprimendi
1887 765 1926 795 ab
1949 764 2037 804 ipsis,
2060 764 2197 804 denique
2216 765 2248 794 in
2270 774 2328 794 nos

1367 806 1448 837 nihil
1483 816 1548 837 non
1583 806 1767 844 moliantur,
1804 814 1835 838 et
1868 807 1958 838 nullo
1992 807 2160 837 resistente
2195 817 2329 846 pravam

1367 849 1570 880 voluntatem
1601 859 1693 880 suam
1722 849 1887 890 impleant,
1915 855 1948 880 et
1977 850 2070 881 malis
2100 849 2249 886 obruant,
2278 859 2329 885 ne,

1367 892 1508 932 inquam,
1543 892 1604 923 ista
1638 892 1801 923 miremur.
1853 892 1941 931 Quid
1975 893 2020 923 ita
2054 891 2153 922 vero?
2206 891 2330 931 Nempe

1369 935 1457 966 Deus
1492 945 1546 965 eos
1581 940 1732 966 excaecat
1771 940 1804 966 et
1840 935 1874 966 in
1909 936 2120 975 propinquam
2156 934 2330 973 perniciem

1368 978 1575 1017 praecipitat:
1605 977 1736 1017 perinde
1765 978 1850 1008 enim
1881 979 1948 1018 agit
1972 988 2044 1009 cum
2068 978 2132 1008 illis
2156 977 2235 1009 haec
2258 987 2331 1017 per-

1368 1020 1524 1051 mittendo
1555 1030 1592 1051 ac
1621 1021 1647 1051 si
1671 1021 1740 1060 quis
1763 1021 1886 1052 ebrioso
1909 1028 1940 1051 et
1963 1021 2193 1060 intemperanti
2217 1021 2331 1051 vinum

1368 1063 1491 1093 affatim
1516 1063 1709 1103 suppeditet,
1733 1073 1796 1103 quo
1819 1073 1883 1094 non
1907 1064 2044 1095 satietur
2067 1069 2167 1094 donec
2197 1062 2331 1093 obrutus

1367 1105 1419 1136 vel
1443 1106 1629 1143 suffocetur,
1653 1105 1704 1136 vel
1727 1106 1759 1136 in
1783 1111 1947 1146 stuporem
1967 1112 2021 1137 aut
2042 1106 2181 1137 frenesin
2202 1105 2330 1137 ineidat.

1368 1148 1491 1179 Eadem
1515 1158 1594 1180 sane
1617 1149 1699 1179 ratio
1722 1155 1771 1180 est
1788 1148 2028 1180 incredulorum
2051 1156 2082 1180 ct
2110 1149 2332 1189 improborum

1370 1191 1537 1222 hominum
1562 1191 1712 1232 superbia
1742 1196 1775 1222 et
1803 1192 1989 1232 arrogantia
2023 1192 2235 1232 turgentium,
2269 1200 2332 1231 qua

1369 1234 1415 1266 sic
1438 1234 1642 1265 inebriantur
1671 1239 1708 1265 ut
1732 1234 1766 1265 in
1790 1234 1930 1265 furorem
1954 1241 1985 1266 et
2008 1235 2129 1266 rabiem
2155 1241 2333 1271 vertantur,

1371 1277 1525 1317 quamdiu
1538 1277 1662 1309 occasio
1685 1276 1748 1308 illis
1767 1277 1900 1308 offertur
1919 1277 2093 1316 saeviendi,
2115 1277 2237 1317 sibique
2256 1276 2336 1308 arri-

1372 1320 1446 1352 dere
1470 1321 1632 1351 fortunam
1655 1320 1864 1351 arbitrantur.

1457 1363 1501 1394 Et
1524 1363 1562 1394 dc
1586 1363 1649 1394 illis
1673 1363 1847 1394 haetenus:
1879 1373 1938 1394 nos
1960 1373 2038 1394 vero
2060 1368 2171 1394 eontra
2196 1361 2332 1394 Davidis

1372 1406 1557 1446 exemplum
1571 1405 1692 1437 imitari
1705 1405 1874 1444 discamus,
1899 1405 2095 1446 blasphemis
2107 1406 2171 1436 illis
2191 1405 2333 1446 gigantis

1373 1449 1503 1481 vocibus
1525 1449 1605 1480 haec
1627 1449 1695 1490 spei
1718 1453 1750 1479 et
1773 1447 1846 1479 fidei
1870 1449 1965 1489 plena
1996 1449 2093 1480 verba
2123 1449 2334 1489 opponentis:

1376 1492 1424 1523 Tu
1445 1493 1532 1523 venis
1561 1491 1603 1523 acl
1624 1502 1672 1522 me
1693 1501 1760 1522 cum
1779 1491 1894 1531 yladio,
1923 1494 1950 1522 et
1972 1491 2070 1529 hasta,
2093 1494 2120 1522 ct
2142 1492 2260 1531 clypeo:
2283 1501 2336 1531 eqo

1372 1537 1473 1566 autem
1494 1535 1581 1566 venio
1605 1535 1646 1565 acl
1667 1537 1694 1565 te
1715 1534 1749 1565 in
1771 1535 1895 1565 nomine
1910 1534 2036 1565 Domini
2058 1535 2252 1571 exercituum,
2271 1533 2335 1565 Dei

1373 1578 1533 1619 aynzinum
1555 1577 1665 1609 Israel.
1711 1576 1799 1609 Sane
1823 1576 1935 1609 doctus
1958 1588 1977 1608 a
1999 1577 2069 1608 Deo
2094 1576 2198 1608 David
2222 1577 2269 1608 ita
2291 1576 2336 1607 lo-

1374 1626 1496 1661 quutus
1519 1627 1577 1659 est,
1600 1625 1633 1651 et
1655 1619 1781 1660 quidem
1805 1626 1977 1659 antequam
2002 1619 2191 1660 prophetiae
2214 1619 2334 1650 donum

1373 1665 1407 1695 in
1430 1664 1500 1704 ipso
1524 1669 1703 1704 appareret,
1725 1668 1758 1693 et
1779 1662 1818 1693 ad
1842 1673 1912 1694 cam
1936 1663 2164 1702 perfectionem
2181 1663 2335 1699 venisset,

1374 1718 1470 1748 qnam
1501 1706 1616 1737 deinde
1640 1716 1658 1737 a
1680 1705 1820 1736 Domino
1850 1706 1988 1746 accepit:
2019 1705 2074 1736 sed
2098 1707 2129 1736 in
2155 1716 2191 1736 ea
2214 1706 2336 1736 virtute

1373 1750 1523 1791 profecit,
1555 1754 1587 1780 et
1616 1749 1847 1789 perseveravit.
1894 1748 2040 1779 Profecto
2063 1748 2124 1779 iste
2147 1748 2244 1788 opilio
2268 1758 2335 1779 non

1373 1794 1593 1834 frequentaret
1618 1791 1749 1828 scholas,
1782 1801 1886 1831 neque
1917 1800 2050 1831 magnos
2074 1790 2220 1822 doctores
2244 1791 2335 1822 audi-

1374 1842 1474 1873 verat,
1499 1845 1517 1866 a
1539 1834 1654 1875 quibus
1682 1833 1848 1865 seientiam
1881 1833 2026 1870 disceret,
2061 1839 2093 1864 et
2122 1833 2337 1865 nihilominus

1374 1885 1481 1910 tamen
1505 1877 1545 1909 ad
1568 1887 1728 1909 summam
1751 1877 1943 1917 sapientiam
1967 1877 2116 1916 pervenit
2135 1882 2166 1907 et
2184 1876 2338 1908 scientiae

1374 1922 1538 1962 fastigium
1562 1920 1680 1961 attigit,
1703 1929 1784 1959 quae
1807 1920 1840 1950 in
1864 1919 1923 1951 hoc
1946 1920 2007 1950 sita
2019 1923 2077 1957 est,
2101 1924 2136 1950 ut
2150 1919 2240 1950 Deus
2251 1928 2336 1950 unus

1375 1965 1416 1996 sit
1434 1963 1527 1995 nobis
1549 1972 1693 1995 ommum
1715 1964 1827 1999 instar,
1859 1967 1890 1994 et
1920 1962 1953 1993 in
1978 1971 2015 1992 eo
2039 1962 2170 2001 eiusque
2193 1961 2336 1993 bonitate

1375 2007 1526 2039 fiduciam
1551 2011 1582 2037 et
1606 2015 1696 2046 spem
1717 2015 1845 2037 omnem
1864 2010 2008 2036 nostram
2029 2004 2230 2036 collocemus.
2255 2004 2338 2044 Quis

1375 2060 1451 2091 ergo
1465 2049 1626 2081 Davidem
1649 2049 1710 2079 hoc
1733 2048 1859 2079 docuit?
1892 2048 1966 2079 Non
1990 2047 2155 2078 doctorum
2179 2057 2257 2087 quos
2281 2047 2337 2078 diu

1376 2093 1588 2133 frcquentarit
1621 2100 1706 2128 cura,
1740 2090 1796 2122 sed
1820 2090 1882 2122 Dei
1916 2091 2050 2131 spiritus
2081 2094 2146 2120 tam
2175 2090 2336 2121 excelsam

1375 2137 1435 2176 ipsi
1465 2135 1656 2176 sapientiam
1690 2133 1818 2171 infudit,
1852 2134 1947 2174 longe
1980 2132 2152 2173 perfectius
2185 2142 2278 2172 quam
2310 2133 2337 2164 si

1376 2179 1493 2209 multos
1523 2188 1625 2209 annos
1656 2177 1912 2208 doctissimorum
1944 2177 2085 2207 virorum
2116 2175 2242 2207 scholas
2273 2175 2335 2207 fre—

1377 2226 1571 2261 quentasset.
1617 2220 1703 2251 Num
1728 2230 1804 2251 vero
1827 2224 1994 2259 postquam
2019 2217 2059 2249 ad
2082 2218 2203 2258 regiam
2229 2218 2335 2259 digni-

1378 2270 1474 2295 tatem
1499 2263 1647 2305 pervenit
1670 2263 1861 2294 immutatus
1884 2261 1955 2293 est?
2000 2261 2136 2293 Minime
2162 2272 2244 2298 vero,
2280 2261 2336 2293 sed

1378 2318 1433 2338 rcx
1456 2312 1487 2338 et
1510 2306 1667 2347 propheta
1690 2305 1827 2345 insignis
1849 2304 1983 2336 eandem
2008 2310 2148 2335 mentem
2172 2309 2205 2335 et
2223 2304 2336 2336 eadem

1378 2349 1473 2380 verba
1496 2349 1639 2386 retinuit,
1663 2347 1709 2379 sic
1731 2348 1817 2378 enim
1842 2347 1927 2378 Psal.
1951 2347 1992 2378 33
2016 2346 2171 2386 loquitur:
2198 2347 2268 2379 Non
2292 2349 2337 2379 cst

1378 2403 1431 2423 rer
1453 2393 1506 2431 qui
1528 2394 1664 2423 servetur
1681 2390 1876 2433 multitudine
1896 2391 2065 2429 copiarum,
2083 2391 2192 2428 potens
2204 2400 2264 2421 non
2275 2390 2337 2421 eri-

1373 2435 1462 2474 pitur
1474 2435 1668 2466 multitudme
1679 2433 1811 2464 virium:
1827 2433 1959 2464 memsam·
1971 2436 2013 2463 est
2025 2442 2121 2472 equus
2138 2433 2179 2464 ad
2197 2433 2336 2472 salutem,

1378 2480 1403 2508 et
1421 2478 1615 2508 mullitudine
1633 2476 1754 2508 roboris
1771 2476 1823 2507 sui
1842 2485 1904 2506 'non
1923 2475 2030 2507 liberat
2041 2485 2197 2506 sessorem.
2220 2475 2340 2507 Anima

1379 2523 1483 2551 nostra
1519 2519 1728 2559 praestolatur
1751 2518 1912 2557 Ichovam,
1953 2518 2110 2549 auxilium
2142 2521 2280 2550 nostrum
2313 2520 2340 2550 et

1378 2565 1497 2594 scutum
1519 2566 1655 2594 nostrum
1679 2565 1729 2594 est.
1775 2561 1950 2601 Nunquam
1974 2571 2050 2601 ergo
2081 2560 2198 2598 David,
2230 2565 2337 2592 mente

1380 2605 1534 2636 titubavit
1568 2615 1711 2645 nunqam
1745 2605 1937 2635 immutatus
1970 2609 2031 2635 est:
2067 2614 2162 2644 quam
2196 2609 2337 2635 mentem

1379 2647 1493 2680 habuit
1516 2649 1652 2680 rusticus
1675 2653 1707 2680 et
1729 2647 1834 2688 opilio,
1857 2651 1889 2678 et
1911 2656 2005 2687 quam
2030 2647 2062 2678 in
2087 2646 2157 2678 Deo
2180 2646 2341 2685 fiduciam,
