2551 3044
406 310 647 351 HOMILIA
672 308 840 348 LXXII.

515 368 612 400 eAP.
635 368 731 399 XIX.

229 470 276 500 17.
301 467 449 506 Discitque
469 465 547 497 Saul
565 466 606 496 ad
625 465 759 497 Miehol:
786 466 888 505 Quare
907 467 951 497 sic
972 465 1102 497 illusisti

143 512 229 551 milii,
258 514 284 542 et
312 509 459 542 dimisisti
488 508 649 539 inimicum
678 519 778 539 meum
807 511 840 539 ut
867 509 1012 548 fuyeret?
1059 507 1102 538 Ec

143 554 298 593 respondit
329 551 444 582 Mlckol
476 551 517 581 ad
553 550 646 581 Saul:
684 551 765 590 (Μία
798 552 862 590 ipse
894 552 1037 590 loquutus
1059 553 1101 581 est

143 597 236 629 milti:
257 595 385 627 Dimitte
403 604 457 629 me,
480 593 618 632 alioquin
639 594 820 632 interficiam
838 596 874 626 te.
923 594 969 625 18.
994 593 1101 624 Daoisl

143 642 242 671 autem
261 637 391 678 fuyiens,
415 636 554 667 salvatus
575 638 628 674 est,
660 639 686 666 et
708 637 788 667 venit
810 637 850 667 acl
874 636 1045 667 Samuelem
1068 636 1101 666 in

144 680 308 718 Ramatha,
348 681 374 709 et
402 679 559 709 nunciavit
589 679 617 709 ei
651 680 754 710 omnia
787 690 864 719 quae
895 679 1007 719 fecerat
1040 678 1100 709 sibi

144 724 236 755 Saul:
266 725 293 754 et
322 722 462 752 abierunt
491 721 557 760 ipse
579 723 605 751 et
629 721 763 759 Samuel,
795 725 821 752 et
843 723 954 753 morati
976 724 1046 752 sunt
1068 721 1101 751 iu

143 765 267 798 Naioth.
313 764 361 795 19.
387 763 574 794 Nuntiatum
592 767 634 795 est
652 767 751 794 autem
772 764 862 795 Sauli
881 775 900 795 a
919 764 1101 796 dicentibus:

142 807 220 840 Ecce
241 807 348 840 David
371 807 405 838 in
429 806 544 837 Naiotli
566 807 599 836 in
624 806 790 837 Ramatha.
835 807 884 838 20.
916 807 1008 838 Misit
1030 816 1101 846 eryo

144 851 222 883 Saul
249 851 375 886 lictores,
406 851 439 879 ut
461 851 601 888 caperent
623 848 740 886 David,
763 850 816 888 qui
839 860 935 889 quum
955 850 1101 880 vidissent

140 903 267 926 cuneum
306 891 529 932 prophetarum
569 893 817 930 vaticinantium,
862 896 888 924 et
929 892 1101 923 Samuelem

139 939 268 968 stantem
296 945 388 974 super
418 944 477 972 eos,
508 934 609 973 factus
638 936 681 965 est
702 935 794 966 etiam
816 936 950 975 spiritus
973 934 1102 966 Domini

140 981 174 1010 in
192 979 264 1017 illis,
285 981 311 1009 et
324 976 511 1017 prophetare
533 979 690 1016 coeperunt
708 978 801 1008 etiam
819 978 894 1017 ipsi.
939 978 989 1009 21.
1018 977 1102 1016 Quod

141 1032 234 1062 quum
261 1021 440 1052 nunciatum
467 1021 541 1050 esset
566 1020 664 1058 Sauli,
698 1021 783 1051 misit
813 1023 839 1051 et
862 1021 941 1051 alios
963 1021 1102 1051 nuutios:

136 1064 391 1106 prophetaverunt
420 1065 523 1093 autem
547 1065 573 1092 et
595 1063 653 1093 illi.
700 1062 743 1093 Et
765 1074 893 1094 rursum
916 1063 1001 1094 misit
1025 1061 1103 1093 Saul

139 1108 243 1139 tertios
264 1106 402 1137 nuntios:
424 1105 478 1144 qui
500 1107 526 1135 et
550 1105 615 1144 ipsi
632 1105 899 1144 prophetaverunt.

224 1204 388 1236 Hesterna
418 1203 569 1235 concione
601 1203 741 1235 vidimus
774 1204 834 1235 Dei
865 1204 1102 1244 providentiam

143 1249 175 1279 in
195 1245 394 1287 procuranda
412 1246 515 1276 salute
536 1246 670 1277 Davidis
691 1257 746 1286 per
765 1258 898 1277 uxorem
915 1246 1102 1285 Micholam,

140 1291 191 1322 cui
225 1295 256 1320 et
289 1288 491 1329 prudentiam
522 1294 554 1319 et
583 1289 708 1320 animos
740 1289 827 1320 dedit
858 1289 897 1320 ad
921 1300 988 1320 rem
1012 1290 1101 1320 illam

138 1331 374 1373 perficiendam.
419 1330 557 1361 Interim
588 1338 696 1362 tamen
725 1332 780 1363 illa
809 1338 933 1372 patrem
958 1343 993 1363 eo
1017 1333 1100 1363 facto

138 1374 294 1412 laedebat,
325 1380 358 1405 at
387 1385 450 1404 non
482 1374 515 1404 in
546 1373 651 1405 Deum
684 1375 843 1414 peccabat.
890 1376 996 1415 Atque
1027 1375 1102 1406 hinc

141 1416 326 1449 discendum
358 1421 415 1452 est,
447 1416 622 1447 videndum
650 1428 719 1449 esse
749 1428 830 1457 quae
853 1418 1006 1449 debeatur
1028 1417 1101 1449 obe-

141 1461 261 1492 dientia
297 1460 336 1490 iis
372 1460 424 1499 qui
461 1459 663 1491 autoritatem
695 1466 727 1491 et
757 1460 956 1491 dominatum
987 1461 1020 1491 in
1045 1471 1101 1492 nos

140 1504 295 1539 obtinent,
333 1513 372 1533 ne
413 1503 447 1532 in
485 1502 633 1533 omnibus
674 1514 794 1534 morem
829 1504 906 1543 ipsis
941 1514 1099 1542 geramus.

141 1545 407 1585 Quandoquidem
428 1545 572 1585 legitima
590 1556 684 1585 saepe
704 1547 867 1577 excusatio
881 1546 998 1583 subest,
1018 1546 1100 1586 quod

142 1589 236 1620 multi
268 1588 388 1619 iniusta
421 1588 588 1627 imperent,
623 1593 654 1618 et
688 1589 749 1619 Dei
782 1589 903 1629 gloriae
933 1594 965 1620 et
988 1589 1099 1620 honori

142 1631 366 1672 repugnantia.
407 1630 494 1662 Sane
531 1631 750 1670 superioribus
785 1631 913 1662 obedire
943 1632 1099 1669 iubemur,

141 1674 197 1706 sed
226 1675 260 1705 in
292 1674 438 1710 Domino,
469 1678 505 1703 ut
532 1672 603 1703 Deo
633 1674 686 1713 qui
710 1684 874 1705 summum
899 1675 931 1705 in
954 1674 1101 1706 homines

141 1717 264 1748 obtinet
285 1716 466 1756 imperium,
495 1726 574 1746 suus
597 1716 701 1747 honos
726 1717 925 1757 relinquatur
947 1717 1100 1755 illibatus,

141 1764 173 1791 et
209 1760 248 1790 de
282 1759 383 1799 ipsius
420 1759 588 1789 voluntate
626 1759 706 1790 nihil
735 1759 934 1791 detrahatur.
978 1759 1100 1799 Quam—

142 1803 251 1834 obrem
275 1802 348 1833 licet
371 1801 449 1833 Saul
474 1801 557 1832 filiae
581 1802 703 1833 Miehol
721 1802 918 1843 indignetur,
942 1803 1101 1835 laudabile

142 1850 249 1876 tamen
279 1845 380 1884 ipsius
403 1845 464 1875 fuit
487 1844 619 1876 facinus.
666 1845 748 1875 Nam
773 1846 914 1885 alioquin
938 1846 1100 1878 homicidii

140 1899 195 1919 rea
222 1888 334 1919 fuisset
357 1888 383 1918 si
405 1887 438 1917 in
462 1887 563 1927 patris
588 1887 786 1919 voluntatem
810 1890 1041 1920 consensisset:
1070 1895 1101 1920 et

139 1930 248 1962 mariti
266 1929 371 1962 caedis
390 1939 485 1961 causa
505 1929 626 1961 fuisset.
656 1930 702 1961 At
723 1931 783 1961 Dei
801 1931 954 1962 mandato
973 1932 1101 1963 iubetur

140 1973 235 2004 homo
262 1977 386 2014 patrem
408 1977 441 2003 et
464 1977 598 2003 matrem
623 1973 846 2014 derelinquere
869 1978 905 2004 ut
928 1974 1101 2006 adhaereat

142 2016 252 2047 uxori:
282 2015 366 2055 quod
397 2015 493 2046 etiam
524 2014 564 2046 ad
592 2016 761 2047 mulierem
792 2022 824 2047 et
852 2016 981 2057 quidem
1005 2017 1100 2058 longe

141 2059 263 2098 potiore
286 2058 410 2089 ratione
430 2058 579 2098 pertinet,
601 2059 685 2098 quod
706 2059 760 2089 illa
781 2059 848 2090 viro
868 2071 926 2091 suo
945 2065 1098 2100 tanquam

139 2101 235 2140 capiti
258 2100 350 2132 debet
369 2111 497 2131 omnem
516 2101 668 2132 honorem
689 2106 721 2132 et
740 2101 963 2134 obedientiam.
1005 2103 1100 2135 Nunc

141 2143 240 2183 igitur
262 2143 483 2183 expendamus
506 2143 591 2183 quod
615 2143 732 2176 dicitur
755 2144 833 2176 Saul
853 2150 1047 2185 conquestus
1067 2157 1100 2178 se

143 2185 308 2226 deceptum
328 2196 347 2217 a
365 2186 501 2217 Michol:
522 2187 590 2226 ipsa
610 2197 686 2218 vero
708 2187 791 2226 patri
811 2188 956 2226 mentita,
975 2200 1098 2228 nempe,

144 2238 178 2259 se
207 2228 302 2259 minis
330 2235 471 2260 coactam
496 2229 614 2260 Davidi
638 2230 747 2270 fugam
772 2232 967 2269 permittere,
996 2232 1099 2262 mina-

144 2276 213 2300 tum
243 2271 357 2310 quippe
385 2276 522 2302 mortem
554 2273 614 2303 nisi
645 2283 679 2303 se
706 2272 892 2304 dimitteret.
938 2274 983 2305 At
1006 2274 1100 2313 longe

144 2312 237 2343 aliter
265 2323 299 2343 se
326 2324 376 2344 res
398 2314 544 2345 habebat.
589 2315 672 2345 Nam
697 2320 770 2346 ante
793 2316 976 2347 audivimus
998 2316 1099 2349 Davi-

145 2354 216 2386 dem
244 2356 407 2386 incautum
436 2357 560 2388 insidiis
585 2357 692 2389 Saulis
715 2364 845 2398 captum
868 2359 907 2389 iri
931 2360 993 2390 nisi
1017 2371 1099 2391 uxor

144 2397 236 2428 illum
256 2397 479 2437 admonuisset,
502 2400 723 2440 rationemque
740 2402 811 2441 ipsa
829 2401 922 2442 fugae
934 2407 967 2433 et
986 2403 1100 2434 salutis

146 2440 328 2477 invenisset,
359 2450 394 2471 ac
424 2451 480 2481 per
507 2443 682 2474 fenestram
713 2443 894 2481 dimisisset,
925 2444 1100 2486 fraudeque

147 2482 255 2514 Saulis
284 2482 436 2514 satellites
465 2485 611 2516 elusisset
634 2497 820 2526 moramque
844 2487 907 2518 illis
930 2488 1099 2520 iniecisset.

145 2525 253 2564 Ipsius
276 2535 350 2565 ergo
373 2536 436 2556 non
456 2526 591 2559 Davidis
611 2530 737 2560 fuerant
757 2533 842 2561 artes
861 2534 893 2561 et
911 2531 1099 2562 consilium:

145 2568 209 2598 iam
235 2577 308 2598 vero
331 2573 452 2606 patrem
475 2569 637 2610 alloquens
661 2572 694 2602 in
720 2572 879 2604 Davidem
903 2573 965 2604 ista
987 2574 1099 2611 reiicit,

147 2610 238 2641 cuius
261 2610 357 2640 minis
379 2615 466 2641 metu
489 2612 530 2642 sit
551 2613 673 2645 affecta.
718 2614 806 2645 Hinc
829 2620 961 2655 apparet
979 2616 1011 2647 in
1031 2616 1100 2656 pul-

146 2652 232 2685 chris
264 2652 457 2683 facinoribus
490 2658 522 2684 et
554 2655 647 2687 laude
681 2656 785 2697 dignis
819 2669 945 2698 semper
978 2658 1099 2699 aliquid

795 214 843 245 IN
865 214 891 245 Ι.
915 215 1003 246 LIB.
1028 214 1225 247 SAMUEL.
1251 215 1347 247 CAP.
1372 216 1467 247 XIX.
2056 217 2118 248 3245

1156 309 1334 339 admixtum
1376 310 1632 349 imperfectionis.
1685 311 1740 341 Sic
1773 311 1825 351 qui
1867 310 2043 350 plurimum
2081 312 2114 342 in

1156 352 1216 382 Dei
1249 352 1362 382 timore
1390 353 1604 392 profecerunt,
1636 354 1786 393 reliquia>⁴
1811 361 1916 384 tamen
1941 354 1972 384 in
1997 364 2030 384 se
2055 353 2116 385 hu-

1154 404 1267 425 manae
1290 395 1487 425 infirmitatis
1510 397 1663 433 sentiunt,
1694 402 1724 426 et
1749 397 1827 427 vitio
1851 397 1957 436 aliquo
1981 396 2116 428 meliora

1154 447 1210 466 sua
1248 447 1344 476 opera
1377 437 1494 468 infecta
1528 447 1733 478 cognoscunt.
1777 439 1882 477 Quam
1913 439 1953 469 ob
1984 449 2113 470 causam

1154 489 1271 519 magna
1294 490 1420 519 semper
1445 480 1505 511 Dei
1530 481 1718 512 timentibus
1741 482 1876 512 offertur
1899 482 2022 513 occasio
2045 493 2114 513 sese

1153 532 1259 552 coram
1306 522 1372 552 Deo
1414 522 1613 555 humiliandi.
1666 524 1757 555 Licet
1798 525 1882 555 enim
1924 524 2031 554 Deum
2074 536 2114 556 ex

1153 566 1260 595 auimo
1293 565 1396 595 colere
1427 572 1456 595 et
1488 576 1568 605 pura
1599 575 1704 597 mente
1735 567 1854 598 servire
1884 567 1929 597 illi
1953 567 2113 605 studeant,

1153 613 1184 636 et
1214 617 1309 646 quam
1338 607 1523 638 fidelissime
1547 619 1651 639 coram
1677 610 1745 648 ipso
1768 610 1932 640 ambulare
1956 610 2112 648 nitantur,

1153 656 1261 679 tamen
1295 660 1421 689 semper
1452 651 1571 689 aliquid
1596 651 1796 682 desideratur
1819 653 1850 682 in
1875 653 2017 692 ipsorum
2042 662 2114 692 ope-

1153 691 1257 722 ribus:
1282 692 1360 723 adeo
1381 698 1415 722 ut
1439 693 1463 723 si
1490 693 1576 724 Deus
1600 695 1739 725 rationes
1763 695 1915 735 exegerit,
1946 695 1978 725 in
2003 695 2113 726 multis

1154 734 1311 765 debitores
1354 735 1574 766 inveniantur:
1617 748 1689 767 uum
1729 738 1842 767 merito
1876 744 1980 778 potest
2015 749 2113 778 opera

1154 784 1263 808 nostra
1304 778 1392 808 Deus
1427 785 1580 818 tanquam
1613 779 1734 818 polluta
1764 786 1796 810 et
1827 781 1996 820 inquinata
2028 782 2115 814 vitiis

1154 820 1294 851 reiicere.
1338 820 1466 851 Scimus
1489 827 1595 852 autem
1617 822 1737 852 nullam
1757 823 1914 853 maculam
1934 830 1989 854 aut
2007 823 2113 856 labem

1154 873 1245 902 posse
1280 874 1298 893 a
1334 863 1402 893 Deo
1442 869 1593 903 tanquam
1630 864 1747 895 bonum
1782 871 1812 895 et
1841 866 2004 906 integrum
2036 877 2116 907 opus

1154 905 1290 936 admitti.
1315 904 1424 944 Quare
1444 906 1622 937 cavendum
1642 918 1681 937 ne
1701 907 1849 947 operibus
1869 909 1986 939 nostris
2006 919 2114 941 coram

1154 947 1225 979 Deo
1256 947 1439 988 gloriemur,
1472 959 1574 988 neque
1599 950 1773 980 intentione
1799 951 1983 981 ambulandi
2007 963 2114 983 coram

1155 990 1224 1021 Deo
1261 990 1439 1022 secundum
1477 991 1577 1031 ipsius
1614 1000 1788 1032 praecepta.
1839 994 2009 1024 Caeterum
2045 995 2116 1026 Deo

1154 1038 1263 1064 nostra
1292 1033 1375 1064 bona
1403 1044 1499 1073 opera
1524 1034 1649 1074 probari
1674 1042 1706 1065 et
1729 1035 1855 1066 admitti
1880 1047 1942 1066 non
1965 1036 2037 1068 ideo
2060 1049 2116 1069 ne-

1154 1086 1277 1116 gamus,
1309 1076 1363 1107 sed
1395 1087 1460 1107 non
1484 1082 1590 1107 tamen
1615 1089 1655 1107 ex
1679 1077 1807 1108 illorum
1832 1079 1945 1109 merito
1969 1079 2021 1110 vel
2045 1079 2115 1121 dig-

1155 1118 1256 1149 nitate
1279 1119 1348 1149 fieri
1374 1119 1517 1155 dicimus,
1542 1119 1596 1150 sed
1621 1132 1659 1151 ex
1684 1131 1770 1151 mera
1790 1121 1888 1160 ipsius
1912 1121 2112 1162 liberalitate,

1155 1171 1212 1192 nos
1246 1162 1415 1192 tolerantis
1450 1162 1718 1201 quemadmodum
1754 1169 1844 1203 pater
1878 1174 1952 1194 suos
1987 1164 2113 1197 liberos.

1155 1204 1225 1235 Hoc
1255 1204 1363 1244 itaque
1394 1205 1652 1236 constituendum
1682 1212 1738 1243 est,
1771 1205 1850 1236 nihil
1875 1206 1958 1246 quod
1983 1218 2000 1238 a
2024 1208 2115 1240 nobis

1154 1246 1369 1286 proficiscitur
1406 1258 1474 1278 esse
1512 1248 1644 1288 dignum
1678 1259 1735 1288 per
1766 1260 1799 1279 se
1828 1249 1911 1288 quod
1940 1249 2029 1281 Deus
2060 1251 2116 1281 ad-

1155 1289 1278 1320 mittat:
1314 1294 1346 1320 et
1376 1290 1498 1329 optima
1527 1301 1669 1330 quaeque
1701 1298 1811 1321 nostra
1840 1302 1936 1331 opera
1965 1292 2114 1324 condem-

1156 1332 1264 1362 nanda
1298 1333 1380 1372 quod
1412 1343 1538 1372 semper
1568 1333 1685 1373 aliquid
1716 1334 1911 1365 infirmitatis
1935 1334 2115 1366 admixtum

1155 1374 1306 1413 habeant,
1339 1380 1371 1406 et
1403 1386 1566 1415 nunquam
1599 1376 1637 1407 ad
1668 1387 1737 1407 eam
1769 1376 1993 1416 perfectionem
2019 1388 2116 1418 quam

1156 1416 1245 1448 Dens
1286 1417 1428 1457 postulat
1469 1419 1668 1458 perveniant.
1714 1419 1781 1450 Nos
1821 1430 1906 1457 vero,
1941 1420 1966 1450 si
1988 1431 2115 1452 omnem

1155 1460 1337 1499 superbiam
1360 1466 1392 1491 et
1408 1461 1630 1501 gloriationem
1647 1462 1894 1501 deposuerimus,
1915 1463 1997 1493 elato
2011 1464 2116 1503 capite

1156 1513 1219 1533 non
1251 1502 1437 1534 verebimur
1461 1504 1500 1534 ad
1524 1504 1630 1535 Deum
1654 1504 1812 1541 accedere,
1844 1516 1907 1535 non
1932 1505 2114 1538 dubitantes

1154 1546 1229 1585 quin
1261 1552 1388 1586 gratum
1420 1553 1451 1577 et
1481 1554 1644 1586 acceptum
1677 1547 1792 1578 habeat
1821 1548 2007 1588 obsequium
2031 1549 2114 1588 quod

1154 1588 1200 1618 illi
1224 1599 1295 1620 cum
1320 1588 1502 1620 obedientia
1525 1590 1699 1625 offerimus,
1731 1590 1789 1621 etsi
1815 1590 1901 1620 vitiis
1923 1596 1955 1621 et
1976 1590 2113 1622 infirmi-

1155 1637 1217 1661 tate
1241 1631 1344 1662 multa
1367 1632 1619 1672 coinquinatum.
1666 1633 1747 1663 Nam
1772 1643 1980 1672 quaecunque
2003 1633 2114 1674 displi-

1153 1684 1223 1704 cere
1254 1674 1314 1713 ipsi
1345 1675 1463 1714 alioqui
1494 1675 1526 1705 in
1561 1675 1649 1706 cultu
1675 1682 1781 1705 nostro
1806 1682 1954 1715 poterant
1978 1687 2041 1707 non
2065 1678 2114 1708 in-

1153 1717 1304 1754 tuebitur,
1337 1717 1420 1757 quod
1445 1718 1478 1748 in
1502 1718 1583 1749 filios
1607 1718 1776 1758 adoptarit,
1810 1726 1842 1748 et
1865 1724 2035 1758 propterea
2058 1731 2114 1759 pa-

1153 1765 1245 1790 terna
1276 1760 1502 1791 benevolentia
1533 1767 1563 1791 et
1594 1761 1700 1791 favore
1723 1772 1778 1791 nos
1802 1761 2042 1800 complectatur,
2077 1774 2113 1795 ac

1152 1802 1286 1842 proinde
1310 1803 1390 1833 vitia
1412 1809 1444 1833 et
1467 1803 1724 1843 imperfectiones
1748 1803 1860 1840 deleat,
1885 1804 1978 1835 modo
2002 1810 2112 1837 tamen

1154 1845 1243 1876 nobis
1284 1846 1360 1886 ipsis
1395 1845 1620 1886 displiceamus
1654 1852 1685 1876 et
1718 1857 1822 1876 eoram
1857 1846 1927 1876 Deo
1960 1848 2110 1879 condem-

1153 1898 1277 1919 nemus.
1322 1888 1396 1927 Qua
1425 1889 1548 1919 ratione
1577 1899 1672 1928 opera
1702 1895 1810 1919 nostra
1843 1889 1964 1919 nullius
1994 1890 2111 1931 alioqui

1153 1931 1247 1970 pretii
1270 1941 1376 1962 coram
1400 1931 1470 1962 Deo
1489 1931 1698 1962 nihilominus
1719 1939 1811 1971 grata
1830 1937 1862 1962 et
1880 1937 2007 1971 accepta
2028 1934 2112 1964 fiunt

1153 1974 1213 2013 ipsi
1236 1984 1277 2004 ex
1299 1984 1387 2004 mera
1411 1980 1516 2004 tamen
1540 1974 1731 2004 liberalitate
1755 1981 1785 2004 et
1810 1974 2038 2006 misericordia.

1238 2016 1329 2055 Quae
1360 2027 1458 2056 quum
1488 2017 1534 2047 ita
1556 2018 1619 2047 sint
1645 2027 1706 2046 nou
1731 2027 1926 2056 magnopere
1951 2018 2042 2049 nobis
2065 2019 2109 2050 la-

1152 2059 1331 2090 borandum
1356 2059 1388 2090 in
1413 2059 1593 2090 excusanda
1618 2059 1747 2095 Michol,
1780 2069 1879 2098 quum
1903 2059 1995 2091 Sauli
2019 2071 2109 2092 men-

1152 2102 1212 2132 tita
1236 2107 1299 2132 est:
1333 2113 1407 2132 nam
1438 2103 1543 2142 potius
1564 2101 1740 2132 laudandas
1764 2101 1891 2141 quidem
1915 2103 1946 2133 in
1971 2103 2040 2142 ipsa
2063 2114 2111 2135 re-

1151 2145 1255 2184 liquas
1286 2145 1422 2175 virtutes
1452 2145 1490 2175 de
1520 2145 1635 2184 quibus
1664 2144 1788 2185 egimus
1823 2155 2043 2184 agnoscemus,
2078 2154 2109 2178 et

1152 2188 1265 2218 vitium
1290 2187 1373 2218 istud
1405 2186 1561 2218 mendacii
1586 2186 1794 2218 nihilomiuus
1823 2187 2109 2227 reprehendemus:

1152 2236 1187 2261 ut
1210 2230 1244 2261 in
1267 2229 1417 2260 omnibus
1441 2231 1558 2261 nostris
1581 2229 1729 2269 operibus
1753 2230 1913 2261 diseamus
1937 2231 2110 2270 vigilanter

1151 2279 1183 2304 et
1214 2272 1389 2312 prudenter
1419 2283 1522 2312 agere,
1551 2272 1808 2312 quandoquidem
1839 2283 1875 2303 ea
1898 2281 1946 2305 est
1967 2273 2110 2307 humana

1150 2316 1321 2347 infirmitas
1349 2320 1387 2346 ut
1416 2316 1471 2346 vix
1502 2326 1629 2355 passum
1661 2325 1761 2345 uuum
1792 2320 1847 2346 aut
1876 2315 2012 2347 alterum
2036 2328 2109 2358 pro-

1151 2369 1280 2389 movere
1322 2358 1483 2398 possimus
1517 2358 1592 2397 quin
1627 2357 1843 2388 offendamus:
1887 2369 1965 2398 quos
2000 2366 2108 2393 tamen

1151 2401 1259 2441 lapsus
1284 2400 1440 2432 humanos
1460 2400 1548 2431 Deus
1573 2400 1673 2440 gratis
1697 2400 1729 2431 in
1753 2400 1883 2432 Christo
1905 2401 2107 2442 condonabit,

1151 2443 1245 2474 modo
1266 2450 1373 2474 tamen
1397 2453 1524 2482 semper
1546 2443 1585 2474 ad
1605 2452 1735 2482 scopum
1758 2443 1796 2474 ab
1820 2443 1888 2484 ipso
1907 2447 2107 2484 propositum

1150 2486 1362 2518 collimemus:
1393 2491 1424 2516 et
1455 2496 1495 2516 ne
1525 2486 1732 2526 pertinaciter
1754 2486 1787 2516 in
1811 2487 1900 2518 vitiis
1922 2498 2107 2527 persevere-

1151 2539 1231 2565 mus,
1255 2528 1309 2560 sed
1333 2539 1370 2559 ea
1393 2528 1643 2559 condemnantes
1666 2538 1771 2559 coram
1797 2529 1865 2560 Deo
1888 2530 2106 2564 humiliemur.

1151 2572 1233 2602 Nam
1264 2576 1387 2602 certum
1418 2576 1466 2602 est
1488 2570 1595 2601 Deum
1627 2582 1791 2611 nunquam
1818 2572 1953 2603 inultam
1978 2574 2108 2606 relictu-

1152 2625 1222 2645 rum
1243 2618 1366 2645 tantam
1384 2613 1658 2654 ingratitudinem.
1682 2613 1852 2646 Caeterum
1871 2614 2107 2650 observandum

1152 2657 1314 2697 quodlibet
1344 2655 1548 2688 mendacium
1579 2667 1648 2688 esse
1681 2667 1789 2688 coram
1824 2658 1893 2689 Deo
1926 2665 2114 2701 peceatum,

1905 2710 1954 2735 21*
