2551 3044
332 209 391 241 135

335 313 437 343 neque
469 303 537 334 eius
567 302 724 334 auxilium
754 303 917 342 patienter
946 309 976 334 et
999 312 1070 334 cum
1095 301 1210 333 fiducia
1233 310 1289 331 ex—

335 352 489 387 spectare,
520 345 597 377 satis
621 351 755 386 apparet
779 345 883 376 Deum
905 355 923 376 a
946 345 1036 377 nobis
1059 343 1290 382 transformari,

336 397 367 419 et
388 389 419 419 in
439 388 508 428 ipso
527 388 774 419 mutabilitatem
795 388 934 428 aliquam
954 388 1039 430 poni.
1074 385 1290 426 Quamobrem

336 436 470 472 apparet
493 431 601 471 magni
626 431 780 462 momenti
800 441 868 462 esse
888 430 971 464 hanc
990 431 1190 463 sententiam,
1210 438 1291 468 quae

336 480 443 504 tamen
467 474 585 513 alioqui
618 473 717 504 levior
750 478 782 504 ct
805 472 867 505 Dei
898 473 1056 506 maiestati
1087 473 1192 503 minus
1215 481 1290 503 con-

337 517 471 547 veniens
495 516 596 547 videri
621 522 764 557 poterat:
788 526 849 556 qua
873 516 1050 548 diffidentia
1073 523 1103 546 et
1124 513 1291 546 increduli-

336 565 384 590 tas
419 565 528 590 nostra
559 564 589 589 et
618 568 735 599 pravae
765 558 846 590 aliae
875 560 1083 600 cogitationes
1117 556 1290 597 reprehen-

335 601 464 639 duntur,
489 611 587 642 quum
611 602 650 633 de
670 601 749 642 Deo,
772 602 855 633 sitne
877 602 1031 633 auxilium
1057 611 1153 632 necne
1177 599 1290 630 allatu—

337 655 401 684 rus,
425 645 619 676 dubitamus.
654 644 763 684 Quare
788 655 862 676 vero
884 644 1076 682 dubitamus,
1100 653 1196 683 quum
1222 652 1291 682 pro-

337 688 457 718 miserit
478 689 505 719 is
529 688 581 728 qui
605 698 707 718 verax
730 693 795 719 est:
819 692 849 719 et
873 688 926 728 qui
945 688 1038 719 etiam
1060 685 1214 727 promissa
1233 695 1291 716 sua

337 730 542 761 iureiurando
572 730 721 768 firmavit,
752 740 791 761 ne
820 741 838 762 a
862 730 951 762 nobis
981 731 1013 761 in
1044 728 1173 760 dubium
1197 737 1290 758 revo-

336 772 472 804 centur?
507 782 605 812 quare
634 772 671 803 ad
702 772 791 804 nobis
821 772 915 804 fidem
941 772 1118 805 faciendam
1143 771 1203 802 ista
1227 781 1289 801 non

336 816 414 847 satis
433 826 582 856 magnam
603 816 670 846 vim
689 815 830 847 habent?
853 816 922 847 Nae
940 816 1019 847 satis
1043 814 1157 846 iudicio
1180 818 1290 844 nostro

337 868 394 890 nos
416 858 592 899 prodimus,
616 857 722 889 Deum
746 869 805 890 nos
828 859 930 890 nostri
953 858 1089 889 similem
1115 856 1205 887 uobis
1228 856 1290 886 fin-

338 910 421 939 gere,
453 907 484 932 et
515 901 584 932 eius
613 901 792 941 potentiam
824 912 863 933 ex
893 907 1002 933 nostro
1024 907 1116 940 captu
1140 898 1289 930 dimetiri.

337 942 461 975 Idcirco
480 944 609 975 crebrae
628 950 703 975 sunt
723 944 987 984 reprehensiones
1006 943 1088 984 apud
1108 941 1289 983 prophetas,

335 987 449 1025 quibus
472 986 588 1027 populo
611 987 782 1018 israelitico
805 986 895 1018 Deus
919 987 1098 1026 exprobrat,
1131 995 1192 1015 nou
1218 990 1288 1015 tan-

336 1037 399 1061 tam
424 1029 514 1061 illum
539 1029 688 1060 habuisse
709 1029 857 1061 fiduciam
878 1029 916 1061 de
935 1029 1042 1060 divin-1
1062 1028 1180 1059 auxilio
1193 1037 1290 1067 quan-

335 1079 398 1104 tam
424 1083 482 1112 par
506 1081 583 1103 erat.
621 1074 671 1103 An
696 1082 753 1104 vos
777 1082 836 1111 mc,
860 1072 971 1112 inquit,
996 1071 1176 1102 bominibus
1199 1070 1288 1100 simi-

335 1115 396 1146 lem
432 1114 574 1156 putatis‘?
621 1115 689 1146 Nae
722 1114 845 1146 coelum
880 1120 909 1145 et
945 1121 1061 1146 terram
1097 1124 1154 1154 ego
1184 1113 1288 1153 potius

335 1159 522 1196 concutiam,
552 1167 648 1197 quam
680 1162 714 1188 ut
746 1168 801 1188 vos
830 1157 868 1188 ad
901 1168 951 1188 me
975 1162 1041 1187 toto
1066 1156 1158 1188 corde
1183 1160 1288 1186 vestro

335 1202 509 1232 clamantes
533 1210 595 1231 non
620 1199 800 1231 exaudiam.
836 1200 970 1231 Vestrae
994 1199 1239 1239 imaginationes
1258 1202 1289 1229 et

335 1244 451 1275 stultae
474 1243 683 1284 cogitationes
706 1242 824 1274 auxilio
848 1253 918 1274 meo
942 1252 1098 1274 remoram
1122 1241 1287 1272 iniiciunt:

335 1297 432 1327 quare
462 1286 610 1317 timorem
640 1285 758 1325 pellite,
789 1284 1001 1317 diffidentiam
1033 1284 1143 1321 tollite,
1174 1283 1213 1315 ad
1236 1294 1288 1314 me

336 1329 486 1365 accedite,
518 1333 549 1359 et
573 1327 663 1359 vobis
686 1328 867 1368 perfugium
892 1339 927 1360 30
951 1327 1096 1360 solatium
1121 1326 1286 1367 praebebo.

335 1372 418 1404 Nam
452 1381 549 1412 quum
584 1370 720 1411 populus
760 1371 931 1411 affligitur,
961 1370 1082 1401 nullam
1123 1380 1288 1409 superesse

335 1415 471 1456 gratiam
496 1413 580 1453 apud
605 1413 711 1444 Deum
735 1413 793 1444 sibi
817 1414 996 1453 persuadet,
1027 1417 1059 1444 et
1089 1413 1121 1443 in
1152 1413 1287 1452 peccatis

335 1457 403 1489 ideo
435 1457 537 1497 magis
559 1467 595 1488 ae
618 1457 721 1497 magis
751 1456 932 1494 induratur,
962 1466 1059 1496 quum
1083 1455 1180 1486 semel
1204 1455 1287 1486 hane

335 1505 474 1531 mentem
499 1498 610 1535 induit,
635 1499 739 1530 Deum
763 1498 847 1529 110110
871 1498 1008 1539 amplius
1032 1498 1183 1529 misereri.
1224 1497 1287 1528 Ita-

334 1553 394 1584 que
417 1542 477 1574 hoc
501 1541 592 1573 Deus
615 1541 798 1581 exprobrat,
821 1541 987 1582 inquiens:
1012 1541 1062 1572 En
1087 1546 1121 1572 ut
1145 1550 1207 1571 non
1232 1540 1286 1571 de-

334 1586 440 1618 sinitis
475 1595 524 1615 me
558 1584 679 1616 homini
716 1584 842 1615 mortali
882 1583 1018 1615 similem
1053 1584 1164 1614 facere.
1220 1582 1287 1613 Vos

334 1628 418 1660 enim
439 1627 569 1659 virtutis
588 1637 677 1658 meae
697 1627 951 1666 experimentum
971 1632 1113 1667 petentes
1125 1625 1287 1657 testamini

335 1681 392 1702 vos
423 1671 451 1701 ei
482 1669 577 1701 fidem
608 1680 673 1700 non
703 1669 834 1700 habere:
869 1668 924 1700 sed
956 1670 1062 1710 potius
1092 1670 1227 1699 terrenis
1257 1672 1288 1698 ct

335 1713 462 1744 caducis
485 1712 582 1744 rebus
607 1712 679 1743 niti:
704 1711 788 1752 quod
807 1711 881 1752 quid
902 1711 987 1743 aliud
1007 1717 1054 1743 est
1073 1721 1166 1751 quam
1180 1711 1287 1741 Deum

335 1765 454 1787 novum
477 1755 536 1787 sibi
561 1755 692 1796 fingere,
717 1764 819 1794 neque
842 1755 874 1785 in
900 1765 1006 1786 rerum
1031 1760 1211 1785 creatarum
1228 1764 1287 1784 nu-

335 1808 422 1830 mero
451 1797 593 1829 habere?
637 1797 683 1828 At
711 1807 752 1828 ne
779 1797 917 1838 cogitate
947 1808 997 1828 me
1026 1807 1117 1837 posse
1149 1806 1287 1836 unquam

335 1841 461 1872 mutari.
498 1840 716 1879 Quamobrem
737 1839 831 1871 altius
852 1840 968 1871 animis
987 1840 1104 1871 nostris
1126 1839 1289 1879 infigenda

334 1884 413 1915 haee
435 1888 484 1915 est
506 1882 676 1920 sententia,
705 1892 769 1922 qua
798 1881 914 1914 dieitur
938 1882 1028 1914 Deus
1059 1892 1123 1912 non
1154 1891 1222 1912 esse
1252 1886 1288 1912 ut

336 1927 430 1958 homo
455 1925 622 1957 mortalis:
652 1935 713 1965 quo
736 1925 769 1955 in
793 1925 861 1965 ipso
884 1935 970 1965 spem
995 1935 1120 1956 omnem
1145 1929 1287 1955 nostram

335 1969 491 2001 collocare
515 1968 685 2005 diseamus,
709 1972 742 1998 et
768 1966 807 1998 ab
830 1968 898 2000 eius
921 1967 1119 2008 providentia
1142 1965 1288 2007 pendere,

336 2012 417 2043 nihil
441 2012 580 2042 alienum
605 2010 665 2050 ipsi
689 2010 727 2041 ab
746 2010 846 2050 ipsius
865 2011 1030 2042 maiestate
1049 2011 1216 2050 fingentes,
1235 2008 1289 2040 sed

336 2055 463 2095 qualem
487 2064 521 2085 se
550 2054 647 2084 verbo
677 2063 734 2084 suo
756 2053 909 2093 patefacit
930 2058 1147 2094 agnoscentes
1193 2051 1241 2082 Ac
1263 2051 1290 2082 si

337 2097 565 2138 promissiones
590 2096 765 2127 habeamus
788 2094 826 2127 de
849 2095 944 2127 rebus
967 2105 1046 2136 quae
1070 2104 1197 2126 sensum
1221 2104 1291 2125 nos-

337 2148 420 2170 trum
457 2145 652 2179 exsuperant
685 2143 717 2169 et
739 2138 856 2169 rationi
879 2144 1070 2179 repugnant,
1101 2136 1163 2168 fide
1194 2146 1291 2176 supra

338 2181 494 2214 mundum
518 2180 765 2212 adscendamus:
798 2186 831 2212 et
859 2181 892 2211 in
923 2181 994 2212 01115
1017 2179 1197 2212 obedientia
1221 2189 1291 2219 per-

337 2235 531 2261 severemus,
562 2228 649 2255 certo
680 2224 822 2264 persuasi
857 2223 948 2255 nobis
978 2224 1055 2255 satis
1077 2232 1203 2262 semper
1225 2222 1292 2252 fore

338 2267 520 2308 argumenti
552 2267 584 2297 in
616 2267 684 2306 ipso
714 2266 888 2307 gloriandi,
921 2276 1018 2307 quum
1049 2266 1107 2297 toti
1137 2265 1170 2295 in
1201 2263 1291 2294 illum

338 2309 587 2347 recubuerimus,
610 2316 641 2340 et
665 2308 925 2349 conspirantibus
949 2309 1021 2340 lieet
1040 2308 1209 2340 adversum
1234 2317 1292 2337 nos

338 2353 433 2384 rebus
463 2352 611 2383 omnibus
642 2352 766 2389 creatis,
795 2352 871 2383 satis
902 2352 934 2383 in
965 2352 1034 2391 ipso
1064 2349 1213 2392 praesidii
1237 2348 1292 2380 ad-

337 2405 450 2427 versus
473 2405 584 2426 omnes
607 2394 733 2425 illarum
758 2395 898 2435 impetus
920 2394 1097 2425 habituros.

422 2437 490 2469 Iam
516 2447 591 2468 vero
615 2437 710 2478 agite.
736 2439 787 2468 ete.

1159 205 1360 239 HOMILIA
1382 206 1473 239 LVI.

2241 209 2301 241 136

1632 346 1835 385 HOMILI
1844 348 1876 385 A
1904 346 2006 385 LVI.

1426 429 1477 462 30.
1507 430 1551 462 At
1579 429 1629 462 ille
1659 430 1719 461 ait.-
1748 429 1893 462 Peccari:
1928 431 1980 462 sed
2015 441 2094 462 manc
2117 431 2231 463 honora
2254 441 2300 463 me

1341 482 1444 504 coram
1479 472 1652 504 senioribus
1680 473 1792 513 populi
1822 474 1898 511 mei,
1928 476 1955 504 et
1984 483 2089 505 coram
2121 474 2239 505 Israel:
2272 477 2299 506 et

1341 518 1490 547 revertere
1519 525 1645 552 mecum,
1672 518 1705 546 at
1734 515 1859 546 adorem
1882 515 2053 547 Dominum
2076 516 2179 548 Deum
2202 520 2297 548 tuum.

1340 558 1391 590 31.
1427 558 1581 589 Reversus
1607 568 1676 598 erqo
1701 557 1826 589 Samuel
1853 561 1998 598 sequutus
2027 562 2070 591 est
2100 558 2244 591 Saulem:
2273 562 2300 591 et

1341 601 1483 633 adoravit
1507 600 1585 632 Saul
1607 600 1786 633 Dominum.
1821 600 1871 632 32.
1896 601 2046 642 Dizilque
2072 601 2211 634 Samuel.-
2233 602 2299 634 Ad-

1341 644 1440 675 ducite
1470 644 1511 675 ad
1542 653 1588 674 me
1618 644 1708 683 Α9α9
1737 653 1836 684 reyem
1859 644 1994 676 Amalec.
2039 644 2083 676 Et
2112 644 2228 677 oblatus
2257 648 2299 677 est

1341 687 1369 717 ei
1404 687 1497 726 Ayay
1529 686 1770 726 pinguissimus.
1835 686 1877 717 Et
1915 686 1998 718 dixit
2031 688 2139 728 Ayay:
2180 687 2300 720 Siccine

1341 731 1467 768 separat
1488 738 1601 760 amara
1623 729 1730 759 mors?
1762 728 1813 759 33.
1838 728 1880 759 Et
1902 729 1946 759 ait
1966 728 2105 761 Samuel.-
2128 729 2214 762 Sicut
2229 730 2300 770 fecit

1342 771 1454 810 absque
1468 771 1574 803 liberis
1591 770 1738 802 wzulieres
1752 771 1879 812 yladius
1897 774 1983 803 tuus:
2000 773 2044 803 sic
2062 772 2173 812 absqa'e
2191 773 2298 805 liberis

1341 815 1398 845 erit
1410 813 1642 844 intermulieres
1657 815 1753 844 mater
1770 816 1831 844 tua.
1856 813 1898 844 Et
1917 814 1949 844 in
1968 815 2072 853 frusta
2091 815 2219 847 concidit
2229 825 2298 847 eum

1344 856 1470 888 Samuel
1480 866 1580 888 coram
1593 856 1729 888 Domino
1741 856 1772 886 iu
1788 855 1941 896 Galyalis.
1965 857 2015 887 34.
2029 857 2117 888 Abiit
2129 860 2229 889 autem
2242 857 2299 890 Sa-

1341 899 1420 930 muel
1432 899 1462 930 in
1478 898 1655 930 Ramallia:
1676 898 1753 929 Saul
1766 908 1835 930 vero
1853 898 2008 930 adscendit
2022 900 2056 930 in
2070 900 2191 931 domum
2206 910 2298 932 suam

1343 942 1373 973 in
1406 941 1515 973 Gabaa
1548 941 1665 973 Saulis.
1716 941 1766 972 35.
1798 941 1841 972 Et
1868 951 1927 973 non
1955 942 2031 974 vidit
2063 942 2187 974 Samuel
2215 943 2298 974 ultra

1343 984 1419 1016 Saul
1441 994 1537 1023 usque
1559 984 1600 1016 ad
1623 984 1703 1015 diem
1724 985 1834 1015 mortis
1855 994 1940 1016 suae.
1983 984 2197 1016 Verumtamen
2217 986 2297 1026 luye—

1339 1027 1388 1058 bat
1419 1026 1545 1058 Samuel
1576 1026 1718 1058 Saulem:
1747 1027 1892 1066 qumiiam
1921 1027 2092 1059 Dominum
2118 1028 2297 1068 poenitebat,

1339 1070 1418 1110 qaod
1440 1070 1645 1101 constituisset
1666 1079 1765 1110 reyem
1788 1069 1868 1101 Saul
1889 1079 1981 1110 super
2003 1069 2111 1102 Israel.

1423 1156 1544 1185 Iterum
1575 1154 1628 1186 hic
1651 1154 1782 1186 Saulem
1814 1161 1979 1196 peccatum
2010 1162 2240 1196 agnoscentem
2266 1163 2297 1188 et

1339 1199 1543 1230 confitentem
1565 1197 1728 1229 audimus:
1753 1197 1816 1234 sed,
1837 1203 1873 1229 ut
1891 1204 2030 1238 apparet,
2054 1199 2126 1230 ficte
2145 1206 2175 1229 et
2199 1199 2297 1231 simu-

1340 1242 1412 1272 late.
1449 1240 1558 1281 Neque
1582 1241 1666 1271 enim
1691 1241 1774 1272 serio
1799 1241 1917 1280 peccati
1941 1251 2036 1272 seusu
2061 1248 2163 1273 taetus
2187 1247 2233 1273 est
2257 1242 2296 1273 ad

1341 1283 1497 1324 agendam
1527 1283 1756 1323 poenitentiam
1789 1293 1894 1314 coram
1918 1282 1997 1321 Deo,
2029 1292 2060 1314 et
2091 1294 2160 1315 sese
2189 1294 2297 1316 coram

1340 1327 1408 1366 ipso
1439 1325 1649 1357 dciieicndum
1681 1332 1713 1356 et
1744 1326 1989 1357 humiliandum.
2035 1326 2072 1357 Id
2100 1332 2233 1368 apparet
2255 1338 2297 1359 ex

1340 1379 1376 1400 eo
1404 1368 1486 1409 quod
1516 1369 1591 1400 licet
1622 1369 1710 1400 Deus
1740 1379 1796 1409 per
1821 1368 2002 1400 Samuelem
2027 1369 2116 1400 illum
2147 1375 2297 1402 exaucto·

1341 1413 1428 1449 rarit,
1460 1412 1552 1452 regni
1581 1418 1686 1442 tamen
1717 1412 1946 1452 possessionem
1971 1412 2118 1449 retinere,
2151 1418 2180 1443 et
2205 1413 2295 1453 quasi

1340 1454 1442 1485 invito
1472 1454 1540 1485 Deo
1572 1464 1705 1493 regnare
1737 1455 1860 1485 nititur.
1910 1454 2022 1494 Itaque
2052 1454 2111 1486 boc
2139 1455 2296 1496 effugium

1340 1502 1445 1538 captat
1477 1503 1511 1528 ut
1535 1496 1664 1528 Samuel
1689 1497 1794 1537 ipsum
1816 1497 1996 1534 comitetur,
2018 1497 2101 1537 quod
2125 1497 2202 1529 satis
2225 1508 2295 1529 esse

1340 1540 1378 1571 ad
1409 1539 1561 1580 populum
1594 1540 1625 1570 in
1658 1540 1760 1572 officio
1784 1539 1986 1570 retinendum
2011 1550 2050 1571 ne
2074 1551 2091 1570 a
2115 1550 2147 1571 50
2170 1540 2297 1572 deficiat

1340 1582 1523 1614 arbitratur.
1569 1581 1663 1614 Unde
1692 1588 1822 1623 apparet
1852 1581 1942 1613 illum
1972 1583 2063 1623 regni
2089 1583 2296 1623 tranquillam

1340 1625 1580 1666 possessionem,
1610 1635 1627 1656 3
1658 1635 1719 1665 qua
1749 1629 1857 1656 tamen
1885 1624 1947 1656 Dei
1978 1625 2096 1657 iudicio
2125 1625 2296 1665 exciderat,

1340 1668 1399 1699 sibi
1427 1668 1603 1708 pollicitum
1634 1678 1716 1699 esse:
1747 1678 1787 1699 ex
1816 1678 1878 1708 quo
1909 1672 2043 1708 apparet
2064 1668 2296 1700 confessionem

1339 1711 1427 1742 illam
1459 1715 1491 1742 et
1520 1710 1717 1751 agnitionem
1747 1711 1868 1751 peceati
1898 1720 1963 1741 non
1995 1710 2092 1742 fuisse
2122 1721 2234 1751 puram
2263 1716 2296 1742 et

1339 1753 1517 1794 simplicem
1541 1764 1644 1793 neque
1665 1754 1820 1785 sinceram
1845 1763 1908 1793 qua
1928 1763 1998 1784 sese
2010 1752 2081 1785 Deo
2101 1757 2202 1784 totum
2222 1764 2295 1795 per-

1339 1797 1490 1834 mitteret,
1521 1801 1553 1827 et
1581 1796 1626 1827 ita
1656 1795 1807 1828 delictum
1838 1800 2035 1836 agnosceret,
2065 1800 2101 1827 ut
2123 1797 2252 1828 veniam
2276 1806 2295 1827 a

1339 1838 1478 1870 Domino
1502 1837 1736 1879 deprecaretur,
1760 1843 1791 1870 et
1814 1837 2062 1870 misericordiam
2086 1848 2296 1879 consequere—

1339 1887 1407 1912 tur:
1431 1881 1486 1912 sed
1506 1882 1613 1921 potius
1633 1882 1738 1912 fictam
1759 1888 1790 1913 et
1813 1881 2010 1912 simulat-am:
2036 1886 2067 1912 et
2089 1881 2134 1912 ita
2157 1881 2297 1914 voluisse

1340 1935 1411 1956 cum
1425 1923 1496 1955 Deo
1520 1934 1720 1964 componere,
1743 1929 1780 1956 ut
1802 1924 1905 1956 solent
1922 1924 1976 1964 qui
1996 1923 2064 1955 suis
2082 1923 2295 1956 creditoribus

1340 1966 1523 1998 satisfacere
1542 1967 1668 1998 nolunt:
1691 1976 1769 2007 quos
1787 1967 1928 2007 placatos
1944 1966 2071 2007 quidem
2085 1966 2142 1998 sibi
2155 1967 2295 2007 cupiant,

1341 2009 1394 2040 sed
1434 2011 1525 2040 vanis
1560 2015 1592 2040 et
1627 2008 1760 2041 ludicris
1794 2009 1919 2051 effugiis
1949 2014 2124 2040 contentos.
2175 2010 2294 2041 Annon

1342 2062 1417 2083 vero
1446 2052 1641 2084 conscientia
1673 2052 1744 2084 illos
1774 2052 1857 2084 aeris
1889 2052 1983 2083 alieni
2015 2051 2196 2083 remordet?
2232 2062 2295 2084 non

1343 2095 1407 2125 urit-
1430 2095 1501 2126 illos
1523 2095 1701 2126 recordatio
1723 2095 1911 2127 facultatum
1936 2094 2112 2126 alienarum
2133 2103 2213 2134 quas
2242 2094 2296 2126 ab·

1342 2137 1571 2178 sumpserunt?
1592 2148 1700 2169 nonne
1722 2137 1806 2169 mala
1830 2137 1918 2178 fides,
1941 2147 2004 2178 qua
2028 2146 2082 2168 eos
2105 2137 2294 2177 quibuscum

1343 2181 1401 2210 fuit
1432 2181 1509 2220 ipsis
1546 2181 1711 2222 negotium
1752 2180 1959 2221 deceperunt,
1998 2180 2130 2211 miseros
2167 2179 2296 2221 arguit?

1344 2222 1464 2254 Eadem
1500 2233 1578 2254 sane
1612 2224 1756 2254 omnium
1792 2223 2031 2264 hypocritarum
2063 2222 2200 2253 conditio
2230 2228 2296 2254 est:

1344 2276 1421 2305 quos
1452 2265 1502 2297 vel
1530 2266 1647 2297 invitos
1678 2266 1716 2297 ad
1740 2265 1934 2297 reddendam
1959 2265 2115 2296 rationem
2140 2265 2294 2296 factorum

1345 2308 1472 2339 tandem
1504 2308 1587 2339 trahi
1617 2313 1752 2348 oportet.
1807 2308 1887 2339 Nam
1918 2308 1977 2339 etsi
2008 2307 2061 2338 diu
2092 2307 2296 2348 multumque

1346 2350 1491 2382 reluctati
1521 2361 1603 2383 vana
1633 2352 1753 2392 effugia
1782 2355 1941 2391 quaerunt
1972 2360 2013 2380 ne
2045 2350 2077 2380 in
2110 2350 2170 2382 Dei
2203 2361 2296 2382 eons-

1345 2399 1471 2432 pectum
1494 2394 1636 2432 veniant,
1660 2393 1750 2425 illum
1773 2398 1880 2425 tamen
1904 2392 2033 2424 tandem
2063 2392 2199 2424 iudicem
2223 2403 2296 2425 sen-

1346 2435 1438 2466 tiunt.
1473 2437 1555 2468 Tum
1575 2437 1682 2477 itaque
1701 2436 1912 2477 cognitionem
1933 2435 2073 2476 aliquam
2092 2441 2294 2475 pcccatorum

1347 2477 1475 2517 habent,
1505 2479 1559 2511 sed
1590 2479 1772 2511 simulatam
1803 2483 1835 2511 et
1862 2479 1978 2516 fictam,
2008 2478 2077 2509 sine
2107 2479 2242 2510 veritate
2264 2483 2296 2509 et

1347 2520 1547 2561 integritate:
1578 2521 1675 2553 huius
1705 2523 1751 2553 rei
1779 2520 1961 2562 exemplum
1990 2526 2038 2552 051
2066 2520 2118 2553 1110
2140 2521 2172 2552 111
2196 2519 2295 2553 Saule

1346 2564 1562 2602 conspicuum.
1607 2564 1740 2596 Peecavi
1765 2563 1902 2605 quidem,
1933 2563 2053 2604 inquit:
2083 2562 2137 2594 sed
2161 2574 2201 2595 an
2224 2563 2295 2595 ideo

1345 2615 1450 2636 coram
1475 2606 1543 2637 Deo
1572 2606 1727 2646 deiicitur,
1757 2611 1798 2646 et,
1827 2605 2087 2647 quandoquidem
2119 2616 2218 2647 regno
2247 2606 2294 2637 in-

1347 2646 1465 2688 dignus
1496 2659 1514 2680 a
1541 2649 1610 2681 Deo
1638 2649 1797 2682 iudicatus
1827 2654 1884 2688 est,
1918 2659 1987 2680 sese
2016 2649 2132 2688 abiicit,
2161 2653 2194 2680 et
2220 2657 2294 2680 cum
