2551 3044
130 199 192 231 425

129 304 219 328 vosne
241 293 398 326 constituet
425 292 560 323 tribunos
589 293 615 321 et
641 288 856 321 centuriones?
891 288 937 319 At
960 289 986 319 si
1011 288 1094 328 apud

133 348 166 369 se
204 337 376 377 cogitasset
414 334 498 366 unde
537 343 648 374 regum
687 331 843 362 autoritas
884 335 916 362 et
956 330 1096 371 dignitas

132 382 182 418 sit,
212 380 251 411 ad
276 379 380 409 Deum
411 387 511 416 usque
541 375 781 411 assurrexisset,
812 384 876 413 quo
905 373 1041 404 faciente
1064 378 1097 403 et

134 427 297 455 annuente
320 430 413 461 reges
442 424 475 450 et
497 418 658 458 principes
682 417 881 446 dominatum
905 417 937 446 in
961 416 1096 455 populos

133 465 296 501 obtinent,
327 468 357 493 et
387 463 420 493 in
451 462 573 492 honore
602 464 634 491 et
663 459 765 499 pretio
797 459 965 489 habentur.
1012 458 1094 489 Nam

133 517 231 548 quum
250 515 339 537 sacra
358 505 517 544 scriptura
537 513 593 534 nos
611 501 769 538 hortatur,
789 507 825 532 ut
842 501 982 541 regibus,
1006 501 1095 540 prin-

132 550 253 590 cipibus
275 558 311 579 ac
341 547 472 586 reliquis
502 545 650 576 omnibus
678 543 924 584 magistratibus
947 543 1096 575 subiicia-

133 602 216 628 mur,
236 596 330 630 atque
350 589 428 620 adeo
441 588 591 619 omnibus
602 587 759 618 iustitiam
779 586 1094 625 administrantibus,

131 644 195 667 non
219 633 301 664 hanc
331 641 461 664 causam
491 630 626 668 subiicit,
657 629 740 670 quod
764 630 802 660 ab
831 629 894 660 illis
918 629 1095 660 honoribus

130 681 162 709 et
183 675 296 716 opibus
318 674 429 715 augeri
453 673 620 713 possimus,
645 672 728 712 quod
752 672 864 702 domos
887 676 918 702 et
941 681 1035 712 agros
1058 682 1094 703 ac

130 719 241 752 vineas
271 718 310 749 ab
343 717 407 748 illis
436 716 604 755 consequi:
638 714 694 746 sed
724 714 810 754 quod
839 715 929 745 Deus
959 714 1031 745 illos
1061 715 1094 745 in

130 765 254 793 tantam
277 760 485 791 autoritatem
508 763 539 789 et
558 758 749 798 dignitatem
768 757 932 794 extulerit,
957 767 993 788 ac
1016 757 1095 788 velit

130 805 216 845 ipsos
239 808 394 843 tanquam
418 802 581 832 ministros
602 810 676 832 suos
701 804 732 831 et
762 800 886 840 legatos
909 801 1038 840 agnosci
1062 804 1095 830 et

130 847 199 880 coli.
244 846 307 877 Hic
336 846 434 886 igitur
465 844 578 875 unicus
607 853 722 883 scopus
752 848 820 873 est:
852 842 914 873 Dei
940 842 1094 873 nimirum

130 889 298 926 ordinatio,
329 888 368 919 ad
392 897 486 927 quem
510 886 675 918 collimare
697 885 842 917 subditos
865 896 977 916 omnes
1001 895 1094 925 opor-

130 937 186 964 tet.
231 932 339 971 Atque
366 930 483 961 idcirco
507 929 585 960 dicit
607 929 737 969 sapiens
761 938 825 959 non
849 939 926 959 casu
949 928 999 959 vel
1028 928 1095 958 for-

129 979 208 1006 tuna
231 984 321 1014 reges
340 981 491 1013 regnare:
514 971 570 1003 sed
589 971 696 1002 Deum
716 972 775 1002 hae
796 971 920 1002 ratione
938 970 1094 1001 mundum

129 1017 213 1049 velle
237 1016 419 1057 gubernari,
450 1026 490 1046 ne
520 1014 665 1045 confusio
698 1024 870 1053 rerumque
893 1014 1094 1053 perturbatio

129 1060 314 1091 societatem
344 1058 511 1089 hominum
543 1058 732 1097 abrumpat:
765 1056 1036 1096 quemadmodum
1061 1057 1093 1087 in

129 1103 219 1134 libris
241 1101 387 1132 Indicum
411 1100 607 1131 horrendam
635 1100 756 1139 passim
780 1101 811 1130 in
842 1099 1015 1130 israelitico
1039 1109 1093 1139 po-

129 1145 205 1186 pulo
228 1143 450 1176 confusionem
473 1143 572 1174 fuisse
596 1142 752 1178 videmus,
777 1153 875 1182 quum
901 1142 1012 1172 nullus
1034 1152 1092 1172 rex

129 1192 184 1220 aut
206 1187 305 1218 iudex
327 1190 410 1217 esset
432 1186 466 1216 in
491 1186 603 1217 Israel.
636 1185 810 1226 Singulare
834 1185 934 1225 igitur
958 1185 1019 1215 Dei
1045 1185 1094 1216 be-

128 1230 291 1262 nefactum
311 1228 550 1269 agnoscendum
564 1232 622 1265 est,
645 1239 743 1268 quum
767 1228 864 1258 bonos
883 1228 1093 1267 magistratus

129 1273 200 1310 dat,
232 1277 267 1303 ut
299 1272 385 1302 ultro
419 1281 476 1303 nos
512 1271 614 1311 ipsius
643 1270 839 1302 ordinationi
873 1270 1091 1301 subiiciamus.

128 1315 238 1355 Quare
261 1314 393 1347 Saulem
422 1314 475 1345 hic
503 1314 565 1345 sibi
593 1324 745 1354 magnam
774 1314 903 1344 inurere
926 1314 1092 1344 infamiam

127 1362 268 1399 apparet,
298 1362 330 1388 et
359 1356 397 1388 de
428 1368 485 1388 sua
515 1357 672 1397 dignitate
702 1361 733 1387 et
756 1357 929 1387 autoritate
953 1356 1091 1387 multum

128 1401 313 1432 detrahere:
339 1410 436 1440 quum
460 1410 612 1440 agrorum
636 1404 668 1430 et
691 1400 871 1435 vinearum,
896 1403 927 1429 et
951 1399 1092 1439 dignita-

128 1447 196 1475 tum
227 1443 406 1475 aulicarum
434 1443 633 1474 mentionem
663 1443 747 1481 facit,
778 1452 915 1482 quorum
946 1442 1091 1473 omnium

128 1487 298 1527 largitione
321 1490 446 1516 tantum
470 1486 530 1517 sibi
553 1485 721 1517 devinctos
750 1485 918 1515 ministros
942 1495 1016 1516 suos
1040 1495 1090 1515 ar-

128 1529 276 1568 bitratur,
305 1533 337 1560 et
359 1538 430 1559 eam
452 1528 492 1559 ob
515 1538 646 1560 causam
671 1528 710 1559 ab
732 1528 811 1568 ipsis
834 1528 985 1559 honorari
1009 1528 1091 1558 vult.

128 1572 212 1603 Nam
236 1570 393 1611 quomodo
416 1581 553 1612 regnum
576 1571 678 1612 ipsius
697 1577 762 1602 tam
786 1581 962 1611 paucorum
986 1570 1091 1601 homi-

129 1625 208 1646 num
231 1615 290 1646 sibi
314 1613 407 1645 donis
430 1619 463 1645 et
485 1614 712 1655 largitionibus
736 1614 960 1645 devinetorum
984 1613 1091 1654 gratia

129 1657 341 1690 consisteret?
377 1657 445 1688 Nae
468 1657 496 1688 si
520 1657 591 1697 quis
620 1657 742 1697 regiam
767 1657 976 1687 autoritatem
999 1661 1092 1696 putat

129 1711 163 1732 se
192 1710 285 1741 posse
313 1700 453 1731 retinere
484 1700 545 1731 sibi
575 1700 720 1740 triginta,
751 1700 802 1731 vel
830 1700 1009 1738 sexaginta,
1040 1699 1091 1730 vel

129 1744 266 1783 denique
297 1748 426 1775 centum
456 1743 644 1774 hominibus
675 1742 769 1774 donis
799 1747 831 1773 et
861 1742 1090 1782 largitionibus

129 1786 297 1825 devinctis,
327 1786 536 1817 vehementer
566 1785 706 1817 fallitur:
740 1785 898 1825 siquidem
931 1785 963 1815 in
995 1785 1092 1825 longe

128 1830 272 1870 plurium
291 1829 399 1860 odium
422 1836 454 1860 et
481 1828 740 1860 malevolentiam
764 1828 909 1865 incurrit,
935 1838 1014 1868 quos
1038 1828 1092 1859 bo-

128 1873 180 1904 nis
203 1872 362 1912 spoliavit,
386 1872 435 1903 vel
456 1872 578 1903 duriter
598 1872 758 1910 tractavit,
783 1876 819 1902 ut
842 1871 1006 1902 famelicos
1020 1870 1092 1902 illos

128 1914 282 1955 expleret,
306 1919 339 1946 et
361 1915 498 1946 aliorum
522 1915 636 1955 opibus
655 1920 810 1954 tanquam
831 1924 943 1954 porcos
962 1914 1092 1953 sagina-

129 1963 187 1990 ret.
212 1957 276 1990 Sed
300 1962 375 1991 esto,
400 1958 579 1989 satisfaciat
602 1958 760 1991 omnibus,
785 1957 863 1988 alios
887 1956 926 1987 ad
951 1957 1092 1997 dignita-

130 2005 178 2032 tes
206 2001 333 2037 evehat,
364 2000 443 2032 alios
473 2000 650 2032 benefactis
679 2000 828 2037 cumulet,
860 2000 951 2030 nullo
982 2005 1091 2030 tamen

129 2045 221 2075 firmo
250 2043 461 2074 fundamento
492 2054 630 2084 regnum
663 2044 765 2084 ipsius
796 2043 995 2081 stabilietur,
1029 2042 1091 2073 nisi

128 2087 198 2118 Deo
221 2087 351 2117 nitatur.
397 2086 485 2125 Quin
510 2087 606 2117 etiam
631 2087 658 2117 si
690 2087 762 2127 quis
785 2097 841 2117 rex
866 2091 921 2116 aut
940 2086 1091 2125 princeps

128 2129 233 2160 Deum
256 2133 467 2169 protectorem
492 2135 524 2160 et
547 2129 746 2160 defensorem
771 2129 890 2160 habere
913 2130 1011 2168 cupit,
1035 2128 1090 2158 ad-

129 2177 277 2203 monetur
310 2173 343 2202 in
377 2172 475 2203 sacris
508 2177 546 2203 ut
575 2172 727 2212 pietatem
756 2176 788 2203 et
821 2172 1026 2203 clementiam
1058 2172 1089 2202 in

130 2215 242 2255 primis
265 2219 414 2246 sectetur.
460 2215 530 2247 Hac
554 2216 639 2246 enim
671 2216 795 2246 ratione
819 2225 932 2255 regum
957 2214 1036 2245 solia
1060 2218 1091 2244 et

128 2261 254 2297 sceptra
277 2257 461 2289 confirmari
486 2258 579 2289 docet
603 2258 767 2290 Solomon.
795 2257 1015 2296 Quamobrem
1040 2258 1088 2287 in-

127 2300 198 2331 sani
230 2299 370 2331 hominis
398 2311 491 2332 voces
520 2301 618 2332 fuisse
650 2311 863 2341 agnoscamus
894 2300 950 2330 illa
982 2299 1090 2331 Saulis

127 2342 241 2373 verba:
273 2342 417 2374 Davidne
444 2343 528 2375 vobis
558 2355 663 2384 (ιφ-(ις.
693 2347 749 2374 aut
776 2344 882 2374 vineas
913 2343 1006 2376 dabit,
1037 2345 1091 2373 (tut

128 2385 268 2416 tribunos
289 2395 325 2416 ac
347 2387 534 2418 centuriones
551 2387 670 2425 faciet?
696 2387 809 2426 Neque
833 2387 919 2417 enini
944 2386 975 2416 in
999 2396 1088 2416 rnen-

128 2433 193 2458 tem
223 2427 284 2467 ipsi
313 2429 403 2459 venit
435 2430 544 2460 unctio
572 2440 667 2469 quam
703 2430 813 2460 divino
847 2428 999 2459 mandato
1033 2439 1090 2468 per

129 2470 314 2501 Samuelem
339 2475 522 2512 acceperat:
552 2483 614 2512 qua
643 2473 675 2503 in
700 2483 734 2503 re
765 2483 855 2504 suam
879 2471 1088 2512 ingratitudi-

128 2524 201 2543 nem
221 2512 334 2552 prodit.
359 2513 443 2545 Nam
459 2525 522 2545 non
545 2516 656 2555 procul
680 2516 802 2555 gratiae
823 2515 883 2545 Dei
904 2514 1087 2554 exemplum

129 2556 189 2595 ipsi
221 2556 438 2594 quaerendum
469 2563 546 2593 erat,
577 2558 663 2597 quod
687 2559 720 2588 in
752 2569 784 2589 se
811 2562 877 2588 tam
910 2558 1032 2589 clarum
1059 2562 1089 2587 et

129 2599 336 2638 perspicuum
359 2600 516 2631 exstabat.
548 2600 632 2631 Nam
656 2601 784 2640 quando
809 2600 972 2631 Samuelis
997 2600 1089 2630 mini-

128 2641 225 2671 sterio
255 2641 358 2672 fuerat
387 2652 445 2673 rex
474 2642 684 2684 designatus?
718 2643 834 2674 Nonne
857 2643 997 2674 rusticus
1021 2647 1089 2673 erat
1115 2660 1116 2671 η

772 194 821 226 ΙΝ
844 195 870 226 Ι.
894 194 983 226 LIB.
1009 193 1208 226 SAMUEL.
1233 194 1331 227 CAP.
1355 196 1468 227 XXII.

2051 195 2113 226 426

1149 287 1314 325 bubulcus,
1347 295 1384 320 ut
1415 290 1505 321 nulla
1536 301 1609 331 spes
1638 296 1721 323 esset
1753 300 1856 330 neque
1879 290 1984 330 ipsum
2009 299 2113 329 neque

1150 330 1251 378 ullum
1283 341 1322 362 ex
1353 332 1454 372 ipsius
1485 344 1627 373 unquam
1657 339 1753 374 gente
1785 338 1817 364 et
1846 333 1966 363 familia
1990 331 2112 371 regiam

1150 373 1340 420 dignitatem
1366 376 1641 415 assequuturum?
1666 376 1741 415 Qua
1763 375 1872 416 igitur,
1896 376 2036 410 obsecro.
2061 384 2113 405 ra-

1149 419 1234 446 tione
1247 420 1351 455 potest
1364 417 1442 448 illud
1457 419 1639 450 bominibus
1653 418 1834 450 ascribere?
1854 417 1973 449 Nonne
1985 417 2113 457 conspi-

1148 469 1243 489 cuum
1278 459 1340 490 Dei
1374 460 1582 500 beneficium,
1616 466 1648 493 et
1680 472 1759 501 opus
1793 458 2112 492 extraordinarium?

1149 501 1247 540 Atqui
1274 501 1325 532 hic
1344 507 1451 533 tamen
1470 508 1597 535 tantum
1618 514 1782 544 agrorum,
1807 504 1984 540 vinearum,
2009 502 2113 542 digni·

1148 548 1251 573 tatum
1276 545 1432 582 meminit,
1457 547 1548 586 quasi
1574 547 1634 578 Dei
1658 547 1835 578 bonitatem
1860 555 2025 586 nunquam
2051 545 2113 576 nisi

1147 585 1315 617 hominum
1338 586 1494 619 beneficio
1525 589 1638 620 fuisset
1661 594 1823 629 expertus,
1855 593 1886 619 et
1910 598 2020 619 eorum
2045 587 2113 627 qui-

1148 628 1220 659 dem
1244 638 1323 668 quoe
1348 629 1522 663 benefactis
1545 632 1605 663 sibi
1630 632 1831 663 devinxerat.
1871 630 1936 663 Sed
1960 631 1986 662 si
2011 630 2113 661 homi—

1147 681 1225 701 num
1260 671 1401 711 aliquam
1436 674 1628 705 instituisset
1662 674 1882 711 collationem,
1923 673 1974 704 cui
2008 673 2113 712 magis

1147 723 1276 753 quaeso,
1300 714 1470 747 devinctus
1489 722 1567 752 crat,
1592 722 1624 747 et
1641 717 1850 748 multitudine
1870 716 2110 747 benefactorum

1147 756 1310 797 obligatus
1334 767 1428 796 quam
1453 758 1597 790 Davidi‘?
1629 760 1712 790 Nam
1737 760 1810 799 quis
1831 760 1932 790 vitam
1956 758 2056 798 ipsius
2080 763 2112 788 et

1147 798 1297 830 fortunas
1321 802 1476 837 servavit,
1508 802 1568 832 nisi
1594 801 1727 833 David?
1763 804 1817 833 An
1849 802 1894 832 illi
1918 811 1994 832 vero
2017 806 2112 831 antea.

1149 841 1260 872 vineas
1283 846 1314 873 et
1337 852 1431 882 agros
1451 843 1582 875 dederat
1605 845 1637 875 in
1658 845 1847 881 mercedem,
1871 854 1934 884 qua
1952 843 2112 883 impulsus

1147 885 1215 924 regi
1247 884 1373 916 fidelem
1404 896 1535 926 operam
1567 888 1750 926 praestitit?
1781 887 1892 926 Quum
1923 887 2024 927 igitur
2046 886 2110 916 iam

1148 927 1387 959 animadvertat
1426 928 1486 959 Dei
1523 930 1676 960 mandato
1712 930 1873 961 Davidem
1905 939 1924 960 a
1957 928 2110 960 Samuele

1147 980 1256 1010 regem
1282 970 1485 1010 designatum
1511 977 1543 1002 et
1566 977 1708 1010 unctum,
1732 983 1837 1003 nonne
1856 972 1967 1003 debuit
1985 981 2111 1002 sacram

1147 1012 1237 1043 illam
1262 1013 1444 1044 unctionem
1470 1015 1614 1053 adorare,
1638 1020 1669 1045 et
1689 1025 1888 1055 cognoscere,
1913 1013 2111 1054 quandoqui-

1148 1055 1220 1086 dem
1252 1056 1338 1087 illius
1373 1056 1501 1088 decreto
1532 1058 1616 1088 faeta
1647 1063 1705 1096 est,
1736 1058 1789 1097 qui
1819 1063 1979 1088 terrarum
2002 1055 2110 1087 orbem

1147 1099 1334 1129 universum
1360 1100 1452 1139 regit,
1484 1104 1516 1130 et
1539 1099 1685 1131 homines
1707 1100 1798 1141 eligit
1820 1110 1900 1139 quos
1923 1099 2110 1130 nationibus

1147 1142 1320 1180 praeficiat,
1345 1142 1505 1173 voluntati
1526 1142 1613 1173 illius
1631 1154 1696 1173 non
1717 1153 1786 1174 esse
1805 1143 1865 1173 sibi
1884 1141 2108 1178 resistendum,

1148 1184 1201 1215 sed
1226 1184 1310 1214 ultro
1333 1186 1439 1224 potius
1469 1185 1759 1225 acquiescendum?
1791 1186 1886 1216 Hanc
1912 1185 1950 1215 ob
1979 1194 2109 1215 causam

1147 1227 1309 1266 scriptura
1328 1227 1413 1264 dicit,
1438 1228 1597 1268 principes
1618 1239 1653 1259 ae
1673 1239 1764 1268 reges
1783 1228 1816 1258 in
1831 1228 1891 1258 Dei
1910 1238 2007 1258 manu
2029 1237 2108 1264 esse,

1147 1275 1179 1300 et
1202 1270 1287 1309 ipsos
1309 1280 1326 1300 a
1350 1270 1490 1301 Domino
1519 1277 1642 1301 tantam
1671 1277 1823 1311 quantam
1846 1270 1985 1301 voluerit
2008 1269 2108 1300 domi-

1147 1313 1309 1343 nationem
1334 1314 1458 1343 sortiri:
1493 1314 1577 1353 quod
1610 1315 1640 1344 in
1666 1314 1760 1344 unius
1782 1313 1843 1343 Dei
1874 1317 2032 1352 potestate
2056 1312 2110 1342 do-

1146 1356 1339 1386 minationes
1363 1360 1393 1386 et
1417 1366 1516 1396 regua
1535 1357 1637 1396 posita
1659 1357 1732 1387 sint.
1765 1355 1874 1394 Quare
1893 1360 1982 1386 tanto
2005 1355 2108 1394 magis

1147 1408 1215 1429 sese
1241 1399 1389 1438 ingratus
1413 1398 1522 1429 Saulis
1553 1400 1681 1430 animus
1704 1399 1763 1430 hac
1787 1399 1817 1428 in
1843 1402 1933 1438 parte
1956 1397 2109 1437 patefacit

1146 1442 1200 1481 qui
1219 1451 1350 1472 suorum
1370 1452 1537 1473 servorum
1556 1442 1744 1473 fidelitatem
1764 1441 1830 1472 sola
1850 1440 2109 1480 compensatione

1146 1484 1287 1514 metitur.
1320 1483 1383 1514 Sed
1405 1484 1499 1521 unde,
1524 1495 1651 1525 quaeso,
1677 1484 1754 1515 Saul
1776 1489 1822 1514 tot
1839 1494 1933 1524 agros
1954 1488 1986 1513 et
1998 1483 2108 1513 vineas

1145 1526 1295 1564 habebat,
1327 1527 1390 1557 nisi
1421 1538 1460 1557 ex
1485 1527 1695 1568 vectigabilus
1725 1533 1757 1557 et
1781 1526 1910 1557 tributis
1940 1535 2021 1565 quae
2051 1535 2107 1565 po-

1145 1570 1220 1609 pulo
1242 1569 1450 1609 imponebat?
1475 1570 1520 1600 At
1543 1581 1606 1601 non
1626 1570 1682 1600 illa
1705 1569 1887 1600 conditione
1906 1578 1964 1599 rex
1987 1567 2107 1599 electus

1144 1613 1258 1643 fuerat.
1284 1613 1374 1643 Deus
1397 1612 1525 1652 quidem
1550 1623 1625 1643 sane
1649 1612 1802 1652 populum
1826 1621 1936 1651 regem
1959 1611 2107 1650 flagitan-

1144 1660 1208 1686 tem
1234 1661 1488 1695 praemonuerat,
1519 1656 1587 1686 fore
1618 1661 1653 1685 ut
1683 1666 1738 1686 rex
1763 1665 1856 1694 agros
1880 1660 1911 1684 et
1934 1654 2109 1693 possessio-

1144 1708 1201 1728 nes
1225 1698 1302 1738 ipsis
1325 1698 1490 1736 adimeret,
1514 1709 1592 1738 quas
1609 1697 1790 1728 domesticis
1809 1698 1875 1728 suis
1893 1697 1993 1726 daret.
2019 1695 2108 1735 Quin

1144 1741 1208 1772 imo
1231 1751 1340 1781 regem
1373 1741 1478 1780 aliqua
1502 1742 1533 1771 vi
1566 1741 1683 1772 liberos
1714 1741 1856 1779 ipsorum
1888 1744 2107 1778 accepturum,

1144 1794 1224 1823 quos
1248 1783 1384 1814 famulos
1407 1790 1438 1814 et
1461 1794 1572 1815 servos
1595 1793 1670 1814 suos
1693 1783 1911 1814 constitueret.
1935 1781 2020 1812 Fore
2038 1781 2108 1820 qui-

1144 1828 1217 1857 dem
1240 1826 1335 1861 istud,
1360 1827 1509 1865 inquam,
1543 1827 1631 1857 Deus
1656 1825 1869 1865 praedixerat,
1894 1830 1927 1855 at
1949 1834 2014 1854 non
2039 1823 2110 1854 ideo

1144 1874 1252 1900 tamen
1269 1869 1363 1901 Sauli
1387 1869 1589 1909 tyrannidem
1613 1869 1700 1899 illam
1725 1867 1897 1898 exercendi
1916 1872 2108 1906 potestatem

1144 1912 1272 1944 fecerat.
1316 1912 1396 1942 Nam
1429 1923 1519 1952 reges
1550 1918 1739 1951 acceperant
1770 1921 1787 1941 a
1822 1910 1913 1941 Mose
1948 1909 2024 1949 quid
2059 1910 2108 1940 sui

1144 1956 1241 1986 officii
1265 1959 1358 1991 esset,
1382 1955 1464 1994 quod
1489 1955 1704 1985 monumentis
1728 1954 1793 1984 suis
1817 1953 2033 1992 perscriptum
2059 1962 2108 1982 re-

1145 1998 1293 2037 liquerat.
1338 1998 1411 2028 Rex
1439 1998 1542 2034 enim,
1574 1997 1679 2036 inquit
1708 1996 1827 2027 Moses.
1859 2006 1922 2025 non
1954 1995 2107 2025 efferetur

1144 2051 1241 2080 supra
1266 2042 1395 2080 fratres3
1425 2039 1588 2071 modestus
1618 2045 1650 2070 et
1680 2039 1841 2069 humanus
1864 2039 1926 2068 erit
1949 2047 2027 2077 erga
2050 2047 2107 2076 po-

1144 2084 1276 2124 pulum:
1307 2084 1394 2113 intra
1423 2083 1543 2113 limites
1574 2093 1642 2113 sese
1673 2081 1865 2118 continebit,
1897 2091 1936 2110 ne
1969 2080 2107 2119 populus

1144 2126 1355 2166 opprimatur.
1398 2126 1514 2155 Nonne
1537 2125 1616 2156 Saul
1645 2125 1676 2154 iu
1702 2125 1821 2164 regiam
1847 2129 1977 2153 evectus
2001 2122 2106 2162 digni-

1145 2174 1258 2203 tatem,
1290 2169 1346 2199 illa
1380 2174 1550 2208 praecepta
1580 2167 1712 2197 Domini
1746 2166 1894 2196 meditari
1928 2164 2103 2195 debuerat?

1144 2212 1212 2243 Nae
1243 2222 1343 2251 quum
1375 2211 1530 2241 adversus
1562 2210 1616 2240 illa
1647 2214 1765 2249 peccat,
1796 2209 1827 2238 in
1860 2209 1964 2238 Deum
1997 2208 2102 2247 ipsum

1143 2260 1191 2285 est
1231 2254 1492 2290 contumeliosus,
1527 2260 1558 2283 et
1588 2253 1676 2291 quasi
1709 2252 1815 2281 Deum
1851 2251 1935 2281 ultro
1966 2250 2103 2287 lacessit,

1143 2308 1242 2337 quum
1274 2298 1317 2328 ait
1348 2308 1380 2327 se
1412 2307 1515 2335 agros.
1548 2297 1667 2330 vineas,
1699 2300 1729 2324 et
1753 2294 1858 2324 varias
1886 2293 2104 2333 possessiones

1144 2341 1269 2376 habere,
1290 2340 1405 2379 quibus
1424 2350 1475 2369 cos
1493 2340 1545 2378 qui
1569 2338 1629 2369 sibi
1649 2337 1774 2367 fidelem
1796 2336 2103 2375 praestiterintope-

1142 2393 1210 2413 rani
1234 2389 1468 2413 remuneretur.
1511 2382 1596 2411 Saue
1620 2380 1774 2420 gloriatur
1797 2379 1908 2409 multis
1927 2378 2049 2418 rapinis
2072 2383 2104 2408 et

1142 2425 1376 2465 direptionibus
1406 2424 1531 2464 populi:
1568 2429 1599 2453 et
1629 2432 1726 2461 quum
1757 2422 1947 2452 miserarum
1981 2421 2103 2457 ovium,

1141 2479 1275 2508 quarum
1307 2474 1415 2507 pastor
1446 2477 1514 2497 esse
1545 2465 1692 2499 debebat,
1725 2464 1806 2504 pelle
1836 2464 1998 2502 detracta⁷
2029 2474 2104 2494 suos

1142 2512 1268 2551 quiipsi
1292 2510 1481 2549 placuerint,
1503 2509 1620 2539 vestire
1645 2507 1723 2539 vult.
1748 2507 1887 2537 ostendit
1911 2517 1944 2537 se
1967 2517 2103 2539 reguum

1114 2556 1115 2559 ’
1142 2565 1235 2585 suum
1266 2554 1299 2583 in
1339 2564 1460 2583 meram
1500 2550 1705 2591 tyrannidem
1735 2549 1949 2587 convertisse,
1984 2556 2015 2579 et
2046 2558 2104 2588 pro

1115 2602 1116 2614 ²
1142 2606 1219 2628 cura
1249 2596 1417 2636 pastorali.
1450 2594 1611 2624 lanienam
1643 2592 1816 2631 invexisse,
1846 2592 1937 2623 cuius
1967 2592 2033 2631 ipsc
2064 2592 2104 2621 sit

1142 2640 1216 2675 (luiz,
1238 2639 1349 2678 reliqui
1377 2648 1451 2668 vero
1475 2645 1626 2675 tanquam
1654 2636 1794 2665 latrones
1817 2634 1953 2674 praedae
1976 2634 2104 2664 inhian-
