2551 3044
336 223 395 252 ’ῖυῖ
1186 222 1386 254 HOMILIA
1411 221 1479 252 CV.
2259 224 2318 255 708

339 327 449 349 tamen
483 326 546 347 non
577 321 625 346 est
657 325 749 346 mens
778 315 917 346 sincera:
956 316 1216 355 quandoquidem
1248 317 1302 348 alii
1328 322 1329 345 ς

338 360 514 391 ambitione
538 357 687 398 quadam,
713 357 767 388 alii
794 367 868 388 vero
891 358 1018 389 fervore
1041 358 1149 398 aliquo
1181 358 1301 391 ducan-

339 412 409 434 tur:
442 412 543 442 quum
568 409 676 431 tamen
700 400 807 431 nullae
830 400 893 431 sint
919 401 951 431 in
976 401 1053 440 ipsis
1077 402 1172 432 vivae
1195 404 1302 443 cogni—

339 446 437 476 tionis
461 445 589 475 divinae
614 442 747 475 radices.
772 442 865 473 Istud
890 449 1043 474 testatum
1069 445 1146 476 facit
1166 445 1302 476 aliorum

338 488 484 524 avaritia,
499 487 634 518 aliorum
649 486 792 521 ambitio,
805 486 939 516 aliorum
961 486 1122 518 vindictae
1133 487 1303 528 cupiditas,

338 530 424 562 unde
456 531 571 561 merito
603 536 747 559 metuerc
772 539 942 568 possumus
974 528 1168 561 horrendam
1192 532 1302 561 consu·
1328 546 1329 551 =

337 575 461 604 sionem
474 574 500 604 si
519 582 647 603 summo
667 573 734 602 iure
749 572 914 602 nobiscum
927 571 1017 602 Deus
1033 579 1154 612 ageret.
1178 573 1300 612 Quam-

336 617 448 648 obrem
461 626 559 655 quum
574 615 652 645 haec
672 615 715 645 ita
728 615 802 645 sint.
825 614 1011 645 ardentibus
1034 615 1182 654 precibus
1195 616 1301 647 Deum

336 660 536 698 invocemus,
569 665 602 688 ut
632 668 689 697 pro
719 667 778 688 sua
802 656 973 688 elementia
1003 657 1145 690 defectus
1175 665 1301 689 nostros

337 708 368 733 et
399 709 527 742 peccata
558 701 692 739 sepeliat
729 701 971 739 rationemque,
1009 700 1100 732 nobis
1131 702 1300 741 patefaciat

337 744 518 776 istiusmodi
543 743 733 783 pollutiones
758 741 900 780 tollendi,
925 748 960 773 ut
972 753 1078 775 coram
1103 744 1203 784 ipsius
1221 745 1302 776 facie

338 788 412 827 puri
437 793 467 817 et
490 786 689 817 immaculati
713 786 922 824 reperiamus,
952 791 984 817 et
1014 785 1168 826 quidquid
1193 787 1235 818 sit
1258 788 1302 818 ita

338 831 477 870 benigue
503 830 583 859 ferat
609 836 734 859 nostras
758 828 967 860 infirmitates
987 839 1026 859 ne
1050 829 1230 860 istiusmodi
1245 830 1300 860 ho·
1327 844 1329 846 v

337 874 461 904 minum
484 872 579 912 culpa
602 871 761 911 evangeiii
786 880 882 901 causa
906 872 1116 910 periclitetur.

424 916 596 946 Caeterum
624 914 728 945 David
758 914 834 944 istos
862 914 981 945 milites
1011 915 1088 946 satis
1119 915 1232 945 leviter
1256 925 1303 945 re-

337 958 520 998 prehendit,
551 957 634 996 quod
668 967 731 987 non
759 963 885 987 tantum
917 957 1052 988 istorum
1076 958 1300 988 seditiosorum
1328 964 1329 975 ¹

339 1001 497 1032 rationem
524 1000 655 1030 haberet
677 1001 731 1039 qui
756 999 906 1038 praedam
931 1000 1024 1031 sociis
1047 1002 1171 1040 eripere
1195 1000 1302 1040 cupie-

338 1044 426 1080 bant,
450 1043 506 1074 sed
529 1043 627 1074 etiam
651 1041 786 1073 aliorum
807 1052 886 1081 quos
909 1042 1074 1074 lacessitos
1097 1043 1224 1084 placare
1250 1053 1302 1073 vo-

338 1087 409 1118 luit.
445 1086 528 1117 Nam
553 1086 612 1116 etsi
637 1096 712 1124 pars
735 1090 860 1115 tantum
885 1086 1046 1116 exercitus
1069 1085 1151 1116 hanc
1175 1096 1301 1117 causam

337 1135 457 1170 ageret,
481 1128 659 1159 verendum
675 1134 782 1158 tamen
796 1131 865 1158 erat
878 1139 918 1158 no
931 1129 984 1159 alii
1003 1136 1302 1169 corrumperentur:

337 1171 607 1212 quemadmodum
632 1180 726 1210 saepe
750 1170 920 1210 contingit,
943 1176 980 1202 ut
1003 1172 1032 1201 in
1058 1181 1176 1211 magna
1200 1171 1303 1201 homi-

338 1225 417 1246 num
446 1213 655 1246 multitudine
683 1212 877 1244 labefactata
913 1214 1051 1253 quadam
1083 1220 1173 1254 parte
1204 1220 1234 1244 ct
1264 1214 1303 1245 ab

337 1257 498 1297 aequitate
530 1256 698 1288 recedente
728 1255 820 1286 multi
852 1262 971 1287 temere
1003 1257 1033 1287 in
1066 1256 1150 1288 hanc
1179 1261 1303 1296 partem

338 1304 522 1337 transeant,
562 1304 593 1330 et
623 1298 706 1330 idem
738 1298 802 1329 illis
832 1300 1000 1340 contingat
1032 1299 1114 1340 quod
1147 1300 1190 1330 lui
1222 1309 1302 1339 quae

337 1342 433 1383 longe
465 1342 593 1382 lateque
623 1346 787 1372 momento
818 1342 927 1381 serpit.
980 1341 1087 1373 David
1110 1342 1209 1383 igitur
1238 1353 1301 1372 non

337 1392 466 1417 tantum
490 1384 686 1425 redarguere
717 1393 771 1415 eos
794 1383 849 1423 qui
871 1384 1008 1425 improbi
1040 1385 1170 1416 fuerunt
1193 1385 1302 1421 voluit,

336 1427 393 1460 sed
416 1428 532 1459 metuit
552 1437 592 1458 00
613 1426 665 1457 alii
679 1427 711 1457 in
733 1427 875 1466 ipsorum
895 1428 1091 1458 sententiam
1106 1428 1301 1459 transirent:

337 1476 370 1502 et
393 1471 453 1502 hac
476 1470 603 1501 ratione
626 1470 737 1500 miseri
767 1469 822 1505 illi,
854 1469 910 1509 qui
939 1481 977 1501 cx
1011 1471 1241 1510 defatigatione
1263 1469 1302 1501 ad

335 1520 514 1545 torrentem
527 1512 741 1544 substiterant
753 1512 785 1542 in
799 1511 1049 1553 impedimentis,
1073 1514 1142 1544 iure
1161 1524 1218 1544 suo
1237 1514 1301 1553 pri-

339 1560 506 1593 varentur,
530 1555 595 1586 illis
619 1565 710 1586 suam
734 1555 917 1594 opinionem
943 1556 974 1586 vi
990 1555 1166 1586 tuentibus.
1207 1556 1303 1587 Hanc

337 1599 438 1640 igitur
460 1598 499 1629 ob
523 1608 652 1630 causam
675 1596 784 1628 David
816 1608 870 1628 eos
900 1603 966 1629 tam
991 1598 1107 1630 blande
1129 1598 1302 1639 compella-

337 1643 401 1673 vit:
433 1645 659 1681 praeterquam
690 1639 776 1679 quod
799 1650 862 1671 non
888 1640 1028 1672 habebat
1048 1642 1081 1672 in
1106 1641 1190 1681 ipsos
1214 1647 1303 1681 pote-

337 1688 466 1720 statem,
498 1684 559 1715 nisi
583 1687 744 1723 quatenus
767 1690 881 1723 sponte
905 1694 974 1715 sese
996 1684 1057 1724 ipsi
1081 1683 1303 1715 subiiciebant.

336 1727 422 1758 Nam
446 1731 516 1757 erat
539 1725 670 1766 quidem
684 1724 791 1756 David
812 1730 847 1756 ut
871 1730 946 1757 ante
965 1726 1033 1757 dixi
1053 1737 1109 1757 rex
1129 1726 1303 1767 legitimus,

338 1769 393 1801 sed
418 1774 527 1800 tamen
558 1772 634 1799 ante
657 1767 768 1799 Saulis
800 1767 926 1800 obitum
956 1769 1078 1810 regiam
1110 1775 1303 1809 potestatem

337 1823 402 1843 non
428 1811 602 1849 obtinebat,
625 1810 761 1851 ideoque
784 1811 917 1842 iubendi
940 1816 1133 1852 potestatem
1157 1822 1221 1843 non
1247 1813 1303 1843 ha-

337 1855 443 1886 bebat.
489 1854 614 1886 Amicis
644 1854 745 1893 igitur
776 1858 809 1884 et
839 1853 966 1885 blandis
998 1854 1105 1886 verbis
1136 1855 1168 1885 in
1200 1855 1304 1886 officio

340 1898 479 1929 retinere
503 1896 613 1928 debuit
644 1906 724 1935 quos
755 1897 927 1928 autoritate
956 1897 1071 1929 iudicis
1094 1907 1157 1928 non
1188 1898 1304 1938 potuit.

339 1941 443 1972 Porro
469 1940 593 1971 duabus
613 1938 794 1970 rationibus
818 1939 926 1971 David
939 1940 1012 1971 illos
1024 1940 1141 1981 arguit,
1167 1950 1304 1980 quarum

339 1984 447 2024 prima
470 1987 530 2023 est,
553 1983 700 2023 ingratos
723 1992 802 2022 erga
813 1982 921 2014 Deum
944 1983 1012 2014 fore
1029 1983 1056 2014 si
1075 1982 1134 2014 soli
1154 1983 1306 2023 praedam

341 2026 503 2058 retineant
525 2035 621 2065 quam
646 2024 738 2056 Deus
761 2035 820 2056 sua
850 2025 1063 2057 beneficentia
1085 2025 1197 2057 fecisse
1220 2035 1306 2057 com-

340 2079 472 2100 munem
495 2067 645 2100 omnibus
665 2068 754 2099 visus
771 2072 830 2099 est.
861 2068 944 2099 Nam
957 2069 1074 2108 quibus
1085 2067 1162 2100 data
1174 2068 1307 2100 victoria

341 2111 412 2143 est?
445 2122 524 2142 sane
547 2109 668 2141 Davidi
692 2110 832 2150 quidem,
861 2110 917 2142 sed
947 2112 993 2142 ita
1023 2117 1131 2142 tamen
1161 2116 1199 2142 ut
1221 2121 1307 2143 com-

344 2165 443 2186 mune
466 2154 616 2185 omnibus
646 2153 734 2185 istud
763 2159 847 2185 esset
876 2153 1076 2192 beneficium,
1107 2153 1306 2194 quandoqui-

345 2197 418 2229 dem
442 2207 496 2228 eos
519 2197 611 2228 Deus
635 2196 784 2227 voluerat
805 2207 933 2235 uxores,
963 2196 1080 2228 liberos
1103 2201 1135 2228 et
1161 2196 1307 2228 fortunas

344 2250 544 2281 recuperare.
569 2238 663 2278 Quod
678 2239 870 2270 beneficium
883 2240 1045 2271 sexcentis
1063 2239 1126 2271 illis
1139 2249 1308 2271 commune

345 2294 443 2324 quum
468 2287 561 2319 esset,
585 2292 683 2322 quare
707 2282 842 2322 improbi
866 2282 912 2313 illi
936 2282 995 2314 sibi
1019 2281 1094 2314 solis
1116 2281 1148 2313 id
1167 2282 1308 2313 vindica-

346 2325 444 2357 bant?
476 2325 647 2357 Summam
678 2325 779 2365 igitur
808 2324 1077 2366 ingratitudinem
1101 2335 1178 2366 erga
1200 2324 1308 2356 Deum

345 2369 412 2400 fore
443 2368 552 2400 David
586 2367 679 2404 dicit,
709 2368 735 2398 si
770 2368 999 2409 quadringenti
1037 2367 1084 2398 illi
1117 2367 1309 2399 beneficium

346 2412 431 2453 quod
456 2411 546 2443 Deus
570 2412 603 2441 in
626 2421 738 2442 omnes
761 2411 943 2442 contulerat
967 2421 1032 2442 non
1058 2411 1251 2451 permittens
1273 2414 1309 2441 ut

347 2455 455 2486 hostes
478 2453 616 2485 abducta
637 2453 758 2494 pracda
770 2454 964 2494 potirentur,
988 2452 1074 2484 adse
1092 2453 1178 2485 solos
1200 2453 1308 2484 trahe-

346 2502 429 2536 rent,
460 2497 595 2536 ideoque
619 2497 715 2527 etiam
748 2496 811 2536 ipsi
834 2495 906 2527 Deo
936 2497 1133 2527 resisterent.
1178 2495 1308 2527 Etiam

346 2545 422 2571 ante
445 2539 619 2576 docuimus,
652 2538 720 2570 Deo
748 2538 936 2570 beneficium
960 2539 1088 2579 aliquod
1112 2539 1144 2569 in
1169 2538 1308 2579 aliquam

347 2582 588 2614 multitudinem
603 2583 796 2618 conferente,
820 2581 965 2621 singulos
977 2587 1124 2622 oportere
1138 2591 1157 2612 a
1169 2581 1309 2612 maximo
1333 2597 1335 2605 ·

348 2625 388 2656 ad
419 2625 587 2655 minimum
618 2625 649 2654 iu
681 2630 805 2664 partem
839 2625 983 2655 beneficii
1015 2624 1142 2662 venire,
1173 2634 1252 2664 quos
1282 2624 1308 2655 si

348 2668 445 2707 aliqui
469 2669 674 2704 frustrentur,
706 2672 738 2697 et
760 2667 904 2707 specioso
927 2666 1033 2706 aliquo
1056 2672 1226 2706 praetextu
1248 2676 1308 2698 suo

1354 317 1422 346 iure
1448 315 1613 351 fraudent,
1645 316 1778 356 perinde
1809 317 1893 347 istud
1924 327 1994 348 esse
2025 327 2062 348 ac
2094 318 2120 348 si
2152 318 2224 357 quis
2247 318 2318 350 Deo

1354 359 1415 398 ipsi
1439 359 1556 397 eripiat
1578 368 1660 398 quae
1690 369 1749 390 sua
1780 359 2004 390 beneficientia
2036 359 2184 400 largitur.
2231 360 2317 392 Hinc

1354 402 1461 440 itaque
1493 401 1655 441 generalis
1683 403 1824 433 eruenda
1856 402 2003 433 doctrina
2032 409 2089 438 est,
2122 407 2157 434 ut
2180 402 2318 435 Davidis

1354 444 1538 483 exemplum
1562 444 1690 481 imitati,
1713 455 1812 484 quum
1830 445 1917 475 Deus
1931 445 2016 476 dona
2035 456 2091 476 sua
2112 446 2144 476 in
2171 456 2229 477 nos
2241 456 2317 477 con-

1354 487 1473 523 tulerit,
1506 486 1635 517 illorum
1660 487 1780 528 singuli
1806 490 1883 518 fiant
1908 488 2092 528 participes.
2123 495 2155 519 et
2177 489 2222 520 ita
2244 499 2317 520 cum

1355 529 1510 569 proximis
1533 530 1806 561 communicemus
1837 541 1877 561 nc
1910 531 2026 562 nostris
2049 531 2225 562 commodis
2251 539 2317 562 stu—

1354 573 1494 609 deamus,
1517 578 1550 602 et
1573 583 1612 602 ne
1635 574 1773 604 avaritia
1798 584 1856 604 1105
1879 573 1918 604 ab
1938 573 2041 604 officio
2060 574 2237 605 dimoveat:
2261 573 2316 604 sed

1354 616 1422 645 Deo
1446 620 1575 654 accepta
1605 616 1758 647 beneficia
1787 617 1927 647 ferentes
1957 626 2171 656 agnoscamus
2194 616 2251 648 illa
2274 617 2318 647 510

1354 657 1444 688 uobis
1468 658 1648 695 commissa,
1673 664 1709 689 ut
1732 669 1789 699 pro
1814 659 1984 690 voluntate
2008 659 2108 699 ipsius
2127 669 2165 690 ea
2187 659 2317 699 dispen-

1354 711 1471 739 semus,
1495 705 1527 730 et
1551 701 1583 730 in
1607 711 1686 740 quos
1709 712 1786 733 usus
1809 702 1939 733 iusserit
1962 702 2168 741 applicemus.
2205 702 2318 733 Altera

1355 753 1428 773 vero
1459 743 1538 773 ratio
1569 743 1682 774 nititur
1704 743 1847 775 humano
1871 744 1995 777 iudicio.
2025 755 2123 784 quum
2153 745 2214 776 ait:
2246 745 2316 775 Non

1354 786 1457 817 audiet
1476 795 1527 816 vos
1549 786 1714 825 quisquam
1736 797 1830 826 super
1852 797 1991 818 sermone
2013 787 2075 818 ltoc.
2107 786 2233 826 Quibus
2247 797 2317 818 ver-

1355 829 1401 859 bis
1432 827 1571 866 indicat,
1609 829 1649 859 ab
1679 830 1828 860 omnibus
1851 829 1890 860 ad
1915 840 1993 870 quos
2016 830 2110 861 istius
2134 830 2206 861 facti
2234 830 2319 861 fama

1355 871 1555 910 pervenisset
1578 871 1827 903 condemnatum
1850 873 1900 903 iri.
1947 872 2060 912 Neque
2090 883 2166 903 vero
2198 873 2317 903 frustra

1356 914 1433 945 haec
1452 914 1613 953 scriptura
1628 925 1718 946 sacra
1730 916 1948 946 monumentis
1963 915 2113 946 tradidit:
2138 915 2317 946 remedium

1355 957 1441 987 enim
1466 956 1550 987 istud
1575 962 1623 988 est
1645 958 1802 998 optimum
1835 957 2004 989 adversum
2038 958 2171 989 nimiam
2196 957 2318 997 cupidi-

1355 1004 1464 1035 tatem,
1488 1004 1524 1029 ut
1535 1000 1640 1030 famae
1651 1010 1729 1031 suae
1746 1001 1879 1040 quisque
1896 1001 2054 1031 rationem
2068 1000 2194 1032 habeat.
2218 1000 2318 1040 Equi-

1355 1042 1427 1072 dem
1448 1043 1549 1073 fateor
1572 1052 1630 1073 nos
1654 1054 1718 1074 non
1737 1043 1796 1075 hac
1813 1043 1881 1075 sola
1900 1043 2024 1074 rationo
2044 1042 2319 1084 oportereamalo

1355 1085 1526 1122 abstinere,
1555 1085 1816 1125 quandoquidem
1848 1096 1912 1117 non
1943 1086 2063 1117 sufficit
2085 1086 2125 1117 ad
2150 1085 2319 1117 vitandum

1355 1128 1563 1168 opprobrium
1590 1138 1696 1159 coram
1721 1128 1904 1160 hominibus
1928 1129 2007 1160 recti
2041 1129 2179 1169 speeiem
2210 1134 2318 1160 osten-

1355 1170 1440 1206 dere,
1471 1181 1578 1202 coram
1602 1171 1672 1202 Deo
1698 1182 1773 1202 vero
1802 1181 1939 1212 pravum
1970 1181 2025 1203 cor
2048 1172 2176 1203 habere.
2222 1171 2319 1202 Multi

1355 1214 1442 1244 enim
1472 1213 1659 1254 hypocritae
1689 1225 1708 1245 a
1730 1214 1814 1245 malo
1844 1213 2007 1246 abstinent
2035 1215 2102 1246 solo
2132 1213 2265 1254 pudoris
2287 1220 2321 1246 et-

1356 1256 1569 1287 verecundiae
1592 1262 1690 1294 metu,
1721 1267 1802 1296 quos
1825 1267 1888 1288 non
1912 1256 1984 1288 ideo
2016 1264 2123 1288 tamen
2147 1256 2238 1288 Deus
2263 1266 2320 1297 ap-

1356 1298 1479 1338 probat.
1501 1298 1718 1338 Quamobrem
1732 1310 1796 1330 non
1808 1299 1878 1331 ideo
1889 1310 1907 1330 a
1920 1299 2005 1331 malo
2017 1305 2145 1331 tantum
2155 1299 2320 1331 abstinen-

1356 1342 1433 1372 dum
1457 1347 1514 1380 cst,
1544 1347 1581 1372 ut
1603 1353 1710 1373 coram
1736 1343 1923 1374 hominibus
1954 1342 2124 1374 laudemur
2145 1347 2179 1373 et
2201 1341 2320 1374 iudicio

1356 1384 1484 1415 illorum
1504 1385 1728 1425 approbemur,
1752 1386 1809 1416 sed
1829 1385 1952 1416 multae
1973 1386 2054 1416 aliae
2066 1386 2207 1416 rationes
2223 1384 2319 1416 simul

1355 1433 1531 1458 occurrunt
1549 1428 1647 1458 etiam
1664 1427 1929 1459 considerandae.
1953 1428 2037 1459 Nam
2051 1427 2091 1459 ad
2103 1438 2184 1468 quos
2198 1428 2320 1459 factum

1355 1469 1485 1510 aliquod
1508 1480 1573 1501 non
1597 1471 1739 1510 pertinet
1761 1471 1896 1510 aequius
1918 1471 2118 1502 iudicaturos
2132 1480 2201 1502 0550
2223 1469 2262 1502 de
2286 1479 2320 1501 re

1355 1520 1478 1544 certum
1501 1519 1550 1544 est
1572 1523 1668 1553 quam
1691 1523 1745 1545 eos
1774 1514 1830 1554 qui
1859 1513 2065 1554 passionibus
2097 1513 2319 1553 praeoccupati

1355 1560 1432 1586 sunt
1454 1555 1712 1596 quandoquidem
1736 1556 1788 1588 vel
1811 1556 1937 1588 lucrum
1961 1556 2012 1588 vel
2037 1556 2192 1587 damnum
2215 1555 2320 1586 instar

1355 1598 1421 1630 veli
1443 1603 1521 1630 sunt
1543 1609 1605 1639 quo
1624 1603 1838 1631 excaecantur
1859 1599 1943 1630 oculi
1967 1609 2008 1630 ne
2026 1603 2150 1630 rectum
2180 1597 2320 1635 videant,

1356 1647 1387 1672 et
1410 1652 1524 1673 sensus
1547 1652 1587 1672 ne
1609 1642 1733 1673 sincere
1755 1642 1907 1673 iudicent.
1932 1641 2097 1681 Quoniam
2115 1641 2216 1682 igitur
2231 1641 2318 1681 quis-

1355 1694 1417 1724 que
1427 1684 1476 1715 vel
1486 1694 1545 1715 500
1554 1684 1732 1723 commodo,
1741 1685 1793 1715 vel
1802 1685 1866 1715 alia
1873 1685 1980 1725 aliqua
1987 1685 2112 1716 ratione
2120 1688 2320 1719 excaecatur,

1355 1732 1386 1758 et
1408 1727 1441 1758 in
1463 1737 1520 1758 sua
1543 1737 1640 1758 causa
1663 1737 1756 1758 nemo
1780 1734 1828 1758 est
1852 1737 1974 1767 aequus
1999 1727 2107 1764 index,
2139 1726 2195 1758 sed
2220 1726 2319 1767 plane

1354 1770 1502 1807 caecutit,
1534 1770 1614 1801 alios
1638 1770 1708 1801 dari
1730 1771 1850 1801 iudices
1874 1775 2002 1810 oportet
2025 1770 2079 1810 qui
2109 1769 2179 1801 sine
2202 1769 2320 1801 affectu

1356 1817 1387 1843 et
1410 1814 1557 1852 passione
1579 1813 1732 1844 iudicent.
1755 1813 1829 1845 Hoc
1851 1813 1952 1854 igitur
1964 1812 2074 1844 David
2093 1812 2198 1844 voluit
2219 1821 2320 1851 quum

1356 1855 1418 1886 ait:
1453 1856 1532 1894 Quis
1562 1856 1708 1887 auscultet
1736 1856 1820 1887 vobis
1847 1855 1905 1888 Ῐιαο
1934 1856 1969 1886 in
1998 1855 2058 1886 re?
2091 1854 2194 1894 Quasi
2225 1854 2320 1890 dicat,

1357 1908 1450 1929 nemo
1480 1898 1601 1929 factum
1631 1898 1691 1930 hoc
1722 1898 1874 1935 laudabit,
1908 1903 1942 1929 ut
1978 1898 2054 1930 socii
2095 1897 2198 1929 nostri
2227 1897 2322 1928 vacui

1357 1941 1431 1978 sint,
1456 1951 1515 1976 nos
1538 1952 1615 1972 vero
1637 1941 1757 1981 praeda
1778 1951 1899 1982 magna
1921 1940 2124 1972 ditescamus.
2166 1939 2249 1979 Quis
2272 1939 2321 1970 in-

1357 1994 1452 2023 quam
1471 1984 1592 2015 factum
1611 1983 1698 2015 istud
1712 1995 1777 2015 000
1789 1983 2010 2015 condemnet?
2035 1982 2117 2022 Quis
2139 1992 2204 2014 non
2217 1981 2321 2014 brutis

1357 2027 1490 2066 peiores,
1513 2027 1585 2067 quis
1607 2036 1673 2058 non
1698 2027 1781 2067 lupis
1804 2027 1986 2066 rapaciores
2010 2024 2117 2057 dicat?
2152 2024 2226 2056 Non
2250 2029 2321 2055 tan-

1358 2074 1428 2100 tum
1460 2069 1562 2110 igitur
1589 2069 1711 2110 pudore
1733 2070 1821 2109 ipsos
1844 2069 1986 2100 retinere
2007 2068 2112 2099 voluit
2141 2067 2174 2098 in
2197 2066 2319 2098 officio:

1358 2111 1412 2143 sed
1437 2113 1532 2143 etiam
1555 2123 1595 2143 ex
1618 2112 1737 2143 animis
1754 2112 1900 2152 ipsorum
1919 2120 2015 2142 omne
2033 2108 2267 2150 praeiudicium
2286 2109 2320 2140 in

1358 2165 1454 2186 causa
1477 2165 1536 2186 sua
1558 2155 1680 2186 tollere.
1720 2153 1867 2194 Quisque
1890 2155 1976 2185 enim
1998 2153 2032 2184 in
2055 2162 2152 2184 causa
2175 2163 2233 2184 sua
2255 2151 2320 2183 010-

1359 2208 1459 2237 quens
1483 2203 1531 2229 est
1554 2203 1585 2228 et
1607 2197 1695 2228 mille
1709 2197 1851 2228 rationes
1863 2197 2000 2227 rimatur
2019 2201 2174 2235 tanquam
2197 2195 2319 2226 iustum

1359 2240 1515 2280 probandi
1538 2240 1623 2281 quod
1646 2245 1758 2271 tamen
1780 2239 2019 2279 iniquissimum
2041 2244 2100 2270 est.

1443 2282 1567 2314 Idcirco
1590 2283 1697 2323 itaque
1713 2292 1812 2322 quum
1835 2281 1874 2312 de
1887 2281 2006 2312 damno
2024 2287 2134 2312 nostro
2153 2284 2209 2312 aut
2231 2279 2320 2312 luero

1359 2325 1466 2366 agitur
1488 2326 1650 2357 abstinere
1680 2335 1738 2356 nos
1759 2334 1779 2355 a
1807 2324 1938 2364 proprio
1961 2323 2080 2355 iudicio
2108 2332 2239 2355 0000550
2262 2328 2321 2361 est,

1359 2374 1390 2399 et
1413 2368 1483 2399 aliis
1496 2369 1613 2400 clarius
1632 2366 1815 2399 videntibus
1837 2366 1993 2398 iudicium
2013 2365 2137 2398 deferre
2159 2369 2192 2397 et
2204 2366 2322 2397 nostris

1359 2410 1527 2442 affectibus
1539 2412 1686 2442 fraenum
1706 2409 1939 2441 conficiendum
1952 2413 2011 2446 est,
2032 2420 2072 2440 ne
2091 2409 2119 2440 si
2137 2418 2244 2440 coram
2265 2407 2320 2439 ho-

1359 2453 1500 2485 minibus
1529 2454 1607 2485 iusti
1636 2453 1818 2489 videamur,
1848 2452 2045 2483 conscientia
2073 2456 2184 2483 tamen
2212 2461 2322 2483 coram

1361 2496 1429 2526 Deo
1460 2496 1582 2535 polluta
1612 2506 1671 2527 nos
1699 2500 1832 2535 arguat:
1864 2500 1901 2525 ut
1931 2505 1994 2526 000
2025 2494 2189 2525 immerito
2213 2492 2321 2525 David

1361 2538 1452 2569 nobis
1476 2538 1650 2570 imitandus
1669 2542 1866 2578 proponatur
1882 2537 2011 2577 duabus
2029 2537 2099 2568 istis
2129 2535 2320 2573 rationibus,

1360 2580 1469 2611 divino
1493 2588 1570 2621 puta
1593 2581 1717 2618 iudicio,
1746 2579 1861 2611 deinde
1882 2579 2051 2611 hominum
2075 2579 2225 2618 opinione
2247 2587 2322 2609 suos

1361 2623 1479 2655 milites
1502 2624 1536 2654 10
1559 2623 1666 2655 officio
1690 2623 1830 2654 retinere
1853 2628 1996 2654 conatus.
2021 2621 2104 2653 Nam
2128 2621 2213 2653 hanc
2236 2622 2320 2652 viam

1358 2667 1485 2706 sequuti
1506 2676 1671 2707 uunquam
1690 2665 1926 2697 aberrabimus:
1951 2675 1988 2697 ac
2006 2665 2081 2696 licet
2099 2665 2230 2704 impune
2254 2673 2322 2704 pee-
