2551 3044
128 182 190 213 453

128 290 190 319 quo
241 279 327 309 Deus
372 288 463 309 suam
511 277 723 318 praesentiam
772 276 932 316 pollicitus
974 276 1087 306 fuerat.

129 321 237 352 David
269 321 374 361 itaque
404 332 467 351 non
497 320 601 350 haesit
630 318 663 349 in
696 320 807 359 figura,
838 318 894 350 sed
923 317 962 349 ad
993 328 1087 348 suum
1113 326 1115 334 ‘¹

540 364 647 401 Atque
677 361 736 392 hac
767 361 890 392 ratione
918 360 1027 391 fideles
1050 360 1088 390 ab
1114 379 1116 397 1,

130 406 303 438 incredulis
327 406 358 436 in
383 405 532 436 omnibus
556 404 649 434 rebus
668 404 811 434 externis
831 410 859 434 et
881 403 1089 434 eaeremoniis
1114 398 1116 423 i

337 447 421 478 Nam
461 446 615 477 increduli
657 446 757 477 multa
798 446 857 477 sibi
896 447 1023 486 fingunt
1058 450 1116 475 etv

130 366 226 395 finem
258 364 344 394 illam
374 362 495 394 retulit.

130 449 292 480 differunt.

130 492 357 531 imaginantur,
390 500 471 529 quae
506 488 636 519 totidem
671 488 776 519 media
809 488 869 519 sibi
897 487 1090 528 persuadent

129 534 168 565 ad
192 533 297 564 Deum
322 530 545 571 persuadendi,
569 536 600 561 et
623 542 694 562 eum
720 531 780 562 sibi
804 530 1005 562 conciliandi.
1031 533 1090 561 At-

129 576 181 616 qui
206 586 266 606 non
292 575 365 605 licet
388 573 571 604 hominibus
594 573 716 605 cultum
741 574 878 614 aliquem
905 584 1022 604 novum
1045 573 1090 603 in-

129 619 260 649 ducere:
284 616 338 647 sed
362 617 447 647 inter
471 616 559 646 verbi
583 616 684 655 ipsius
699 616 951 656 mandataipsos
964 620 1090 656 oportet

128 660 310 692 subsistere.
369 658 647 697 Quemadmodum
691 658 783 690 hodie
823 660 966 699 papistae

128 704 263 743 figuram
288 712 360 733 cum
385 701 455 732 aliis
478 701 588 732 multis
611 702 761 738 retinent,
785 702 817 732 in
839 702 953 741 quibus
974 712 1088 741 purum

128 745 190 776 Dei
212 745 335 776 cultum
360 744 451 774 aiunt
474 744 658 782 consistere,
692 751 723 774 et
746 755 954 784 quaecunque
978 755 1088 783 super-

128 787 216 819 stitio
251 787 387 818 suaserit
409 791 596 826 sequuntur.
644 789 687 817 At
709 787 735 817 si
757 788 886 827 propius
906 787 1090 826 inquiratur

128 830 213 861 unde
243 830 324 861 ritus
354 829 408 859 isti
438 830 600 865 fluxerint,
635 840 740 860 meras
765 841 866 867 nugas
889 830 1090 860 inveniemus
1115 824 1117 855 i

128 883 207 910 esse,
232 883 310 912 quas
333 871 394 903 sibi
417 871 552 911 quisque
575 882 632 911 pro
652 872 786 903 libidine
806 873 915 903 fiuxit:
940 877 976 904 ut
995 873 1021 902 is
1042 872 1091 902 vir
1115 888 1117 892 x

128 915 231 946 bonus
254 921 286 946 et
308 919 437 945 sanetus
460 914 502 945 sit
525 914 738 954 existimatus,
763 915 815 955 qui
839 921 1009 946 externum
1033 914 1090 945 ali·
1116 944 1117 951 ,

129 968 222 998 quem
257 958 354 988 ritum
392 957 527 994 invexit,
565 963 596 987 et
634 958 737 997 magis
771 959 922 997 pietatem
957 964 1090 989 externo

127 1007 231 1041 gestu,
262 1000 334 1031 licet
358 999 455 1030 verbo
485 998 547 1030 Dei
572 1006 690 1040 spreto,
720 1001 895 1032 simulavit.
942 1001 1009 1032 Nos
1032 1001 1090 1030 ita-

127 1053 188 1083 que
218 1043 378 1074 discamus
410 1042 496 1073 iutra
518 1042 754 1083 simplicitatem
781 1043 870 1075 verbi
894 1042 993 1074 divini
1017 1053 1090 1075 0011-
1116 1068 1118 1075 ,

127 1088 248 1123 sistere,
284 1085 317 1115 in
346 1095 383 1115 00
414 1090 556 1115 nostram
587 1095 656 1116 esse
685 1086 819 1125 positam
852 1086 989 1117 salutem
1021 1097 1090 1126 per-

128 1129 225 1160 suasi.

129 1178 164 1202 ut
205 1170 354 1202 facillime
395 1170 570 1201 abutantur
609 1171 704 1202 verbo
739 1171 858 1209 divino,
903 1171 1010 1202 danda
1045 1176 1093 1202 est

129 1223 226 1253 opera
256 1218 290 1244 ut
314 1212 352 1243 ad
376 1217 498 1244 rectum
522 1214 619 1244 finem
643 1218 676 1244 et
698 1224 830 1254 scopum
854 1214 917 1245 Dei
941 1215 1094 1245 mandata

129 1257 316 1287 referamus.
362 1256 417 1286 Sic
441 1256 579 1296 exempli
603 1257 710 1296 gratia
732 1257 824 1288 multi
844 1257 946 1288 stulta
964 1267 1093 1297 supers-

129 1299 242 1329 titione
267 1297 415 1337 baptismi
439 1303 471 1329 et
493 1308 608 1329 coenae
632 1299 811 1338 legitimum
842 1300 971 1331 illorum
998 1310 1092 1331 usum

129 1345 349 1380 corrumpunt.
396 1340 461 1371 Alii
491 1342 576 1372 enim
608 1341 759 1372 fiduciam
789 1353 881 1373 suam
910 1343 943 1373 in
976 1342 1093 1373 visibili

130 1391 162 1415 et
184 1388 317 1414 externa
350 1385 453 1423 figura
476 1383 651 1415 collocant:
682 1384 736 1415 alii
761 1386 857 1416 etiam
881 1386 914 1416 in
939 1385 1094 1416 veneficia

131 1433 163 1457 et
193 1426 382 1466 praestigias
416 1432 619 1457 convertunt.
666 1427 732 1458 Nos
763 1438 840 1458 vero
871 1439 970 1468 quum
1002 1429 1094 1468 signa

130 1468 287 1509 quaedam
319 1469 499 1508 accepimus
528 1479 546 1499 a
578 1468 728 1507 Domino,
764 1470 876 1502 demus
906 1481 1035 1510 operam
1060 1476 1095 1501 ut

131 1513 228 1543 finem
252 1511 285 1541 in
308 1522 401 1551 quem
426 1521 444 1542 a
466 1512 537 1542 Deo
562 1513 726 1552 proposita
750 1520 827 1543 sunt
849 1514 1030 1550 intuentes,
1055 1513 1094 1544 ad

132 1555 225 1585 illum
249 1554 346 1584 etiam
370 1554 581 1586 collimemus.
627 1555 683 1586 Sic
706 1555 814 1586 David
837 1557 930 1596 signo
954 1557 1015 1587 isto
1039 1567 1095 1587 ex-

132 1603 224 1628 terno
250 1602 306 1629 est
339 1607 426 1628 usus,
472 1597 583 1637 Neque
611 1598 697 1628 enim
727 1598 824 1629 fidem
855 1609 946 1630 suam
978 1600 1009 1629 in
1041 1599 1095 1629 illo

133 1639 236 1679 ephod
260 1640 376 1679 posuit,
400 1640 455 1671 sed
478 1646 633 1680 tanquam
653 1641 794 1681 imagine
813 1648 846 1672 et
864 1642 957 1682 signo
976 1642 1097 1672 favoris

132 1688 165 1713 et
194 1681 394 1722 praesentiae
423 1683 553 1713 divinae
578 1693 654 1714 usus
677 1689 726 1714 est
749 1685 782 1714 in
805 1695 866 1724 quo
891 1695 953 1715 uon
977 1684 1097 1716 subsis-

133 1725 265 1756 tendum
288 1725 390 1762 scivit,
419 1725 473 1757 sed
498 1726 626 1766 longius
649 1726 895 1766 inspiciendum,
920 1738 1035 1766 nempe
1059 1726 1097 1757 ad

133 1767 342 1799 mediatorem
377 1778 477 1808 usque
514 1768 760 1808 assurgendum.
806 1770 905 1801 Hune
936 1771 969 1800 111
1000 1770 1097 1801 finem

131 1811 232 1851 igitur
262 1809 370 1841 David
401 1811 509 1841 afferri
540 1811 599 1842 sibi
631 1822 649 1842 a
672 1811 836 1843 sacerdote
861 1813 965 1852 ephod
990 1818 1099 1852 postu-

132 1853 223 1884 lavit.
268 1852 334 1884 Nos
363 1853 464 1893 igitur
495 1854 639 1885 externis
662 1855 763 1894 signis
785 1861 916 1886 utamur
939 1855 978 1885 ad
1002 1855 1098 1886 fidem

131 1896 291 1926 infirmam
306 1896 574 1927 confirmandam:
598 1896 654 1928 sed
665 1897 704 1927 ad
718 1897 824 1928 Deum
844 1908 971 1938 semper
991 1908 1098 1929 assur-

133 1948 246 1979 gamus
270 1943 300 1968 et
322 1938 426 1969 solum
450 1939 540 1970 illum
565 1950 774 1978 quaeramus:
805 1940 849 1970 ita
871 1941 897 1972 si
921 1942 991 1980 quis
1016 1951 1098 1980 quae

134 1981 189 2012 dat
220 1981 310 2012 nobis
339 1981 378 2012 ad
407 1981 481 2012 fidei
505 1982 795 2019 confirmationem,
821 1987 958 2019 utentes,
980 1994 1021 2014 ne
1044 1983 1099 2013 illa

135 2023 201 2054 sint
241 2024 331 2055 nobis
370 2025 477 2064 potius
511 2024 739 2064 impedimento
773 2036 869 2065 quam
905 2026 1098 2057 adiumento.

135 2066 238 2097 Porro
257 2067 353 2097 etiam
379 2067 431 2098 hie
454 2067 700 2103 observandum,
718 2068 876 2099 Davidem
901 2069 983 2099 nihil
1007 2074 1100 2099 extra

137 2109 336 2139 vocationem
369 2120 460 2141 suam
497 2110 644 2150 gessisse.
690 2110 774 2142 Nam
805 2112 964 2142 sacerdoti
995 2111 1100 2151 ephod

136 2151 275 2190 reliquit,
306 2152 389 2192 quod
420 2153 488 2192 ipse
520 2163 585 2184 non
614 2153 735 2194 attigit.
783 2154 836 2184 Ex
867 2165 930 2194 qua
963 2154 1100 2185 Davidis

137 2192 293 2225 modestia
323 2194 484 2226 diseamus
516 2196 601 2226 ultra
630 2206 816 2227 mensuram
841 2201 874 2227 et
898 2197 1100 2228 vocationem

139 2240 283 2267 nostram
304 2237 383 2268 nihil
400 2238 542 2278 aggredi,
569 2237 624 2269 sed
638 2239 678 2269 ad
696 2249 789 2278 quam
806 2239 941 2279 quisque
963 2240 1099 2271 vocatio-

139 2288 213 2309 nem
225 2278 321 2310 aDeo
333 2280 450 2311 electus
460 2286 518 2318 est,
538 2282 572 2311 in
584 2291 621 2312 ea
634 2291 667 2312 se
681 2287 837 2319 exerceat,
851 2286 884 2313 et
895 2282 972 2322 quid
986 2282 1100 2322 cuique

139 2320 227 2351 Deus
256 2323 421 2360 permittat
448 2323 695 2355 animadvertat.
741 2323 855 2355 Oziam
879 2335 988 2366 regem
1011 2325 1100 2356 suffi-

139 2369 208 2393 tum
238 2363 277 2394 ad
305 2364 404 2396 altare
434 2366 536 2397 faeere
567 2366 745 2404 volentem,
775 2371 807 2398 et
838 2378 911 2399 eum
943 2368 1099 2398 honorem

139 2405 194 2444 qui
218 2404 258 2436 ad
280 2406 384 2453 ipsum
408 2418 471 2439 non
495 2409 676 2448 pertinebat
698 2410 757 2441 sibi
780 2416 996 2451 arrogantem,
1012 2411 1100 2441 Deus

139 2452 296 2495 perpetua
313 2450 490 2489 ignominia
508 2455 540 2482 et
563 2451 716 2484 dedecore
739 2452 829 2492 lepra
852 2453 1005 2484 nimirum
1030 2463 1100 2492 per-

139 2494 248 2525 cussit,
281 2490 440 2538 Davidem
480 2498 592 2525 contra
625 2505 725 2534 quum
762 2495 900 2536 legimus
934 2495 1100 2535 reliquisse

139 2531 428 2581 sacerdotitephod
456 2536 541 2575 quod
571 2537 602 2567 in
633 2537 784 2568 manibus
812 2538 858 2569 illi
882 2537 971 2569 Deus
1001 2538 1100 2568 tradi-

141 2574 243 2622 derat,
272 2585 410 2608 selamus
440 2582 530 2609 tanta
559 2579 774 2612 sollieitudine
805 2586 835 2612 et
859 2581 1044 2612 reverentia
1066 2581 1099 2611 in

141 2617 203 2648 Del
221 2622 338 2649 timore
356 2619 545 2658 ambulasse,
568 2626 604 2653 ut
626 2622 708 2653 nihil
731 2633 902 2664 aggressus
925 2624 966 2654 sit
989 2628 1101 2655 contra

760 183 805 214 IN
832 183 855 214 Ι.
883 183 968 214 LIB.
994 182 1190 213 SAMUEL.
1215 182 1310 213 CAP.
1336 182 1466 214 XXIII.

270 1126 396 1158 Deinde
419 1128 571 1166 quoniam
595 1138 632 1158 ea
656 1135 704 1158 est
728 1128 896 1160 hominum
922 1129 1092 1160 infirmitas
1117 1139 1118 1146 ¹

2041 180 2103 210 454

1142 286 1232 306 suam
1257 277 1452 307 vocatiouem
1478 276 1577 307 aDeo
1601 277 1847 316 praescriptam:
1872 281 1904 306 et
1927 276 1957 306 in
1971 274 2101 306 Domini

1141 319 1262 349 auxilio
1290 325 1321 349 et
1352 319 1462 349 favore
1493 326 1523 349 et
1549 319 1777 355 benedictione,
1808 329 1903 358 quam
1929 318 2022 349 toties
2046 326 2102 348 ex-

1141 367 1251 399 pertus
1275 366 1343 391 erat
1365 372 1452 401 spem
1478 372 1569 392 suam
1594 362 1775 393 collocasse.
1820 361 1908 392 Hinc
1931 360 2103 396 diseamus,

1141 404 1166 433 si
1182 404 1286 434 Deum
1312 404 1484 443 propitium
1511 404 1628 435 habere
1652 405 1800 435 volumus
1823 409 1854 434 et
1878 404 1908 434 in
1934 403 2029 434 rebus
2052 402 2103 433 in-

1141 447 1235 477 certis
1259 446 1417 476 auxilium
1442 447 1542 486 ipsius
1566 447 1725 486 consequi,
1761 447 1799 477 ad
1824 446 1929 486 ipsum
1954 445 2102 486 precibus

1141 490 1328 528 confugere,
1366 496 1397 519 et
1427 490 1619 528 prepositum
1653 490 1743 520 nobis
1773 489 1812 520 ab
1844 489 1912 528 ipso
1944 489 2026 519 viam
2059 489 2103 518 ita

1115 561 1117 564 ,
1142 541 1286 570 premere
1307 542 1346 560 ne
1370 531 1408 561 ad
1433 532 1554 561 laevam
1579 538 1632 562 aut
1657 531 1801 563 dextram
1826 531 2048 562 deflectamus:
2073 535 2105 560 et

1143 584 1181 603 110
1205 573 1280 612 quid
1305 580 1423 604 temere
1447 575 1675 613 suscipiamus,
1710 580 1740 605 et
1763 584 1889 605 0111110111
1922 573 2102 613 superbiam

1115 651 1117 657 ,
1143 623 1174 646 et
1204 616 1421 655 arrogantiam
1449 617 1661 656 deponamus:
1693 617 1747 648 sed
1771 624 1882 647 contra
1905 627 1976 648 cum
2000 615 2104 646 humi-

1007 658 1117 689 hanc*

1143 658 1232 689 litate
1266 664 1298 688 et
1332 658 1501 696 modestia,
1537 666 1664 690 nostrae
1699 660 1863 690 tenuitatis
1894 659 2028 696 conscii,
2062 657 2102 688 ad

1115 701 1246 740 vipsum
1282 701 1487 732 accedamus:
1522 702 1663 740 persuasi
1697 713 1753 733 nos
1785 702 1979 741 propositam
2012 700 2103 731 nobis

1142 744 1228 773 viam
1253 744 1292 774 ab
1316 744 1384 783 ipso
1409 744 1602 780 insistentes,
1632 745 1730 785 ipsius
1755 745 1968 784 praesentiam
1993 749 2024 774 et
2047 754 2103 774 au-

1144 786 1254 816 xilium
1269 787 1300 816 in
1322 786 1416 817 rebus
1436 787 1621 817 necessariis
1640 789 1846 818 inventuros:
1865 793 1897 818 et
1916 797 1979 817 non
1999 786 2102 817 solum

1144 829 1267 859 facilem
1288 834 1320 859 et
1340 829 1512 868 benignum
1533 829 1623 859 illum
1644 841 1720 870 erga
1740 840 1796 860 nos
1819 829 1903 868 fore,
1926 828 1980 861 sed
2004 828 2102 859 etiam

1144 872 1182 902 ad
1208 872 1363 902 auxilium
1389 871 1477 902 nobis
1501 872 1667 902 ferendum
1693 873 1943 912 paratissimum.

1229 914 1296 944 Iam
1322 925 1399 944 vero
1423 914 1515 953 agite,
1538 917 1587 945 etc.

1380 1128 1622 1167 HOMILIA
1648 1127 1821 1166 LXXX]
1829 1128 1879 1166 II-

1232 1213 1259 1243 7.
1286 1212 1472 1243 Nuntiatum
1506 1215 1546 1243 est
1581 1215 1681 1243 [cittene
1715 1212 1826 1247 Sauli,
1862 1213 1942 1251 quod
1976 1213 2106 1244 venisset

1146 1255 1254 1287 David
1278 1255 1310 1286 in
1337 1255 1462 1293 Ceilam,
1494 1258 1520 1285 et
1544 1255 1589 1285 ait
1614 1254 1707 1285 ,S'auls
1734 1255 1877 1285 Tradidit
1901 1266 1968 1286 enm
1991 1255 2105 1287 Domi-

1146 1308 1205 1329 nus
1224 1298 1258 1329 in
1276 1308 1388 1328 manus
1407 1308 1500 1337 meas,
1524 1297 1738 1336 conclususque
1761 1300 1802 1327 est
1820 1298 1979 1337 ingressus
2001 1298 2106 1328 urbem

1146 1342 1181 1371 in
1210 1351 1271 1380 qua
1296 1343 1407 1380 portae
1435 1343 1460 1370 et
1489 1350 1576 1371 serae
1605 1342 1686 1371 sunt.
1733 1340 1760 1371 8.
1786 1340 1828 1371 Et
1846 1341 2004 1379 praeecpit
2027 1339 2106 1372 Saul

1147 1385 1230 1415 omni
1255 1384 1370 1424 populo
1399 1385 1431 1413 nt
1461 1384 1501 1413 cul
1526 1393 1664 1423 puynum
1698 1383 1885 1413 descenderet
1920 1383 1953 1414 in
1978 1382 2104 1419 Ceilam,

1148 1429 1173 1458 et
1205 1426 1352 1457 obsideret
1385 1426 1491 1457 David
1524 1428 1550 1456 et
1582 1426 1665 1456 viros
1699 1426 1773 1456 eius.
1830 1426 1857 1456 9.
1893 1426 1978 1465 Quod
2011 1436 2106 1465 qitum

1148 1469 1256 1501 David
1274 1469 1422 1508 rescisset,
1435 1469 1510 1507 quia
1519 1470 1721 1507 praepararet
1742 1469 1769 1498 ei
1785 1468 1861 1498 Saul
1882 1469 1959 1499 elam
1980 1469 2106 1505 malum,

1147 1512 1230 1543 dixit
1253 1511 1462 1543 aclAbiatliur
1484 1511 1679 1542 sacerdotem:
1704 1511 1835 1549 Applica
1848 1510 1969 1550 Eplzod.
2002 1511 2051 1542 10.
2064 1511 2106 1542 Et

1149 1556 1194 1586 ait
1217 1554 1339 1585 David:
1362 1554 1494 1584 Domine
1517 1554 1605 1584 Deus
1629 1553 1741 1591 Israel,
1764 1553 1884 1584 audivit
1904 1554 2023 1593 famam
2044 1565 2106 1585 ser-

1148 1608 1205 1629 vus
1234 1600 1316 1635 tusus,
1345 1597 1424 1635 quod
1455 1597 1596 1635 disponat
1620 1595 1699 1626 Saul
1725 1596 1827 1627 venire
1857 1597 1891 1626 in
1917 1596 2043 1634 Ceilarn,
2074 1600 2107 1627 ut

1149 1643 1271 1678 evertat,
1299 1639 1403 1670 urbem
1428 1641 1556 1678 propter
1585 1649 1638 1669 me.
1686 1639 1734 1669 11.
1770 1638 1806 1668 Si
1835 1639 1954 1669 tradent
1975 1649 2021 1670 me
2042 1639 2106 1670 viri

1152 1682 1257 1714 Ceilae
1287 1683 1319 1713 in
1350 1692 1460 1712 ritanus
1488 1681 1574 1712 eius?
1605 1684 1630 1711 et
1660 1682 1688 1711 si
1717 1681 1871 1712 descendet
1900 1681 1996 1721 Saul,
2029 1682 2107 1713 sicut

1150 1726 1270 1757 audivit
1297 1735 1404 1756 servus
1434 1727 1530 1755 tuus?
1575 1724 1708 1755 Domine
1736 1724 1823 1754 Deus
1854 1723 1971 1761 Israel,
2001 1724 2108 1756 indica

1149 1779 1234 1800 servo
1258 1771 1316 1799 tuo.
1361 1767 1404 1798 Et
1434 1768 1478 1798 ait
1501 1766 1675 1797 Dominus:
1702 1766 1872 1797 Deseendet.
1916 1766 1964 1797 12.
1996 1766 2106 1798 Dixit-

1149 1822 1206 1851 que
1228 1811 1350 1843 David.-
1379 1809 1414 1841 Si
1443 1810 1561 1840 tradent
1590 1820 1636 1839 me
1664 1809 1726 1840 viri
1751 1808 1861 1847 Cellae,
1891 1812 1917 1839 et
1947 1809 2031 1840 viros
2053 1811 2108 1849 qui

1149 1857 1221 1885 sunt
1249 1863 1373 1893 meeum,
1402 1854 1435 1883 in
1464 1863 1575 1883 manus
1606 1851 1709 1883 Saul?
1754 1851 1797 1882 Et
1826 1852 1907 1882 dixit
1934 1851 2108 1883 Dominus:

1154 1896 1297 1928 Tradent.
1334 1896 1382 1926 13.
1409 1895 1550 1926 Surrecit
1573 1905 1641 1934 eryo
1664 1894 1771 1925 David
1794 1896 1819 1924 et
1840 1894 1904 1924 viri
1925 1895 1992 1924 eius
2015 1896 2108 1934 quasi

1150 1940 1289 1975 sexcenti,
1314 1942 1341 1969 et
1363 1938 1477 1978 eyressi
1500 1938 1535 1968 (le
1549 1937 1642 1974 Cella,
1665 1937 1722 1967 leue
1744 1939 1833 1975 atque
1854 1936 1927 1968 illue
1950 1937 2106 1976 vayaban-

1150 1985 1200 2013 tur
1233 1982 1360 2019 incerti,
1399 1981 1632 2019 nuntiatumque
1665 1982 1708 2011 est
1742 1978 1834 2010 Sauli
1867 1980 1946 2018 quod
1978 1980 2108 2019 fuyisset

1151 2024 1259 2056 David
1277 2025 1313 2055 cle
1327 2024 1421 2056 Ceilu,
1444 2026 1470 2053 et
1493 2023 1634 2053 salvatus
1651 2025 1735 2059 esset,
1759 2032 1851 2060 quam
1872 2022 1906 2052 ol)
1928 2032 1993 2052 rem
2015 2023 2108 2054 dissi-

1150 2067 1281 2098 mulavit
1299 2067 1391 2097 exire.
1427 2065 1672 2096 14.]110rai«tur
1695 2067 1795 2095 aulem
1809 2064 1914 2095 David
1937 2065 1970 2095 in
1992 2065 2109 2096 deserto

1151 2111 1186 2141 in
1215 2110 1288 2140 loeis
1318 2109 1520 2148 firmissimis,
1552 2108 1722 2146 mansitque
1754 2107 1785 2137 in
1813 2109 1909 2138 monte
1932 2107 2110 2139 solitudinis

1153 2152 1251 2192 Ziph:
1278 2151 1439 2191 quaerebat
1470 2161 1536 2182 eum
1565 2153 1663 2181 tamen
1695 2149 1773 2180 Saul
1803 2150 1917 2180 cunctis
1946 2150 2053 2181 diebus
2084 2154 2109 2181 et

1151 2206 1212 2227 non
1239 2195 1371 2225 tradidit
1400 2204 1468 2224 eum
1491 2193 1645 2224 Dominus
1676 2193 1707 2223 in
1735 2202 1847 2222 manus
1870 2192 1946 2223 eius.
1994 2193 2042 2224 15.
2067 2193 2109 2223 Et

1150 2238 1228 2269 vidit
1247 2237 1355 2268 David
1377 2237 1456 2276 quod
1478 2246 1616 2275 egyressus
1639 2237 1712 2266 esset
1737 2234 1816 2266 Saul
1838 2237 1871 2265 ut
1892 2238 2016 2274 quaeret
2038 2237 2108 2266 ani-

1151 2291 1232 2312 mum
1262 2280 1338 2311 eius.
1401 2279 1498 2310 Porro
1527 2278 1634 2309 David
1663 2280 1728 2308 erat
1758 2278 1792 2308 in
1821 2277 1936 2308 deserto
1966 2278 2048 2317 Ziph
2077 2279 2110 2309 in

1150 2324 1246 2363 sylva.
1294 2322 1341 2353 16.
1368 2322 1410 2352 Et
1432 2322 1570 2353 surrexit
1594 2320 1741 2351 Ionathas
1760 2320 1849 2359 filius
1872 2319 1959 2358 Saul,
1983 2324 2010 2351 et
2033 2321 2110 2352 abiit

1152 2367 1193 2397 acl
1215 2365 1324 2397 David
1353 2365 1387 2395 in
1416 2365 1545 2404 sylvam,
1575 2366 1601 2395 et
1629 2363 1810 2402 confortavit
1837 2373 1950 2394 manus
1980 2364 2047 2394 eius
2076 2365 2111 2394 in

1150 2408 1224 2440 Deo.
1260 2407 1309 2438 17.
1323 2407 1474 2446 Dixitque
1493 2408 1535 2438 ei:
1560 2406 1607 2437 Ne
1625 2407 1748 2436 timeas:
1765 2415 1861 2444 neque
1878 2406 1961 2437 enirn
1980 2406 2111 2437 inveniet

1151 2454 1176 2482 te
1194 2460 1306 2481 manus
1320 2449 1400 2481 Saul
1412 2450 1518 2488 patris
1536 2450 1610 2480 mei:
1627 2451 1653 2479 et
1675 2451 1708 2479 tu
1730 2448 1872 2488 reynabis
1891 2458 1983 2488 super
1996 2449 2110 2487 Israel,

1150 2496 1177 2525 et
1199 2503 1250 2533 eqo
1272 2502 1322 2523 ero
1345 2492 1400 2523 tibi
1422 2493 1589 2523 secundus:
1611 2491 1664 2522 sed
1687 2493 1713 2521 et
1737 2490 1815 2521 Saul
1832 2493 1924 2530 pater
1947 2501 2033 2523 meus
2055 2492 2111 2523 seit

1151 2536 1213 2568 hoe.
1246 2535 1293 2565 18.
1314 2534 1472 2566 Percussit
1490 2545 1557 2575 erqo
1575 2537 1698 2573 uterque
1719 2533 1826 2572 foedus
1843 2543 1946 2565 coram
1957 2534 2109 2565 Domino:

1151 2578 1321 2617 mansitque
1343 2577 1452 2609 David
1482 2578 1514 2608 in
1544 2577 1640 2617 sylva,
1673 2576 1825 2608 Ionathas
1847 2579 1948 2608 autem
1970 2587 2111 2608 reversus

1150 2625 1194 2653 est
1214 2621 1248 2652 in
1269 2620 1392 2652 domum
1413 2630 1512 2652 suam.

1853 2669 1902 2695 29⁸
