2551 3044
355 214 418 244 *³⁰3

355 308 484 348 stipites
508 314 677 336 staremus.
714 302 778 334 Sed
798 313 895 342 quum
921 309 1064 333 extrema
1084 299 1200 340 quibus
1224 309 1319 339 urge-

357 361 428 381 mur
453 347 595 389 pericula
619 347 770 377 novimus
794 351 826 377 et
849 346 1018 378 sentimus,
1045 350 1074 374 et
1100 342 1163 373 illis
1187 342 1319 372 excitati

358 393 397 424 ad
422 392 528 423 Deum
551 390 765 430 confugimus,
789 395 858 419 tum
882 388 961 419 satis
985 387 1124 426 amplam
1150 384 1319 415 materiam

359 435 514 467 habemus
538 432 774 470 consolationis,
797 440 859 471 qua
878 431 1001 462 cunctis
1021 427 1252 460 tentationibus
1271 437 1320 457 re-

358 479 519 509 sistamus.

358 532 421 561 qua
445 531 556 551 sumus
583 518 717 558 experti,
749 524 779 548 et
809 517 844 547 in
867 515 929 547 alia
953 525 1118 556 speremus
1143 524 1205 543 non
1230 512 1318 543 defu-

359 573 483 595 turam:
507 573 543 594 ac
568 561 712 602 persuasi
732 560 834 591 simus
849 558 954 590 Deum
975 558 1028 598 qui
1048 568 1086 588 ex
1106 556 1161 587 illo
1179 555 1320 596 periculo

360 617 418 638 nos
442 606 562 646 eripuit
589 615 629 636 ex
660 604 720 635 hoc
748 603 847 634 etiam
877 609 1072 641 erepturum.
1119 599 1202 630 Nam
1231 608 1319 629 sum-

359 659 450 680 mum
474 648 643 688 imperium
664 646 753 677 Deus
771 645 893 676 obtinet
918 646 950 675 in
970 654 1080 674 omnes
1103 652 1156 672 res
1179 646 1319 672 creatas}

359 703 395 724 ac
426 691 560 732 proinde
591 694 783 730 potestatem
814 687 904 719 nobis
929 686 1086 718 adversus
1109 694 1320 724 quaecunque

360 742 482 766 metum
506 733 676 765 intulerint
700 731 857 763 auxilium
883 729 1023 761 ferendi:
1048 738 1143 768 quam
1169 729 1238 757 sine
1261 726 1319 756 du-

361 778 413 809 bio
437 788 455 808 a
479 777 570 808 nobis
593 776 760 807 invocatus
790 780 932 805 exseret:
963 771 1054 803 modo
1079 778 1112 801 ut
1144 776 1266 810 patrem
1289 773 1321 800 et

361 827 560 852 servatorem
585 820 691 859 ipsum
713 826 927 858 agnoscamus
951 822 981 846 et
1005 822 1189 854 precemur:
1219 822 1320 852 quan-

361 863 530 903 doquidem
560 861 776 893 certissimum
806 865 854 890 est
885 859 988 898 ipsum
1017 866 1148 888 suorum
1180 855 1320 886 filiorum

361 907 534 937 utilitatem
560 910 687 935 tantum
710 908 742 934 et
765 902 965 933 commodum
990 910 1151 940 quaerere.
1198 897 1319 936 Quam-

361 949 471 980 obrem
495 948 569 979 licet
582 947 643 978 Dei
666 946 830 987 egregiam
854 954 929 984 erga
953 953 1010 974 nos
1034 942 1231 972 voluntatem
1255 951 1322 971 non

362 993 465 1023 simus
488 990 613 1031 experti
636 989 785 1020 omnibus
808 987 920 1024 modis,
944 986 1081 1017 sufficiat
1105 985 1196 1015 nobis
1219 989 1322 1014 certo-

360 1045 422 1075 que
445 1033 590 1074 persuasi
613 1033 722 1067 simus.
755 1041 810 1062 nos
833 1030 860 1060 si
883 1040 901 1060 a
923 1028 1045 1059 dextris
1073 1028 1140 1058 eius
1164 1026 1321 1057 auxilium

359 1077 530 1113 sensimus,
553 1076 651 1107 etiam
675 1086 693 1106 a
716 1073 855 1106 sinistris
882 1082 1041 1109 sensuros,
1065 1076 1097 1101 et
1116 1080 1154 1101 ex
1175 1069 1323 1100 omnibns

359 1120 511 1162 periculis
536 1124 602 1150 tam
626 1117 762 1148 terrenis
785 1125 882 1156 quam
904 1115 1006 1145 aereis
1029 1118 1174 1151 ereptum
1198 1112 1248 1143 iri.

447 1162 603 1202 Sequitur
625 1161 790 1199 deinceps:
820 1157 863 1189 Et
884 1158 985 1189 induit
1010 1156 1086 1187 Saul
1104 1155 1211 1186 David
1233 1154 1323 1185 vesti-

362 1206 472 1238 mentis
494 1205 572 1242 suis,
603 1206 628 1234 et
657 1202 804 1242 imposuit
824 1201 945 1241 yaleam
973 1209 1094 1230 aeream
1123 1208 1216 1237 super
1233 1198 1325 1236 eaput

363 1250 439 1285 eius,
470 1251 497 1279 et
526 1246 644 1278 vestivit
674 1256 742 1277 eum
770 1244 876 1276 lorica.
927 1243 1088 1274 siccine—tus
1117 1251 1186 1280 eryo
1217 1240 1325 1271 David

360 1291 468 1333 ylaclio
492 1291 560 1321 eius
588 1299 682 1328 super
704 1290 813 1319 vestem
835 1296 934 1321 suam,
965 1285 1056 1324 coepit
1086 1287 1200 1315 tentare
1223 1284 1252 1314 si
1272 1293 1325 1313 ar-

363 1337 466 1366 matus
481 1335 584 1373 posset
599 1331 746 1363 incedere:
764 1330 917 1361 nonenim
929 1326 1326 1360 habebatconsuetudinem:
1351 1330 1353 1338 ‘

363 1377 502 1415 dixitque
530 1374 638 1407 David
667 1373 709 1404 ad
733 1372 826 1404 Saul:
856 1371 926 1403 Xon
949 1380 1078 1410 possum
1111 1370 1155 1401 sic
1181 1369 1325 1406 incedere,

364 1420 441 1460 quia
464 1428 556 1450 usum
579 1427 639 1448 non
660 1416 758 1451 babeo.
781 1418 807 1447 et
829 1415 969 1453 deposuit
991 1424 1036 1444 ea.
1083 1413 1124 1443 Et
1146 1411 1214 1443 tulit
1234 1412 1325 1443 bocu-

363 1463 429 1494 lum
451 1471 543 1493 suum
566 1470 654 1500 quem
676 1468 794 1498 semper
817 1457 943 1488 habebat
963 1456 994 1486 in
1016 1456 1167 1493 manibus,
1190 1458 1217 1486 et
1239 1454 1327 1494 eleyit

363 1505 423 1536 sibi
446 1504 579 1544 quinque
602 1501 840 1541 limpidissimos
861 1499 981 1539 lapides
1004 1499 1039 1529 (Ie
1057 1501 1200 1529 torrente:
1223 1500 1249 1528 et
1271 1497 1327 1527 mi-

364 1548 405 1579 sie
428 1557 479 1578 eos
508 1547 541 1577 in
566 1555 678 1585 peram
702 1543 891 1584 pastoralem
914 1552 1007 1582 quam
1030 1541 1154 1572 habebat
1177 1550 1277 1571 seeum
1301 1542 1328 1570 et

363 1590 496 1631 fundam
516 1599 610 1619 manu
629 1588 715 1618 malit.-
738 1589 765 1617 εἰ
783 1586 931 1625 processit
950 1585 1097 1615 adversus
1110 1583 1326 1614 Philistaezmz.

365 1633 430 1665 Hic
454 1633 486 1663 in
509 1631 621 1672 primis
644 1630 818 1670 quaeritur,
843 1627 1002 1668 quomodo
1028 1626 1134 1657 Saulis
1157 1636 1246 1657 arma
1261 1626 1326 1657 Da-

365 1675 433 1707 vidi
466 1682 576 1714 aptata
610 1674 690 1709 sint,
724 1670 981 1712 quandoquidem
1012 1670 1090 1700 Saul
1125 1675 1210 1707 crat,
1245 1669 1327 1699 sieut

365 1719 462 1750 huius
487 1717 640 1748 historiae
665 1715 757 1746 initio
782 1714 903 1745 dictum
928 1719 985 1749 est,
1009 1713 1149 1752 ingentis
1169 1718 1327 1743 staturae:

365 1760 477 1792 David
501 1766 610 1791 autem
634 1758 739 1789 adhuc
763 1756 890 1788 iuvenis
914 1756 1009 1796 longe
1041 1755 1184 1785 minoris.
1230 1754 1329 1786 Nulla

366 1805 476 1843 itaque
499 1801 728 1833 convenientia
747 1800 883 1831 duorum
903 1799 1037 1830 istorum
1056 1808 1236 1837 corporum.
1262 1797 1327 1828 Sed

365 1846 442 1887 quid
466 1844 599 1885 impedit
621 1843 792 1884 quominus
815 1852 904 1873 arma
923 1847 1103 1880 temporum
1123 1840 1251 1870 illorum
1276 1851 1327 1870 ru-

364 1889 417 1920 dia
436 1894 468 1920 ct
487 1887 645 1919 crassiora
663 1886 838 1917 convenire
856 1885 1019 1925 potuerint
1033 1883 1167 1914 minoris
1186 1889 1328 1913 staturae

364 1930 494 1973 quidem
519 1929 655 1967 homini,
687 1928 742 1960 sed
773 1933 882 1959 tamen
906 1938 970 1958 non
993 1927 1102 1957 minus
1125 1926 1200 1956 forti
1224 1932 1254 1955 et
1278 1936 1328 1956 ro-

365 1974 480 2006 busto?
507 1973 614 2004 David
634 1973 741 2011 itaque
762 1971 837 2002 licet
858 1975 982 2001 statura
1002 1969 1107 1999 minor
1120 1968 1227 2006 Saule,
1247 1969 1329 1999 ferre
1355 1967 1357 1988 ἴ

366 2022 474 2048 tamen
505 2017 574 2047 eius
604 2015 728 2055 galeam
759 2018 790 2045 et
813 2013 968 2053 reliquam
993 2017 1190 2043 armaturam
1214 2011 1328 2050 potuit.
1355 2026 1357 2032 v

369 2059 589 2092 Nihilominus
613 2066 720 2088 tamen
740 2055 847 2087 David
869 2065 998 2086 omnem
1021 2054 1109 2085 illam
1133 2060 1329 2084 armaturam
1356 2059 1357 2062 ’

370 2111 524 2142 tanquam
545 2101 702 2139 inutilem,
722 2106 754 2131 et
772 2109 854 2139 quae
873 2097 1102 2138 impedimento
1123 2097 1226 2136 potius
1239 2102 1330 2133 essct,

371 2145 500 2176 abiecit:
529 2150 561 2174 et
584 2149 737 2183 tanquam
761 2142 900 2173 rusticus
924 2150 997 2171 cum
1026 2139 1147 2177 baculo,
1177 2138 1275 2170 funda
1299 2147 1331 2169 et

368 2188 528 2228 lapidibus
559 2186 714 2218 adversus
753 2185 925 2215 immanem
954 2183 1045 2214 illum
1069 2183 1233 2223 gigantem
1258 2191 1329 2221 pro·
1356 2197 1357 2206 π

369 2241 498 2271 gressus
522 2236 580 2260 est.
627 2230 713 2260 Sane
737 2238 800 2258 non
824 2232 872 2258 est
895 2226 1025 2257 dubium
1050 2225 1127 2265 quin
1154 2224 1213 2255 Dei
1237 2224 1329 2264 spiri-

370 2281 421 2305 tus
455 2273 545 2304 illum
580 2271 755 2312 impulerit,
789 2275 821 2301 et
854 2269 1005 2300 omnibus
1034 2268 1098 2299 illis
1129 2268 1227 2298 armis
1257 2267 1329 2297 exui

371 2316 518 2353 voluerit,
550 2326 589 2346 nc
618 2314 754 2345 victoria
777 2311 958 2344 fortitudini
981 2311 1149 2342 hominum
1174 2309 1332 2340 tribuere-

370 2365 432 2395 tur,
457 2358 511 2390 scd
536 2359 631 2389 unius
656 2357 715 2387 Dei
746 2366 827 2395 opus
857 2360 1094 2395 agnosceretur,
1123 2352 1331 2392 quemadmo-

370 2402 446 2433 dum
482 2401 626 2441 pluribus
657 2400 743 2430 infra
773 2398 887 2430 dicturi
919 2407 1040 2428 sumus.
1086 2395 1193 2426 David
1224 2395 1331 2434 itaque

371 2444 481 2477 Saulis
505 2444 602 2474 armis
626 2442 767 2478 abiectis,
792 2440 902 2472 baculo
922 2450 979 2471 suo
999 2438 1162 2480 pastorali,
1183 2437 1281 2469 funda
1300 2442 1332 2468 et

372 2487 532 2527 lapidibus
555 2491 727 2517 contentus
758 2485 790 2514 in
822 2489 983 2515 certamen
1009 2481 1223 2522 progreditur.
1269 2479 1331 2511 Hic

371 2541 448 2561 vero
478 2530 503 2560 si
535 2529 605 2569 quis
635 2528 802 2567 allegorias
834 2525 1037 2567 quaesiverit,
1068 2533 1099 2555 et
1133 2524 1331 2555 subtiliorem

371 2573 612 2612 expositionem,
643 2577 722 2611 puta
744 2570 885 2609 quinque
909 2569 979 2600 illos
1003 2567 1128 2607 lapillos
1151 2566 1332 2603 siguificare

372 2616 512 2655 quinque
543 2614 641 2645 libros
665 2612 774 2649 Mosis,
805 2612 835 2643 id
866 2617 915 2643 est
945 2611 1059 2651 legem.
1105 2610 1149 2641 Et
1171 2607 1331 2640 Davidem

372 2657 439 2688 sola
473 2657 533 2688 fide
567 2656 665 2688 fuisse
700 2661 870 2686 armatum.
917 2654 960 2686 Et
994 2653 1113 2693 positos
1144 2651 1270 2692 lapillos
1299 2651 1331 2682 in

1170 204 1372 236 HOMILIA
1395 204 1525 236 LXIII.

565 477 737 508 Caeterum
761 475 787 506 si
812 474 871 505 Dei
896 474 1071 504 bonitatem
1096 472 1127 502 in
1153 476 1242 510 parte
1265 470 1320 500 ali·
1346 498 1347 507 ,

2277 206 2342 238 224

1346 300 1347 303 ’
1373 308 1459 338 pera,
1478 298 1662 338 significare
1681 299 1909 331 conscientiam
1929 304 2083 338 tanquam
2103 298 2177 330 fidei
2192 299 2334 331 thecam:

1346 351 1347 354 ¹
1373 341 1507 372 ridicule
1539 342 1658 379 feeerit,
1693 349 1725 373 ct
1755 342 1793 374 de
1823 352 1932 373 sacrae
1963 342 2141 381 scripturae
2164 342 2336 374 autoritate

1346 368 1349 420 1
1373 383 1563 414 tantundem
1587 383 1773 416 detraxerit.
1819 385 1932 424 Neque
1963 385 2049 414 enim
2079 383 2125 414 ita
2155 383 2337 416 ludendum

1346 434 1348 445 >
1373 433 1421 457 est
1450 427 1482 457 in
1514 427 1622 464 sacris,
1654 437 1735 467 quae
1765 437 1838 459 cum
1871 426 2076 466 simplicitate
2099 434 2131 458 et
2154 427 2337 458 reverentia

1374 475 1451 500 sunt
1473 469 1675 509 explicanda.
1719 470 1807 502 Sanc
1838 471 1891 510 qui
1921 469 2066 501 delicatis
2096 475 2173 500 sunt
2202 469 2336 501 auribus

1374 511 1554 543 istiusmodi
1585 513 1841 552 expositionibus
1869 512 2082 551 delectantur,
2115 522 2196 552 quas
2227 517 2337 543 tamen

1374 561 1528 595 tanquam
1563 555 1648 586 luem
1683 555 1833 588 infestam
1867 557 1977 596 fugere
2012 554 2174 587 debemus.
2227 553 2338 594 Quare

1374 598 1426 629 bic
1461 597 1550 629 nobis
1584 598 1723 629 sufficiat
1756 599 1887 635 discere,
1924 599 2029 629 Deum
2063 607 2210 629 servasse
2242 607 2340 630 suum

1346 667 1347 689 ἕ
1373 640 1530 681 populum
1554 640 1622 672 sine
1645 651 1739 681 opere
1763 641 1913 679 humano,
1946 646 1981 671 ut
2004 645 2090 671 esset
2112 641 2213 680 ipsius
2236 640 2340 681 gloria

1375 684 1479 731 longe¹
1493 683 1656 721 celebrior,
1686 689 1719 715 et
1741 683 1925 716 hominibus
1948 683 2054 715 omnis
2077 683 2202 715 occasio
2225 693 2338 723 super-

1374 726 1481 757 biendi
1502 736 1640 765 suasque
1663 725 1773 758 laudes
1796 726 2002 767 praedicandi
2033 725 2218 757 tolleretur:
2253 725 2338 766 quod

1374 769 1525 817 deinceps
1555 769 1661 808 ipsum
1691 768 1849 801 Davidem
1887 769 2124 810 praedicantem
2159 768 2338 800 audiemus.

1375 812 1444 843 Etffl
1469 821 1546 842 vero
1566 821 1798 852 nonnunquam
1812 813 1900 844 Deus
1920 812 2051 843 adhibet
2073 817 2211 843 externa
2232 810 2340 843 media

1374 855 1490 902 quibus
1520 854 1553 884 in
1584 854 1736 894 periculis
1766 855 1965 893 adiuvemur,
2001 860 2109 885 tamen
2139 854 2179 885 ad
2203 864 2257 885 eas
2280 864 2339 885 an-

1375 905 1499 937 gustias
1524 896 1650 937 redigit,
1673 902 1709 928 ut
1731 898 1880 930 omnibus
1903 897 2048 929 destituti
2072 897 2224 928 humanis
2246 896 2340 928 auxi·

1376 941 1426 971 liis
1458 940 1554 971 morti
1583 940 1721 980 proximi
1749 941 1927 981 videamur,
1958 945 1989 972 et
2020 940 2094 972 licet
2123 939 2338 979 undequaque

1375 982 1673 1022 circumspiciamus
1688 982 1812 1014 nullum
1830 989 1936 1015 tamen
1961 988 2116 1024 appareat
2138 982 2178 1014 ab
2201 981 2338 1014 homini—

1376 1027 1434 1058 bus
1457 1025 1627 1056 auxilium.
1673 1024 1758 1064 Quid
1786 1026 1831 1058 ita
1863 1037 1937 1058 vero
1961 1026 2051 1058 Deus
2074 1036 2151 1058 suos
2174 1025 2208 1056 in
2232 1029 2340 1056 tantas

1376 1069 1544 1109 angustias
1567 1067 1718 1100 coniicit?
1741 1068 1866 1109 Nempe
1889 1074 1924 1100 ut
1944 1070 2075 1100 firmum
2094 1068 2180 1100 istud
2199 1067 2340 1099 retinea-

1376 1116 1429 1143 tur
1451 1109 1711 1151 fundamentum,
1733 1111 1881 1143 ecclesiae
1901 1112 2039 1143 salutem
2058 1111 2220 1142 aDomini
2239 1120 2341 1142 manu

1377 1154 1445 1186 sola
1468 1153 1633 1194 proficisci,
1653 1164 1748 1194 quam
1767 1154 1858 1186 miris
1877 1155 1979 1186 modis
1998 1160 2030 1186 et
2049 1153 2250 1186 miraculosis
2267 1152 2341 1184 vult

1377 1206 1579 1230 conservare.
1626 1195 1713 1228 Sane
1733 1207 1826 1228 nemo
1856 1203 1954 1238 negat
1976 1198 2138 1230 obsessam
2162 1197 2341 1235 civitatem,

1350 1266 1352 1294 ἶ
1378 1245 1409 1272 et
1433 1249 1497 1271 non
1520 1244 1648 1279 captam
1671 1239 1711 1270 ab
1731 1239 1888 1279 hostibus
1918 1240 2028 1272 divino
2052 1240 2206 1272 beneficio
2229 1248 2342 1279 accep·

1379 1289 1445 1314 tam
1480 1282 1705 1313 liberationem
1738 1283 1850 1314 referri
1884 1289 2041 1323 oportere.
2098 1283 2142 1314 Et-
2182 1282 2340 1314 victorem

1379 1326 1569 1366 principem,
1600 1335 1637 1356 ae
1660 1324 1699 1356 de
1722 1325 1788 1356 suis
1810 1325 1956 1358 hostibus
1980 1325 2245 1366 triumphantem,
2270 1323 2342 1356 Deo

1379 1369 1548 1400 victoriam
1580 1367 1706 1406 debere,
1739 1368 1813 1400 licet
1843 1369 1982 1400 militum
2013 1368 2144 1410 egregia
2173 1368 2278 1399 virtus
2309 1369 2344 1398 et.

1379 1411 1534 1442 fortitudo
1557 1410 1664 1450 suerit,
1687 1415 1810 1442 certum
1833 1416 1891 1443 est.
1938 1411 2002 1443 Sed
2025 1417 2061 1442 ut-
2083 1411 2166 1443 solet
2179 1410 2268 1442 Deus
2291 1419 2344 1442 res

1379 1455 1458 1486 istas
1481 1460 1626 1485 terrenas
1649 1452 1882 1493 administrare,
1905 1454 1950 1486 sic
1973 1454 2044 1486 vult
2066 1454 2100 1485 in
2119 1453 2254 1485 ecclesia
2271 1462 2345 1493 spe-

1379 1497 1477 1529 ciales
1500 1496 1655 1536 quasdam
1678 1507 1747 1528 esse
1770 1502 1862 1529 notas
1884 1497 2001 1537 quibus
2024 1508 2042 1528 a
2070 1496 2205 1536 reliquis
2227 1494 2344 1527 mundi

1352 1581 1353 1590 ἵ
1380 1540 1516 1571 statibus
1548 1538 1756 1578 discernatur,
1785 1545 1818 1571 et
1846 1539 1885 1571 ab
1916 1540 2064 1572 omnibus
2098 1537 2342 1580 temporalibus.

1353 1624 1355 1626 η
1380 1583 1464 1614 Nam
1487 1583 1545 1614 etsi
1566 1582 1628 1613 Dei
1651 1582 1854 1622 providentia
1875 1583 1908 1614 in
1931 1593 2043 1615 omnes
2065 1593 2117 1614 res
2140 1587 2265 1613 creatas
2287 1591 2345 1613 ex·

1381 1625 1548 1663 tendatur,
1581 1635 1644 1656 non
1673 1625 1705 1656 in
1736 1624 1881 1657 homines
1912 1630 2056 1657 tantum:
2090 1625 2244 1657 eeclesiae
2266 1634 2345 1656 suae

1381 1675 1499 1705 tamen,
1523 1668 1615 1699 cuius
1638 1672 1798 1708 protector
1820 1673 1852 1699 et
1875 1667 2024 1700 defensor
2054 1673 2113 1706 est,
2143 1667 2344 1708 singularem

1381 1722 1492 1743 euram
1522 1711 1623 1752 gerit:
1653 1721 1734 1750 quae
1763 1710 1907 1742 doctrina
1938 1717 2003 1742 tam
2028 1711 2182 1751 frequens
2204 1714 2253 1742 est
2275 1714 2344 1741 tota

1382 1754 1502 1795 passim
1525 1754 1694 1794 scriptura,
1717 1759 1754 1784 ut
1775 1763 1813 1786 ea
1834 1765 1892 1785 nos
1915 1753 2011 1794 plane
2033 1754 2174 1786 imbutos
2193 1763 2263 1785 esse
2285 1762 2343 1784 ne-

1382 1808 1470 1846 cesse
1494 1796 1544 1828 sit.
1590 1796 1697 1828 Medis
1720 1797 1818 1837 igitur
1840 1796 2106 1829 extraordinariis
2129 1797 2220 1828 Deus
2241 1795 2343 1828 eccle-

1382 1850 1463 1871 s1am
1486 1850 1579 1871 suam
1602 1844 1774 1871 conservat
1795 1843 1826 1871 et
1850 1844 1968 1878 tuetur,
1996 1845 2033 1870 ut
2058 1840 2097 1871 ab
2122 1840 2224 1880 ipsius
2246 1838 2345 1870 unius

1382 1884 1503 1914 virtute
1536 1882 1674 1914 salutem
1705 1882 1806 1922 ipsius
1836 1893 1968 1914 manare
1991 1883 2146 1914 sciamus:
2179 1887 2212 1913 et
2233 1881 2346 1913 multis

1355 1925 1564 1966 ,insignibus
1599 1925 1756 1965 exemplis
1789 1927 1853 1956 iam
1877 1936 1895 1957 a
1917 1925 2028 1957 multis
2069 1925 2205 1956 saeculis
2238 1929 2343 1956 ratam

1382 1969 1466 2000 hanc
1490 1968 1669 2000 doctrinam
1689 1968 1778 1999 fecit:
1802 1967 1857 2000 sed
1881 1968 1964 2008 quod
1985 1968 2044 2000 hoc
2064 1968 2133 1999 loeo
2152 1967 2344 2008 proponitur

1383 2022 1449 2042 non
1472 2011 1622 2042 ultimum
1644 2011 1729 2042 inter
1751 2011 1814 2042 alia
1832 2010 1937 2042 locum
1958 2010 2049 2042 debet
2070 2010 2224 2042 obtinere.
2258 2009 2345 2041 Nam

1383 2055 1549 2085 intuemur
1569 2054 1622 2085 hic
1645 2054 1799 2094 populum
1822 2053 2032 2085 israeliticum
2051 2059 2254 2091 trementem,
2277 2062 2344 2084 non

1356 2100 1357 2134 1
1384 2103 1510 2128 tantum
1533 2096 1573 2127 ad
1597 2102 1761 2137 aspectum
1785 2106 1974 2128 numerosae
1998 2095 2138 2127 hostium
2160 2095 2344 2126 multitudi-

1385 2140 1444 2177 nis,
1468 2146 1499 2170 et
1523 2150 1696 2177 armorum,
1720 2139 1775 2171 sed
1798 2140 1893 2170 etiam
1917 2138 1956 2170 ad
1975 2139 2072 2171 unius
2090 2139 2182 2170 istius
2201 2137 2345 2170 hominis

1356 2224 1357 2230 ἵ
1384 2184 1556 2213 intuitum:
1579 2192 1641 2221 quo
1665 2183 1822 2214 immanes
1843 2182 1948 2213 minas
1966 2182 2114 2217 iactante,
2138 2181 2259 2222 singuli
2278 2186 2344 2213 sta-

1356 2238 1358 2264 3
1385 2226 1440 2255 tim
1466 2225 1498 2255 in
1524 2225 1662 2256 latebras
1685 2225 1892 2266 diffugerunt.
1938 2225 2043 2255 Tanto
2075 2230 2185 2255 tamen
2213 2229 2344 2264 tamque

1385 2267 1564 2307 periculoso
1604 2268 1716 2299 morbo
1757 2267 1933 2299 remedium
1973 2267 2203 2307 quaerebatur,
2247 2276 2346 2307 quare

1357 2330 1358 2355 3
1386 2312 1477 2349 longe
1509 2310 1591 2342 alius
1621 2314 1795 2351 apparatus
1828 2321 1869 2342 ex
1902 2310 2036 2341 humani
2071 2320 2186 2341 sensus
2220 2309 2346 2341 ratione

1357 2386 1358 2394 ἵ
1386 2353 1610 2392 quaerebatur,
1633 2363 1731 2393 quam
1759 2353 1813 2393 qui
1843 2363 1877 2384 se
1907 2353 1959 2384 hic
1988 2352 2092 2383 offert.
2137 2351 2226 2391 Quid
2257 2351 2344 2383 enim

1358 2399 1359 2419 i
1385 2396 1558 2427 effecturus
1589 2396 1718 2428 videtur
1748 2395 1886 2432 rusticus
1917 2395 2014 2426 homo
2037 2401 2070 2426 et
2092 2395 2201 2427 ovium
2224 2399 2346 2435 pastor,

1358 2439 1438 2477 ¹qui
1474 2439 1593 2478 praelio
1627 2449 1792 2478 nunquam
1825 2438 2026 2475 interfuerat,
2055 2439 2110 2478 qui
2144 2448 2219 2470 cum
2253 2437 2346 2469 hoste

1357 2484 1359 2502 ἲ
1385 2491 1514 2511 manum
1545 2492 1710 2522 nunquam
1739 2480 1965 2513 conseruerat?
1996 2481 2049 2520 qui
2080 2481 2130 2512 vel
2161 2491 2180 2512 a
2210 2479 2346 2512 stabulis

1357 2523 1359 2557 ξ
1386 2523 1435 2553 vel
1461 2534 1478 2553 a
1501 2523 1594 2555 domo
1617 2529 1752 2564 paterna
1774 2533 1939 2564 nunquam
1959 2523 2156 2555 recesserat?
2180 2523 2235 2564 qui
2254 2522 2346 2554 deni-

1357 2566 1359 2617 :
1385 2576 1446 2605 quc
1475 2567 1638 2604 innormis,
1670 2567 1739 2598 sine
1763 2566 1862 2607 galea,
1893 2567 1962 2597 sine
1992 2567 2098 2604 lorica,
2129 2566 2200 2598 sine
2221 2565 2345 2607 clypeo,

1357 2625 1360 2674 ι
1386 2608 1454 2639 solo
1484 2607 1596 2641 bacula
1627 2614 1772 2642 armatus
1794 2609 1947 2641 adversus
1970 2608 2093 2641 hostem
2118 2608 2345 2650 progredieba-

1387 2650 1462 2682 tur?
1508 2652 1594 2684 Sane
1617 2653 1670 2693 qui
1695 2653 1782 2684 hunc
1805 2655 1995 2693 apparatum
2020 2652 2251 2693 conspexisset,
2281 2660 2347 2682 me-
