2551 3044
213 208 274 240 681

213 303 365 345 gentibus
388 302 543 334 adversus
560 303 667 342 ipsum
689 301 837 339 inimicis,
862 304 907 335 sic
927 309 1034 334 tamen
1055 302 1176 334 auxilio

214 357 271 378 suo
293 346 422 379 iuverit,
453 350 489 376 ut
511 351 623 376 contra
647 345 788 375 hostium
808 346 992 385 opinionem
1023 347 1102 376 bene
1126 355 1176 376 res

215 389 276 429 ipsi
307 388 480 421 cesserint:
514 387 674 418 Davidem
710 388 796 417 enim
842 388 964 419 inimici
996 387 1176 428 deprimere

214 432 374 469 volebant,
401 436 433 461 et
454 429 492 460 de
515 430 617 469 gradu
642 430 809 469 dignitatis
833 430 977 469 deiicere,
1005 430 1061 462 sed
1084 430 1176 461 illum

214 475 305 506 Deus
340 484 376 505 ea
410 473 534 504 ratione
568 472 670 508 magis
705 473 829 503 extulit.
876 473 941 504 Nos
975 474 1074 514 igitur
1106 473 1176 503 istis

214 516 372 556 exemplis
395 514 498 546 edocti
510 514 663 545 fiduciam
682 515 714 545 in
730 515 798 546 Deo
815 522 959 546 nostram
974 516 1175 552 collocemus,

214 569 318 599 neque
342 559 493 589 virtutem
518 558 618 597 ipsius
642 567 680 587 ex
700 563 809 588 nostro
831 568 928 589 sensu
953 559 1174 589 dimetiamur:

213 602 267 634 sed
292 611 389 641 quum
420 599 572 640 periculis
603 599 722 630 obsessi
750 601 1007 640 caligaverimus,
1039 601 1177 632 sufficiat

212 644 303 675 illum
327 654 385 683 pro
409 643 500 674 nobis
523 642 669 683 vigilare,
699 647 731 672 et
753 643 788 673 in
811 653 845 673 se
877 644 972 674 rebus
997 643 1096 675 veluti
1121 643 1175 674 de-

212 686 346 727 ploratis
370 696 465 717 curas
488 690 616 716 nostras
639 685 809 725 suscipere,
838 696 975 725 eumque
998 697 1175 726 precemur,

212 732 249 760 ut
279 729 389 760 multis
425 727 566 767 undique
595 727 825 759 tentationibus
859 735 891 759 et
925 729 1084 769 angustiis
1118 739 1176 759 nos

213 771 422 812 urgentibus,
457 780 623 810 nunquam
655 771 821 809 permittat
854 781 911 801 nos
942 772 973 802 in
1010 772 1092 803 hanc
1123 772 1174 802 vel

213 813 303 845 illam
328 819 452 854 partem
478 818 566 844 recta
588 813 643 844 via
665 812 843 850 deflectere,
875 814 930 844 sed
954 814 1022 853 ipse
1045 814 1176 845 adiuvet

212 857 349 895 auxilio,
382 861 413 888 et
447 855 555 895 lapsos
589 856 701 895 erigat,
733 862 770 886 ut
804 856 836 886 in
871 857 1021 887 omnibus
1056 856 1176 888 nostris

213 899 442 931 afflictionibus
465 898 556 929 illum
575 898 691 929 debitis
715 897 862 930 laudibus
883 899 1066 930 celebrandi
1085 909 1175 930 occa-

213 942 336 973 sionem
361 951 490 981 semper
510 941 696 971 habeamus.

295 986 364 1017 Iam
389 994 466 1016 vero
489 984 657 1024 agiteetc.

507 1154 751 1195 HOMILIA
776 1155 885 1194 (3111.

585 1222 665 1263 eap.
689 1222 801 1254 xxx.

300 1325 329 1356 1.
352 1325 514 1365 Quumque
540 1325 694 1356 venissent
713 1325 822 1356 David
844 1328 871 1356 et
892 1326 956 1356 viri
975 1326 1043 1357 eius
1064 1327 1097 1357 in
1123 1326 1172 1357 Si-

209 1369 287 1409 celey
308 1368 359 1399 die
380 1368 479 1406 tertia,
504 1368 695 1400 Amalecitae
709 1369 859 1407 impetum
876 1369 1011 1405 fecerant
1032 1372 1175 1408 exparte

210 1410 345 1443 australi
367 1411 401 1442 in
426 1410 549 1451 Siceley,
574 1413 602 1441 et
618 1414 835 1450 percusserant
851 1410 978 1451 Siceleq,
1003 1414 1029 1442 et
1050 1422 1173 1443 succen-

209 1454 319 1486 derant
339 1463 406 1484 eam
430 1453 511 1493 tyni:
534 1453 561 1484 2.
585 1453 629 1484 Et
650 1454 787 1493 captivas
805 1454 958 1485 (luxerant
974 1454 1119 1486 mulieres
1136 1465 1174 1485 ex

209 1507 257 1536 ea,
280 1507 300 1527 a
322 1497 453 1527 minimo
476 1506 573 1535 usque
590 1497 632 1528 ad
649 1506 808 1536 maynum:
833 1499 861 1527 et
880 1506 940 1527 non
959 1497 1173 1536 interfecerant

210 1549 402 1579 quemquam,
434 1539 487 1569 sed
509 1549 610 1570 secum
630 1539 792 1575 duxerant,
823 1542 850 1569 et
873 1539 1044 1579 peryebant
1065 1541 1173 1571 itinere

209 1592 274 1614 suo.
319 1582 348 1613 3.
376 1582 477 1620 Quum
507 1592 575 1622 erqo
603 1581 730 1612 venisset
759 1581 868 1612 David
897 1585 923 1613 et
952 1583 1015 1613 viri
1044 1583 1112 1614 eius
1131 1583 1173 1614 ad

209 1626 371 1662 civitatem,
402 1627 429 1655 et
451 1625 637 1655 invenissent
659 1634 724 1654 eam
748 1634 925 1656 succensam
947 1625 1022 1665 tyni,
1045 1629 1072 1656 et
1093 1635 1170 1657 uxo-

209 1677 260 1698 res
281 1677 367 1703 suas,
398 1669 425 1697 et
451 1667 536 1705 filios
553 1675 622 1698 suos
642 1668 669 1697 et
695 1667 782 1705 filias
810 1668 917 1698 ductas
939 1678 1004 1698 esse
1021 1669 1171 1707 captivas,

207 1710 237 1740 4.
267 1710 461 1741 Levaverunt
490 1709 595 1740 David
628 1711 655 1739 et
682 1709 821 1748 populus
846 1710 909 1750 'qui
943 1713 1009 1741 erat
1038 1720 1107 1741 cum
1136 1721 1170 1742 eo

209 1763 294 1784 voces
315 1762 400 1785 suas.
430 1755 457 1783 et
480 1752 670 1791 planxerunt
698 1752 790 1783 donec
816 1753 977 1791 deficerent
1002 1753 1035 1784 in
1058 1754 1103 1784 eis
1125 1754 1170 1784 la-

208 1805 338 1835 crymae.
378 1794 407 1826 5.
432 1794 590 1834 Siquidem
613 1797 639 1825 et
660 1795 740 1825 duae
767 1805 879 1826 uxores
901 1795 1010 1826 David
1030 1797 1171 1834 captivae

210 1838 318 1869 ductae
338 1839 472 1876 fuerant,
492 1836 667 1868 Achinoam
681 1837 886 1873 Ieerakelitis,
910 1841 936 1869 et
948 1839 1078 1878 Abiyail
1089 1849 1170 1870 uror

211 1880 319 1912 Nabal
342 1878 482 1912 Carmeli.
527 1879 557 1910 6.
582 1877 627 1910 Et
647 1881 844 1911 contristatus
866 1883 909 1912 est
930 1880 1041 1912 David
1064 1882 1170 1913 valde:

208 1923 324 1954 volebat
345 1923 426 1954 enim
444 1931 514 1952 eum
530 1923 669 1962 populus
691 1922 844 1963 lapidare,
869 1924 944 1963 quia
968 1934 1080 1955 amara
1104 1927 1169 1955 erat

208 1966 316 1997 anima
338 1964 579 2004 uniuscuiusque
601 1966 664 1996 viri
685 1975 778 2004 super
794 1966 874 2004 filiis
891 1967 959 1997 suis
977 1970 1004 1998 et
1025 1967 1168 2005 filiabus:

208 2009 393 2047 confortatus
419 2009 462 2037 est
491 2012 593 2038 autem
624 2007 733 2039 David
766 2009 799 2039 in
834 2008 971 2040 Domino
1000 2009 1068 2040 Deo
1103 2020 1166 2041 suo.

207 2050 236 2081 7.
260 2051 302 2082 Et
324 2052 370 2082 ait
391 2049 429 2081 ad
450 2049 606 2081 Abiatlzar
628 2051 814 2082 sacerdotem
842 2052 944 2090 filium
966 2051 1167 2091 Aclzimeleclz,

206 2092 340 2133 Applica
363 2094 400 2125 ad
421 2102 469 2123 me
491 2092 597 2131 ephod.
638 2093 681 2124 Et
703 2094 1051 2132 applicavit-Abiatlmr
1073 2095 1168 2134 ephod

209 2136 250 2166 acl
272 2135 386 2167 David.
420 2135 449 2166 8.
474 2135 518 2166 Et
539 2136 691 2167 consuluit
713 2136 822 2168 David
845 2137 1026 2174 Dominum,
1049 2139 1168 2169 dicens.-

212 2177 382 2216 Persequar
411 2177 599 2209 latrunculos
621 2179 685 2216 laos,
715 2181 740 2209 et
762 2180 1012 2218 comprehendam
1035 2191 1094 2220 eos,
1125 2191 1168 2212 an

208 2219 294 2250 non?
317 2219 461 2259 Diuitque
479 2221 523 2251 ei:
546 2220 741 2261 Persequere,
762 2223 874 2261 absque
885 2223 978 2253 dubio
997 2224 1077 2254 enim
1090 2234 1167 2254 com-

205 2262 382 2301 prehendes,
405 2265 432 2293 et
453 2264 586 2295 excuties
607 2265 769 2303 praedam.

294 2347 333 2377 In
356 2352 506 2385 sequente
529 2348 663 2380 historia
686 2349 804 2381 clarius
834 2351 1001 2390 apparebit
1023 2351 1109 2390 quod
1132 2352 1164 2382 in

209 2389 368 2429 superioie
398 2388 562 2421 docuimus
587 2392 691 2422 Deum
723 2391 841 2424 habere
864 2394 898 2423 in
921 2404 979 2424 sua
1009 2400 1166 2433 potestate

210 2437 349 2471 tempore
372 2437 402 2461 et
426 2434 684 2471 opportunitates
708 2445 782 2466 suos
805 2435 992 2466 adiuvandi.
1037 2437 1121 2467 Nam
1139 2437 1165 2468 si

209 2474 318 2505 David
343 2484 370 2503 ,
394 2475 508 2504 castris
527 2475 777 2508 Philistaeorum
802 2478 923 2509 diutius
946 2480 1164 2516 remansisset,

210 2522 246 2548 ut
280 2515 443 2547 videbatur
478 2516 578 2548 Achis
611 2520 789 2558 postulare,
824 2521 904 2552 duas
938 2532 1013 2552 suas
1048 2533 1165 2553 uxores

210 2560 364 2591 amisisst
393 2569 465 2589 cum
497 2564 562 2589 tota
591 2561 821 2602 suppellectile,
849 2570 943 2603 capta
971 2571 1002 2595 et
1032 2565 1165 2596 incensa

209 2602 287 2633 urbe
313 2599 432 2641 Siceleg
455 2601 494 2632 ab
507 2601 706 2642 Amalecitis,
729 2615 822 2644 quam
846 2607 886 2637 ab
910 2607 1010 2638 Achis
1033 2618 1164 2647 accepe-

209 2651 269 2685 rat,
346 2643 557 2683 recuperandi
581 2655 698 2677 uxores
727 2656 818 2687 spem
840 2649 965 2681 nullam
989 2650 1164 2683 habuisset.

850 209 897 240 IN
921 208 948 239 .
973 208 1059 240 LlB.
1085 207 1284 240 SAMUEL.
1309 210 1406 241 UAP.
1431 210 1543 242 XXX.

2128 211 2190 242 682

1229 302 1272 332 Et
1296 303 1425 333 interim
1450 303 1555 334 oblata
1578 305 1690 335 fuisset
1712 305 1836 336 occasio
1861 306 1927 345 regi
1941 304 2041 336 Achis
2055 304 2195 337 Davidis

1229 345 1395 385 ingenium
1417 345 1596 383 detegendi,
1620 358 1758 387 eumque
1778 348 1848 379 ideo
1869 348 1977 378 lethali
1995 348 2066 378 odio
2088 359 2193 387 perse-

1229 388 1357 426 quendi.
1383 387 1492 426 Quare
1512 388 1670 419 Davidem
1691 390 1724 420 in
1745 391 1895 421 maximis
1915 391 2075 430 angustiis
2096 391 2193 422 fuisse

1228 431 1438 461 constitutum
1469 438 1610 469 apparet,
1642 439 1672 462 et-
1702 435 1734 462 in
1765 444 1890 463 summo
1909 433 2096 464 discrimine
2122 445 2191 464 ver-

1229 478 1345 503 satum.
1371 471 1434 503 Sed
1460 473 1531 512 quis
1554 473 1667 504 modus
1691 485 1731 505 cx
1756 476 1825 506 istis
1844 475 2031 515 emergendi
2052 483 2099 506 tot
2122 482 2191 507 tau-

1229 515 1334 554 tisque
1368 515 1612 546 difficultatibus
1647 517 1804 556 apparet?
1847 519 1882 549 Si
1918 526 2054 549 externa
2087 519 2194 550 media

1229 557 1426 597 respicimus.
1459 558 1520 598 ipsi
1552 558 1682 589 fuerunt
1714 560 1819 591 hostes
1850 560 1959 599 ipsius,
1991 561 2044 600 qui
2076 561 2193 593 millies

1230 601 1334 640 ipsum
1349 601 1577 639 interemptum
1593 602 1780 633 voluissent.
1805 603 1924 634 Odium
1938 604 2023 634 enim
2044 615 2105 643 quo
2120 615 2190 644 per-

1228 644 1353 682 sequuti
1364 649 1442 673 sunt
1453 643 1610 673 Davidem
1622 644 1789 675 Philistaei
1799 657 1895 676 causa
1905 646 1973 682 fuit,
1989 652 2024 676 ut
2032 656 2103 676 oum
2118 657 2194 686 qua-

1229 685 1301 716 dam
1324 686 1503 725 ignominia
1526 686 1752 718 dimitteretur.
1785 688 1866 718 Nam
1891 694 1925 719 et
1947 700 2003 719 rex
2023 690 2192 727 profitetur

1228 739 1262 759 se
1281 727 1381 758 fidum
1405 729 1495 758 illum
1520 739 1596 769 erga
1616 740 1648 759 se
1661 731 1841 769 agnovisse,
1866 742 1929 761 non
1947 731 2017 762 sine
2037 731 2192 763 dedecore

1228 775 1337 801 tamen
1362 771 1401 801 ab
1426 772 1494 810 ipso
1518 771 1702 802 dimittitur.
1734 772 1796 804 Sed
1821 773 2009 804 admiranda
2033 773 2096 804 Dei
2120 784 2192 813 pro-

1228 813 1374 844 videntia
1398 813 1556 844 laboranti
1581 824 1674 845 servo
1697 825 1753 845 suo
1776 818 1943 847 succurrit.
1983 817 2090 856 Atque
2115 817 2193 849 haec

1229 856 1359 887 afflictio
1378 867 1443 886 non
1474 856 1535 895 ipsi
1559 866 1633 887 casu
1658 858 1845 897 contigerat,
1875 859 1930 890 sed
1954 860 2109 890 correctio
2131 860 2194 890 fuit

1228 899 1290 938 ipsi
1314 909 1332 929 a
1358 899 1424 929 Deo
1449 899 1602 935 immissa,
1634 900 1684 930 vel
1708 900 1861 939 quaedam
1894 902 2068 941 patientiae
2091 903 2192 941 ipsius

1229 942 1417 980 exploratio.
1442 941 1553 980 Neque
1573 942 1657 972 enim
1677 953 1802 982 semper
1816 943 1905 974 Deus
1923 955 1997 975 suos
2018 945 2193 984 explorans

1230 991 1362 1024 propter
1385 991 1516 1023 peccata
1541 986 1625 1024 ipsos
1650 986 1750 1024 punit,
1775 987 1828 1016 sed
1852 987 1972 1017 multas
1991 987 2070 1018 alias
2094 987 2192 1018 habet

1228 1026 1315 1066 apud
1339 1037 1372 1057 se
1395 1037 1507 1058 causas
1537 1027 1611 1058 licet
1634 1038 1728 1067 saepe
1759 1028 1848 1059 nobis
1872 1029 2061 1069 incognitas.
2106 1030 2190 1061 Nam

1228 1069 1458 1100 afflictionibus
1479 1069 1568 1100 Deus
1593 1070 1703 1105 utitur,
1727 1070 1819 1112 aust)
1832 1071 2006 1111 pharmaco
2030 1082 2094 1112 quo
2116 1083 2191 1104 suos

1229 1113 1332 1151 magis
1355 1122 1391 1143 ac
1416 1113 1521 1152 magis
1545 1111 1671 1143 deiiciat
1695 1124 1730 1144 ac
1754 1113 1917 1151 humiliet,
1948 1121 2003 1145 aut
2038 1120 2190 1155 tanquam

1228 1155 1490 1194 alexipharmaco
1522 1155 1570 1185 vel
1602 1155 1744 1186 amuleto
1767 1167 1828 1195 quo
1859 1157 2034 1188 doceantur
2057 1168 2126 1189 sese
2156 1159 2189 1189 in

1227 1198 1334 1228 officio
1356 1199 1531 1233 continere,
1560 1203 1616 1228 aut
1639 1198 1736 1229 etiam
1760 1199 1933 1230 eorundem
1961 1210 2111 1231 exercere
2134 1212 2190 1240 pa-

1228 1241 1372 1270 tientiam
1393 1241 1474 1277 vult,
1498 1241 1584 1280 quod
1597 1240 1667 1271 Iobi
1687 1243 1872 1280 praesertim
1887 1242 2034 1282 exemplo
2048 1244 2084 1273 fit
2097 1243 2190 1275 nobis

1227 1284 1445 1323 conspicuum.
1471 1283 1580 1322 Quare
1604 1283 1675 1313 fieri
1699 1290 1802 1323 potest
1824 1290 1861 1315 ut
1874 1284 1962 1316 Deus
1982 1292 2111 1325 peccata
2126 1286 2187 1317 Da-

1228 1326 1309 1357 vidis
1333 1326 1477 1356 immissa
1501 1331 1591 1356 tanta
1615 1327 1787 1357 afflictione
1813 1328 1925 1366 punire
1947 1329 2097 1366 noluerit,
2127 1329 2189 1359 etsi

1226 1369 1259 1399 in
1294 1369 1480 1400 iustissimis
1510 1374 1541 1399 et
1572 1369 1812 1408 perfectissimis
1842 1369 2019 1410 quibusque
2049 1372 2189 1411 reperiat

1226 1413 1304 1442 satis
1328 1411 1468 1451 amplam
1493 1412 1662 1442 materiam
1686 1412 1803 1449 iudicii,
1828 1413 1854 1443 si
1873 1423 1999 1443 summo
2023 1414 2092 1444 iure
2115 1424 2187 1445 cum

1225 1455 1304 1494 ipsis
1327 1460 1413 1494 agat.
1439 1453 1512 1492 Sed,
1537 1461 1571 1484 ut
1596 1460 1670 1485 ante
1694 1455 1769 1489 dixi.
1792 1465 2021 1495 nonnunquam
2046 1457 2187 1488 filiorum

1225 1508 1357 1528 suorum
1381 1498 1571 1536 patientiam
1595 1497 1749 1537 explorat,
1774 1498 1819 1529 eis
1845 1509 1906 1528 non
1932 1499 2093 1538 imputans
2116 1510 2188 1539 pec-

1225 1547 1310 1571 cata:
1343 1539 1399 1571 sed
1429 1545 1556 1571 tantum
1587 1540 1733 1579 explorat
1762 1541 1848 1580 ipsos
1878 1541 1984 1571 sintne
2011 1543 2115 1580 parati
2146 1542 2186 1573 ad

1224 1583 1325 1623 ipsius
1345 1583 1548 1623 obsequium,
1573 1589 1605 1614 et
1627 1583 1665 1613 ad
1691 1589 1928 1614 sacrosanctum
1952 1594 2069 1615 nomen
2093 1596 2187 1616 suum

1225 1625 1445 1657 venerandum
1470 1626 1502 1656 in
1527 1625 1678 1656 maximis
1701 1626 1936 1657 calamitatibus
1960 1634 1991 1656 et
2015 1628 2185 1667 angustiis.

1225 1669 1342 1699 Manus
1365 1669 1465 1708 igitur
1490 1668 1551 1699 Dei
1574 1668 1734 1699 Davidem
1765 1669 1930 1708 percussit,
1959 1679 2057 1708 quum
2082 1670 2187 1701 voluit

1223 1712 1268 1742 illi
1295 1712 1434 1751 primum
1459 1711 1656 1742 Philistaeos
1690 1712 1869 1742 adversari:
1901 1710 2016 1743 deinde
2039 1712 2085 1743 illi
2109 1724 2185 1744 con-

1222 1754 1314 1795 iuges
1345 1762 1375 1784 et
1402 1760 1502 1784 totam
1533 1754 1786 1793 suppellectilem
1817 1755 1907 1794 eripi,
1939 1761 1970 1785 et
2000 1755 2033 1785 in
2059 1760 2185 1787 tantam

1222 1797 1450 1828 desolationem
1475 1798 1595 1832 venire,
1629 1802 1663 1827 ut
1687 1797 1892 1827 consolationi
1915 1797 2023 1828 nullus
2053 1798 2186 1830 relictus

1221 1840 1309 1871 locus
1340 1840 1498 1870 videatur.
1545 1839 1610 1871 Sed
1640 1841 1768 1870 interim
1798 1839 1887 1869 Deus
1918 1839 2059 1871 ostendit
2082 1840 2185 1871 Davi-

1221 1883 1291 1913 dem
1324 1884 1484 1922 patienter
1515 1882 1593 1913 haec
1622 1883 1757 1913 adversa
1786 1883 1988 1919 tolerantem,
2015 1883 2145 1914 tandem
2166 1895 2184 1915 a

1221 1925 1361 1956 Domino
1375 1925 1620 1956 restituendum.
1644 1925 1788 1955 Profecto
1803 1924 1909 1955 David
1936 1925 2101 1956 hominum
2116 1927 2183 1966 opi-

1223 1969 1316 1998 nione
1346 1968 1447 1998 multa
1480 1968 1544 1998 iam
1569 1978 1682 2007 passus
1702 1969 1812 2003 fueratv
1847 1968 1902 1998 sed
1925 1969 2067 2008 oportuit
2091 1968 2183 2000 illum

1221 2011 1326 2042 adhuc
1357 2022 1428 2042 cum
1468 2011 1529 2041 ista
1567 2011 1753 2040 difficultate
1791 2010 1906 2041 luctari
1945 2018 2119 2050 antequam
2150 2012 2183 2042 in

1221 2055 1311 2094 regni
1337 2054 1571 2093 possessionem
1597 2055 1790 2083 mitteretur.

1305 2096 1479 2127 Discamus
1503 2097 1603 2136 igitur
1625 2097 1735 2126 multis
1754 2095 1857 2126 modis
1875 2096 1996 2132 afflicti,
2020 2102 2051 2126 et
2073 2101 2183 2127 tamen

1220 2139 1343 2170 nullum
1376 2140 1577 2169 miseriarum
1610 2140 1705 2168 finem
1736 2138 1898 2176 videntes,
1927 2138 1980 2169 sed
2012 2139 2119 2178 potius
2149 2140 2183 2170 in

1220 2193 1319 2213 novas
1344 2182 1549 2213 difficultates
1564 2182 1737 2217 venientes,
1761 2188 1796 2211 ut
1817 2191 1875 2220 per
1894 2181 2015 2212 medios
2039 2182 2131 2221 ignes
2151 2191 2183 2212 et

1220 2235 1276 2264 per
1307 2224 1429 2255 medias
1462 2225 1564 2255 undas
1595 2224 1731 2254 transire
1759 2235 1815 2254 nos
1846 2230 2008 2263 oporteat,
2039 2225 2183 2255 animum

1220 2273 1328 2298 tamen
1349 2267 1531 2304 obfirmare,
1556 2273 1587 2296 et
1606 2277 1811 2306 quoscunque
1828 2276 1920 2297 casus
1942 2267 2065 2297 fortiter
2086 2267 2182 2297 susti-

1220 2321 1307 2345 nere,
1332 2310 1475 2349 adeoque
1499 2321 1554 2350 per
1577 2319 1663 2345 saxa,
1688 2320 1744 2348 per
1767 2310 1865 2349 ignes,
1889 2319 1946 2349 per
1965 2310 2101 2345 deserta,
2127 2320 2184 2347 per

1220 2354 1293 2383 avia
1318 2353 1455 2392 denique
1480 2354 1547 2384 loca
1569 2352 1673 2382 Deum
1693 2358 1863 2382 vocantem
1883 2353 1982 2391 sequi,
2008 2362 2066 2382 neo
2090 2362 2182 2391 prae-

1219 2397 1332 2426 teritas
1362 2396 1562 2427 calamitates
1596 2395 1743 2425 sufficere
1770 2395 1965 2425 arbitremur
1994 2395 2084 2434 quasi
2117 2393 2182 2424 illis

1220 2438 1325 2469 Deum
1360 2449 1429 2469 csse
1457 2443 1644 2469 contentum
1675 2443 1832 2476 oporteat:
1864 2436 2123 2476 quandoquidem
2148 2437 2181 2466 in

1220 2481 1316 2511 unius
1341 2480 1401 2512 Dei
1434 2489 1590 2520 potestate
1623 2479 1720 2510 situm
1745 2486 1793 2510 est
1821 2480 1962 2510 iudicare
1987 2479 2062 2518 quid
2088 2478 2180 2510 nobis

1218 2524 1296 2554 utile
1310 2525 1352 2554 sit
1365 2530 1394 2555 et
1410 2524 1570 2563 expediat,
1595 2527 1625 2551 et
1646 2523 1825 2561 portionem
1851 2530 1996 2552 nostram
2021 2521 2113 2552 nobis
2125 2520 2180 2551 ad-

1219 2567 1342 2603 metiri,
1384 2564 1655 2607 quemadmodum
1689 2575 1783 2604 saepe
1816 2565 1976 2605 scriptura
2011 2574 2076 2594 non
2110 2564 2181 2595 sine

1305 2659 1333 2693 )
1359 2660 1422 2685 Vade
1496 2659 1634 2692 lcyendnm
1652 2658 1702 2683 sit.-
1719 2662 1757 2684 ut.
