2551 3044
400 229 456 259 511
1172 223 1374 255 HOMILIA

404 321 540 357 dicendi,
574 320 632 350 hoc
665 319 713 350 vel
746 318 834 353 illud,
871 326 903 349 et
928 329 998 349 nica
1024 318 1199 348 autoritate
1224 316 1263 347 ad
1288 316 1371 348 hanc

405 365 453 395 vel
487 363 572 393 illam
607 373 671 392 rem
706 360 840 391 utendi?
888 361 931 391 Et
963 362 1006 391 ita
1039 361 1134 391 licere
1158 359 1218 390 sibi
1243 359 1371 399 quidvis

403 406 604 437 deblaterat-e
643 405 852 434 arbitrantur.
905 403 969 434 Sed
1003 413 1066 433 uon
1097 403 1282 433 bominibus
1313 402 1372 432 niti

403 460 460 480 nos
479 455 625 487 oportere
646 446 811 477 sciendum
838 453 896 483 est,
921 445 975 476 sed
1001 446 1162 484 acquitate
1184 451 1216 475 et
1240 444 1373 482 iustitia,

403 498 434 522 et
466 491 663 529 integritate,
695 489 785 519 cuius
816 498 928 518 omnes
960 495 1056 518 testes
1087 488 1161 518 sint.
1208 486 1318 525 Quare
1346 487 1373 518 si

403 532 572 571 contigerit
611 539 645 562 ut
684 530 820 571 improbi
852 530 998 561 homines
1029 530 1231 570 simplicibus
1267 528 1374 560 oculos

403 575 627 616 perstringant
667 574 772 612 aliquo
805 580 992 612 praetextu,
1023 572 1096 603 licet
1128 578 1235 602 tamen
1266 572 1373 611 ipsum

404 625 510 649 :ts-rem
532 627 589 647 suo
613 615 734 647 scelere
759 615 942 655 polluerint,
967 622 998 646 et
1022 614 1081 645 soli
1106 625 1200 645 suum
1224 614 1372 654 splendo-

406 672 470 691 rem
496 658 698 690 sustulerint.
725 658 885 697 patienter
908 657 1031 688 exitum
1056 663 1292 696 exspectemus,
1320 657 1372 696 qui

403 713 480 734 sane
511 702 588 741 ipsis
614 702 778 732 luctuosus
803 701 933 731 futurus
957 707 1015 737 est,
1044 699 1113 730 Deo
1137 700 1279 739 ipsorum
1305 706 1372 729 tur-

404 744 581 785 pitudinem
617 743 797 782 detegente,
833 750 863 773 ct
895 743 933 773 ab
966 743 1112 782 ipsorum
1142 752 1197 772 ore
1221 742 1372 772 eliciente

404 787 647 821 confessionem,
672 786 775 816 iustos
788 785 979 824 fuissequos
999 785 1059 824 ipsi
1082 784 1202 815 iniuste
1226 792 1257 815 ct
1281 785 1374 824 perti-

405 831 492 861 diosc
505 828 766 867 suntin-sequuti.
794 828 883 858 Licet
905 828 1006 867 igitur
1026 827 1104 867 ipsis
1128 837 1239 858 omnes
1264 837 1372 857 asseu-

405 873 463 903 tati
487 873 561 907 sint,
587 870 637 900 vel
662 870 782 901 invitos
806 877 915 900 tamen
942 869 1032 900 Deus
1056 869 1186 900 tandem
1211 877 1302 907 coget
1328 870 1373 899 l'a-

408 915 467 946 teri
494 924 586 945 suam
611 913 852 952 improbitatem
877 919 908 942 ct
933 912 1120 951 nequitiam.

489 957 661 988 Caeterum
684 954 722 985 ad
751 955 807 986 has
830 965 924 986 voces
951 962 1153 986 accesserunt
1193 954 1372 994 lacrymae:

401 999 517 1039 quibus
541 998 599 1029 etsi
636 1003 771 1028 testatus
795 1005 841 1028 est
867 996 946 1029 Saul
971 1008 1034 1028 non
1059 997 1210 1027 simulate
1237 1007 1269 1026 sc
1307 996 1372 1026 Da-

402 1041 508 1073 videm
545 1042 667 1071 iustum
700 1040 932 1079 pronunciare,
966 1050 1030 1070 non
1064 1047 1171 1069 tamen
1204 1038 1371 1068 meliorem

402 1094 493 1115 suam
526 1082 611 1123 apud
645 1083 750 1113 Deum
782 1081 1000 1113 conditionem
1033 1082 1123 1117 fecit,
1155 1091 1259 1120 neque
1290 1081 1373 1110 scria

403 1126 524 1166 pcccati
539 1125 740 1165 poenitentia
753 1124 869 1155 ductus
883 1131 938 1155 cst.
966 1125 1007 1155 Et
1032 1124 1092 1155 hae
1114 1124 1145 1154 in
1171 1129 1260 1163 parte
1281 1123 1373 1153 multi

402 1169 570 1203 falluntur,
596 1168 648 1207 qui
673 1178 706 1198 se
730 1167 853 1206 aliquot
876 1166 1050 1206 gemitibus
1074 1173 1105 1196 ct
1129 1166 1276 1204 suspiriis
1300 1176 1373 1204 pec-

402 1218 472 1243 cata
497 1217 606 1251 tegere
631 1219 723 1250 posse
746 1209 955 1247 arbitrantur,
980 1216 1011 1239 et
1036 1209 1144 1248 inique
1171 1208 1275 1238 Deum
1300 1217 1372 1238 cum

401 1254 480 1294 ipsis
510 1262 606 1293 agore
638 1252 699 1283 nisi
727 1251 837 1283 statim
870 1252 956 1290 ipsos
986 1250 1144 1288 absolvat⁷
1181 1257 1213 1281 et
1243 1250 1372 1281 obviam

402 1297 480 1336 ipsis
512 1295 735 1336 gratulaturus
765 1294 884 1324 veniat.
931 1293 996 1325 Sed
1029 1293 1112 1324 unde
1146 1294 1208 1324 ista
1238 1298 1374 1323 manant

403 1339 530 1370 abunde
559 1347 655 1377 quam
686 1337 726 1366 ab
757 1335 920 1376 hypocrisi
951 1337 1044 1367 nobis
1074 1336 1196 1371 innata,
1226 1335 1275 1366 eui
1309 1345 1370 1365 non

403 1390 575 1422 possumus
595 1379 793 1412 renuntiare,
820 1389 922 1418 neque
947 1378 1066 1409 nostris
1089 1377 1267 1414 affectibus,
1292 1388 1372 1416 quos

402 1429 437 1454 ut
451 1434 509 1464 par
523 1432 571 1453 est
594 1432 657 1452 non
678 1421 915 1460 expendimus?
940 1421 1112 1451 Praeterea
1137 1420 1212 1460 quid
1237 1420 1279 1451 sit
1294 1430 1372 1449 vera

1399 224 1616 256 LXXXVII.

402 1465 601 1506 poenitentia
616 1473 748 1504 prorsus
769 1463 968 1503 ignoramus:
995 1463 1086 1493 cuius
1116 1463 1142 1493 si
1167 1473 1279 1493 verum
1299 1472 1372 1492 sen·
1398 1477 1399 1499 ς

402 1518 474 1539 sum
508 1513 540 1538 et
574 1506 790 1546 coguitionem
829 1505 1036 1542 haberemus,
1073 1516 1135 1535 non
1170 1511 1291 1535 temere
1326 1504 1399 1534 sic*

1398 1554 1399 1560 ¹
1426 1547 1619 1579 satisfecisse
1650 1546 1709 1577 sibi
1741 1545 1968 1586 persuadeant,
2000 1552 2030 1577 et
2062 1556 2126 1578 non
2158 1547 2297 1587 amplius
2327 1558 2398 1579 esse

403 1560 520 1581 nomen
544 1549 645 1589 ipsius
669 1558 908 1587 usui-paremus.
945 1546 1008 1579 »Sed
1034 1558 1131 1578 unam
1157 1553 1213 1577 aut
1237 1547 1371 1577 alteram

403 1593 577 1632 lacrymam
620 1590 768 1631 tegendis
809 1590 948 1629 pcccatis
982 1590 1129 1621 sufficere
1164 1588 1399 1625 arbitramur„

403 1641 458 1666 aut
484 1634 583 1665 solam
604 1633 840 1664 confessionem
862 1632 983 1671 peccati
1008 1642 1119 1663 veram
1140 1631 1371 1671 poenitentiam

403 1677 647 1708 existimamus:
667 1675 719 1706 sed
741 1682 806 1705 toto
827 1674 915 1704 coelo
936 1675 1132 1705 aberramus.
1157 1674 1372 1705 Conferamus

402 1720 489 1751 enim
514 1719 609 1749 istam
634 1717 869 1749 confessionem
895 1716 1092 1747 eumSaulis
1113 1716 1273 1756 lacrymis.
1299 1716 1371 1747 Rex

402 1762 488 1793 enim
525 1761 576 1791 'nic
603 1762 807 1800 lacrymatur,
842 1760 907 1790 imo
938 1759 1051 1795 eiulat,
1083 1765 1114 1789 et
1145 1769 1265 1798 magna
1296 1768 1373 1789 voce

403 1814 494 1835 suam
520 1802 688 1842 perfidiam
712 1802 839 1838 fatetur,
864 1807 899 1832 ut
924 1811 987 1832 non
1013 1802 1079 1840 ipse
1103 1807 1230 1832 tantum
1252 1801 1373 1840 David,

402 1852 434 1877 ct
467 1855 548 1886 quae
580 1845 670 1875 illum
702 1844 940 1875 comitabantur
969 1844 1079 1883 copiae
1111 1843 1248 1873 militum
1275 1849 1372 1874 testes

401 1889 466 1919 sint
496 1888 590 1918 istius
621 1886 848 1918 confessionis:
880 1885 934 1916 scd
963 1886 1061 1916 etiam
1094 1886 1183 1926 ipsae
1214 1896 1308 1925 rupes
1339 1892 1372 1917 et

403 1931 499 1962 colles
532 1929 726 1961 commoveri
763 1929 952 1964 videantur,
988 1935 1019 1958 ct
1053 1927 1163 1959 Saulis
1195 1927 1371 1968 gemitibus

403 1973 540 2013 impleri.
588 1972 705 2002 Nonne
736 1971 837 2011 igitur
862 1971 977 2001 merito
1002 1970 1089 2011 regis
1112 1971 1207 2001 istius
1231 1971 1372 2011 gemitus

403 2021 435 2047 ct
466 2016 627 2055 lacrymas
658 2014 801 2045 dicemus
832 2013 940 2054 potius
970 2023 1028 2053 pro
1058 2013 1141 2044 seria
1172 2013 1372 2053 poenitentia

403 2057 568 2089 habendas
587 2066 683 2096 quam
698 2066 810 2087 eorum
835 2065 929 2086 voces
952 2055 1008 2095 qui
1027 2056 1127 2087 verbo
1141 2055 1272 2086 dicunt:
1297 2054 1371 2086 Poe-

404 2101 476 2131 nitet
488 2110 535 2130 me
545 2099 647 2139 facti?
670 2100 758 2129 Sane
780 2108 843 2129 non
865 2099 957 2138 parvi
980 2099 1136 2129 momenti
1160 2098 1221 2128 fuit
1237 2097 1371 2128 Saulem

403 2143 490 2174 ultro
521 2141 605 2172 hanc
636 2141 803 2171 infamiam
835 2141 953 2178 subire,
993 2145 1027 2171 ut
1058 2151 1092 2172 se
1120 2140 1244 2181 perfide
1268 2151 1372 2180 perse-

403 2191 541 2225 quutum
583 2185 787 2214 innocentem
831 2183 995 2214 hominem
1026 2183 1146 2214 diceret
1176 2188 1208 2214 et
1231 2184 1370 2222 ingenue

404 2228 558 2258 fateretur
575 2226 718 2266 culpam:
744 2238 779 2257 ac
799 2225 934 2266 proinde
958 2225 1054 2266 longe
1078 2225 1306 2265 anteponenda
1325 2230 1373 2255 est
1399 2250 1400 2254 ,

1399 2264 1400 2291 ἶ
1425 2273 1456 2298 et
1488 2268 1566 2298 vitia
1598 2267 1688 2298 nobis
1718 2267 1888 2308 displicere
1912 2273 2077 2306 testemur,
2109 2269 2171 2300 nisi
2195 2274 2303 2300 tamen
2327 2269 2395 2301 vita

403 2271 463 2300 ista
477 2269 586 2300 Saulis
605 2269 764 2300 confessio
785 2274 831 2299 tot
854 2268 988 2299 vocibus
1011 2269 1210 2307 confirmata,
1234 2267 1371 2307 simplici

403 2313 532 2342 illorum
557 2312 758 2347 confessioni,
782 2312 836 2351 qui
861 2309 962 2341 verbo
983 2321 1047 2342 uno
1072 2310 1202 2342 dicunt:
1237 2309 1373 2341 Paenitet

402 2365 456 2385 me.

403 2397 532 2428 besecrc
563 2402 610 2427 tot
639 2397 770 2427 testium
797 2407 861 2426 ora.
910 2395 974 2427 Sed
998 2396 1059 2426 ista
1083 2406 1147 2427 non
1174 2395 1291 2426 debent
1315 2404 1372 2425 nos

500 2354 542 2384 Et
574 2364 692 2393 magna
718 2353 846 2384 videtur
870 2353 925 2384 illa
949 2353 1048 2384 fuisse
1073 2353 1185 2389 virtus,
1210 2362 1275 2383 non
1299 2362 1372 2382 eru·
1398 2388 1399 2392 Ἰ

2334 224 2397 257 512

1427 319 1520 355 seria,
1545 318 1599 357 qui
1625 316 1775 355 lacrymis
1794 323 1903 348 tamen
1926 324 1956 348 et
1981 317 2155 356 gemitibus
2178 327 2249 349 cam
2274 322 2396 350 testan-

1427 369 1493 392 tur:
1518 360 1595 400 quid
1617 359 1654 389 de
1680 359 1833 399 improbis
1857 366 1889 390 et
1912 359 2098 391 crudelibus
2121 360 2308 392 hominibus
2330 366 2395 393 sta—

1428 403 1583 434 tuendum
1617 402 1824 437 arbitramur.
1860 403 1914 441 qui
1935 401 2006 432 Deo
2030 408 2061 432 ct
2085 402 2272 434 hominibus
2295 403 2395 442 exosi,

1427 454 1536 476 tamen
1568 445 1612 475 ita
1643 444 1867 475 obduruerunt
1899 451 1934 475 ut
1964 444 2060 476 citius
2090 454 2205 484 aquam
2228 455 2245 476 e
2268 446 2395 486 pumioe

1426 499 1520 527 quani
1537 488 1575 518 ab
1596 487 1674 527 ipsis
1694 486 1870 527 lacrymam
1895 486 2028 517 elicias?
2052 486 2122 518 Nae
2145 487 2287 519 frontem
2310 488 2396 528 ipsos

1427 530 1632 570 pcrfricuisse
1645 536 1782 568 oportet=
1807 535 1837 559 et
1858 529 2054 568 depuduisse
2075 536 2228 569 tanquam
2252 537 2396 562 scrotum

1428 574 1459 603 in
1492 572 1650 612 lupanari.
1682 579 1714 601 et
1745 582 1762 601 a
1793 571 1919 602 diabolo
1950 572 2080 611 speciali
2110 578 2187 603 nota
2212 572 2394 612 insignitos.

1427 615 1647 654 Quamobrem
1663 613 1741 643 hacc
1761 614 1907 644 doctriua
1927 613 2101 651 diligenter
2125 621 2174 645 est
2198 614 2395 653 meditanda,

1427 667 1455 688 ct
1481 658 1511 687 in
1537 667 1629 687 usum
1656 663 1800 686 nostrum
1826 656 2015 692 revocanda,
2051 667 2091 687 ne
2114 657 2268 688 nimirum
2292 657 2395 697 impo-

1428 710 1504 730 nere
1520 699 1587 730 l)eo
1602 709 1661 729 nes
1681 708 1772 738 posse
1791 699 2025 736 existimemus,
2049 708 2147 738 quum
2172 700 2279 739 aliquo
2298 710 2396 731 sensu

1426 743 1547 783 peceati
1583 741 1658 771 tacti
1694 741 1861 777 fuerimes,
1895 746 1928 771 et
1963 741 2095 772 tristitia
2129 743 2252 773 affecti:
2291 752 2396 782 neque

1427 785 1511 816 enim
1544 783 1633 814 Deus
1665 789 1819 822 tanquam
1851 783 1998 814 homines
2029 789 2086 814 aut
2115 785 2206 823 pueri
2238 784 2396 824 placentis

1425 834 1480 858 aut
1511 837 1604 866 pomo
1635 825 1790 865 placatur.
1833 826 1888 865 qui
1919 826 2082 857 sincerum
2113 826 2267 863 animum,
2303 827 2396 858 cuiue

1426 869 1607 910 penetralia
1619 869 1765 905 rimatur,
1789 875 1819 898 et
1841 869 2113 907 perseverantiam
2134 869 2279 908 requirit.
2304 868 2396 908 Qua-

1426 913 1487 943 lem
1520 921 1597 949 crgo
1623 910 1733 942 Saulis
1764 911 1993 950 poenitentiam
2023 910 2121 942 fuisse
2149 911 2309 948 dicemus,
2340 911 2395 951 qui

1426 955 1527 985 filiun]
1560 963 1655 984 suum
1680 953 1840 983 Davidem
1872 959 1973 992 vocat,
2004 953 2058 992 qui
2091 953 2259 984 iustiorem
2288 955 2395 994 ipsum

1426 1008 1460 1028 se
1484 1007 1552 1027 esse
1576 996 1777 1035 pronuntiat,
1808 996 1862 1034 qui
1887 1003 2051 1035 peccatum
2077 995 2162 1026 ultro
2187 997 2316 1033 fatetur,
2339 996 2395 1036 qui

1426 1041 1523 1070 etiam
1555 1038 1716 1078 lacrymas
1747 1037 1901 1074 effundit,
1929 1044 2030 1069 testes
2060 1037 2142 1068 nihil
2168 1049 2186 1069 a
2209 1049 2243 1070 se
2266 1038 2329 1071 dici
2352 1038 2394 1070 ei-

1427 1080 1572 1112 mulate?
1596 1081 1668 1111 Non
1692 1079 1794 1120 igitur
1815 1080 1975 1110 Davidem
2001 1080 2133 1111 ludebat
2154 1080 2306 1113 inanibus
2325 1090 2396 1112 ver·

1428 1124 1483 1159 bis,
1507 1123 1562 1154 sed
1585 1123 1667 1154 serio
1687 1123 1889 1162 loquebatur.
1918 1123 2210 1154 Vernmenimvero
2233 1122 2398 1163 quandam

1426 1166 1609 1197 occultabat
1632 1172 1759 1205 pectore
1783 1165 2024 1196 simulationem
2050 1170 2082 1196 et
2104 1164 2303 1206 hypocrisin,
2334 1175 2398 1206 qua

1426 1209 1609 1240 laborantes
1644 1208 1689 1238 sic
1719 1213 1936 1238 excaecantur
1967 1208 2098 1248 proprio
2129 1208 2225 1245 vitio,
2256 1214 2288 1240 et
2316 1208 2396 1240 adeo

1427 1251 1547 1290 stupidi
1572 1251 1664 1286 fiunt,
1696 1254 1732 1280 ut
1755 1259 1818 1289 quo
1842 1249 1990 1281 laborant
2013 1250 2136 1286 morbo,
2166 1261 2230 1282 non
2254 1251 2397 1282 sentiant

1427 1298 1687 1333 necagnescant.
1712 1292 1761 1323 Ita
1776 1292 1965 1332 plerumque
1984 1292 2099 1324 accidit
2124 1299 2158 1323 ut
2181 1293 2235 1333 qui
2256 1293 2397 1325 admisso

1426 1336 1532 1375 aliquo
1557 1341 1700 1375 peccato.
1726 1335 1886 1374 lacrymas
1899 1335 2021 1374 aliquot
2035 1335 2197 1372 eiecerint,
2221 1335 2283 1367 sibi
2306 1335 2397 1367 vide-

1427 1385 1525 1409 antur
1548 1377 1619 1408 Deo
1649 1376 1856 1413 satisfecisse,
1888 1384 1919 1408 et
1949 1388 2066 1408 novam
2097 1383 2204 1409 cutem
2235 1377 2396 1410 induisse:

1427 1420 1544 1460 quibus
1575 1420 1602 1450 si
1635 1419 1713 1449 illud
1742 1419 1994 1458 condonaveris,
2025 1419 2065 1450 ad
2089 1419 2227 1459 priorem
2253 1425 2396 1452 mentem

1427 1469 1646 1499 revertantur,
1670 1462 1768 1492 immo
1782 1471 1856 1492 cum
1880 1461 2014 1492 effraeni
2038 1461 2176 1502 quadam
2200 1462 2335 1494 licentia
2353 1462 2395 1494 ad

1426 1505 1547 1535 malum
1584 1505 1746 1535 ferantur:
1781 1503 1864 1543 quod
1899 1504 1967 1535 Deo
2001 1514 2036 1535 se
2070 1510 2165 1535 antea
2196 1504 2270 1545 plus
2299 1514 2396 1545 quam

1427 1589 1465 1621 ab
1488 1590 1569 1630 ipsis
1593 1589 1753 1620 rationem
1779 1588 2022 1620 malefactorum
2047 1589 2272 1628 repetiturum.
2308 1590 2396 1622 Hinc

1427 1633 1535 1672 itaque
1564 1631 1724 1662 discamus
1763 1641 1822 1661 nos
1859 1631 1898 1662 ad
1932 1631 2089 1662 amussim
2123 1632 2325 1672 expendere:
2360 1643 2397 1664 ac

1428 1685 1536 1706 veram
1568 1673 1800 1713 poenitentiam
1829 1674 1968 1705 sciamus
1998 1684 2063 1705 non
2094 1684 2164 1706 esse
2195 1675 2334 1715 positam
2363 1675 2398 1706 in

1426 1717 1494 1748 sola
1526 1717 1660 1747 tristitia
1691 1715 1730 1746 de
1754 1715 1931 1747 malefacto.
1977 1716 2060 1747 Nam
2084 1717 2145 1748 etsi
2170 1727 2264 1748 verae
2288 1718 2399 1757 poeni·

1427 1759 1548 1790 tentiae
1573 1759 1766 1798 principium
1790 1759 1832 1789 sit
1855 1759 1910 1789 illa
1934 1759 2077 1799 tristitia,
2100 1764 2137 1790 ut
2159 1759 2254 1791 docet
2272 1759 2397 1792 Paulus

1426 1802 1454 1832 2.
1479 1801 1518 1832 ad
1544 1801 1617 1832 Cor.
1644 1812 1707 1832 non
1740 1807 1848 1831 tamen
1880 1806 1930 1832 est
1960 1807 2025 1832 tota
2056 1802 2268 1841 poenitentia,
2298 1809 2395 1842 quam

1426 1854 1495 1875 csse
1508 1844 1696 1874 continuam
1717 1849 1853 1883 oportet.
1878 1843 1975 1875 Multi
1990 1843 2121 1876 Saulem
2141 1844 2241 1885 igitur
2263 1845 2394 1876 imitan-

1426 1892 1488 1924 tur,
1512 1886 1615 1926 signis
1639 1887 1714 1916 solis
1738 1887 1882 1917 externis
1905 1887 2125 1926 poenitentiae
2147 1888 2308 1919 contenti:
2339 1886 2395 1918 sed

1426 1930 1486 1959 ista
1502 1939 1566 1959 non
1587 1928 1755 1959 sufficiunt
1775 1939 1851 1959 vere
1875 1929 2124 1968 poenitentibus,
2148 1939 2227 1969 quos
2251 1936 2396 1962 veterem

1424 1971 1587 2001 hominem
1623 1975 1773 2010 opportet
1807 1981 1941 2008 exuere,
1984 1971 2110 2011 Deique
2143 1972 2294 2004 timorem
2328 1976 2395 2003 tam

1425 2013 1488 2044 alte
1520 2014 1587 2043 suis
1618 2014 1736 2043 animis
1766 2013 1916 2053 infigere,
1962 2020 1997 2044 ut
2028 2014 2242 2054 praeteritum
2272 2014 2395 2046 malum

1425 2055 1562 2094 oderint,
1593 2064 1623 2086 ct
1653 2056 1686 2086 in
1720 2061 1883 2095 posterum
1916 2056 1994 2087 dent
2023 2066 2164 2096 operam,
2197 2067 2236 2088 ne
2267 2063 2395 2088 tantum

1425 2098 1532 2137 aliquo
1552 2099 1675 2138 impetu
1696 2103 1900 2135 moveantur,
1924 2099 1978 2129 sed
2003 2099 2036 2129 in
2060 2104 2173 2138 coepta
2197 2099 2396 2139 poenitentia

1425 2148 1646 2180 perseverent:
1673 2141 1751 2171 etin
1767 2141 1910 2180 ipsorum
1933 2141 2050 2172 animis
2074 2148 2140 2172 tam
2164 2141 2247 2173 altas
2270 2141 2395 2173 radices

1426 2184 1527 2222 pietas
1558 2188 1632 2222 agat
1662 2189 1699 2213 ut
1730 2184 1852 2214 bonum
1883 2183 2023 2215 fructum
2047 2183 2179 2215 adferat.
2225 2184 2310 2215 Nam
2333 2184 2394 2216 etsi

1426 2225 1542 2256 millies
1565 2225 1604 2255 ad
1630 2224 1737 2256 Deum
1763 2225 1878 2257 seriam
1904 2227 2148 2257 conversionem
2174 2228 2394 2266 profiteamur,

1426 2309 1618 2349 respondeat
1653 2310 1808 2350 quidquid
1839 2320 1894 2341 ore
1928 2311 2152 2350 profitebimur
2186 2311 2331 2343 dolosum
2362 2316 2394 2343 et

1426 2352 1667 2383 fraudulentum
1697 2354 1768 2384 erit.
1793 2352 2012 2391 Quamobrem
2034 2354 2139 2384 Deum
2164 2354 2292 2385 ardenti
2316 2364 2394 2386 voce

1397 2415 1399 2438 !
1425 2405 1601 2434 precemur,
1627 2401 1662 2425 ut
1677 2396 2033 2435 veramrpoenitentiam
2052 2406 2126 2427 cum
2151 2397 2394 2436 perseverantia

402 2440 447 2470 ita
478 2449 689 2478 commovere,
721 2444 757 2468 ut
787 2438 814 2469 si
844 2438 1045 2478 quorundam
1072 2439 1234 2478 lacrymas
1258 2436 1374 2468 videri·
1398 2459 1399 2470 t

404 2492 484 2517 mus.
509 2482 596 2521 ipsos
622 2481 692 2511 ideo
716 2491 891 2511 conversos
915 2480 1075 2512 dicamus:
1106 2480 1163 2511 sed
1187 2479 1293 2520 potius
1315 2478 1370 2510 ali-

402 2524 591 2564 quantisper
615 2522 885 2563 exspectaudum,
918 2523 1018 2554 donec
1043 2524 1150 2554 exitus
1173 2532 1253 2562 quae
1273 2521 1372 2552 fuerit

406 2577 498 2597 mens
511 2566 653 2606 ipsorum
667 2565 852 2605 pateFaciat:
874 2566 1066 2597 simulatene
1087 2576 1128 2596 an
1150 2575 1226 2596 vcro
1246 2565 1371 2604 integro

405 2614 435 2639 ct
466 2610 588 2639 sincere
618 2619 687 2639 sese
710 2609 879 2647 gesserint.
928 2609 971 2639 At
994 2609 1020 2638 si
1045 2618 1108 2639 non
1134 2608 1237 2647 primo
1261 2607 1369 2638 statim

405 2656 548 2691 tempore
569 2650 697 2681 illorum
715 2650 916 2681 admittenda
932 2655 980 2681 est
1000 2651 1196 2690 poenitentia
1216 2654 1369 2689 tanquam
1396 2653 1397 2672 l

1426 2437 1519 2467 nobis
1551 2438 1720 2474 largiatur:
1753 2444 1790 2469 ut
1820 2437 1950 2478 linguae
1980 2438 2236 2478 correspondeat,
2267 2444 2300 2470 et
2328 2450 2392 2470 non

1425 2480 1526 2510 simus
1558 2480 1636 2510 adeo
1667 2480 1755 2511 leves
1787 2487 1817 2511 ct
1844 2481 2072 2518 inconstantes,
2104 2488 2141 2511 ut.
2164 2486 2330 2513 momento
2353 2481 2393 2513 ad

1425 2532 1461 2552 ca
1485 2532 1564 2561 quac
1590 2523 1679 2561 prius
1703 2522 1990 2554 condemnavimus
2014 2530 2226 2555 revertamur.

1512 2565 1667 2603 Sequitur
1697 2564 1848 2604 deinceps
1878 2565 2011 2596 Saulem
2043 2565 2197 2597 adversus
2229 2566 2391 2606 seipsum

1425 2608 1620 2637 sententiam
1656 2607 1767 2638 tulisse
1793 2607 1842 2638 his
1866 2608 1988 2639 verbis:
2020 2608 2180 2640 Dominus
2202 2609 2314 2641 reddat
2336 2609 2392 2641 tibi

1425 2649 1535 2679 honum
1563 2660 1623 2688 pro
1657 2660 1688 2679 σο
1710 2650 1790 2689 quod
1813 2649 1904 2681 laodic
1926 2653 2069 2690 operatus
2091 2661 2122 2682 es
2143 2651 2179 2682 ‘in
2200 2661 2256 2683 me.
2302 2652 2393 2684 Deus

2517 447 2537 669 *vut‘mu
2520 364 2533 433 dart
2520 315 2526 341 ¹·
