2551 3044
191 180 248 211 181

188 275 284 307 danto
307 287 466 315 mensura,
491 277 635 309 traxerit.
683 277 759 309 Sive
783 288 859 318 ergo
882 278 943 318 ipsi
967 278 1083 309 diaboli
1106 279 1140 309 in

187 329 245 349 nos
275 318 429 357 ferantur,
459 319 527 351 sive
557 319 717 360 improbos
747 320 786 351 ad
810 321 840 350 id
864 320 1040 360 impellant,
1070 331 1139 352 reos

187 364 294 392 tamen
325 371 451 402 semper
480 373 548 393 osse
576 372 682 394 coram
711 362 780 393 Deo
809 368 929 394 certum
961 368 1023 394 est:
1055 363 1138 403 quod

186 414 278 435 mens
301 404 441 443 ipsorum
466 415 529 435 non
552 405 673 435 feratur
695 405 729 435 in
749 404 810 436 Dei
833 405 964 443 cultum,
985 406 1040 437 sed
1064 416 1138 437 con-

187 450 237 476 tra
260 447 364 486 potius
388 446 448 477 Dei
473 447 631 478 voluntati
655 458 710 488 pro
735 448 855 479 viribus
878 448 1084 479 reluctentur.

271 489 314 519 Et
341 488 379 518 de
409 489 478 520 istis
502 489 664 528 hactenus,
688 491 833 529 sequitur
856 489 1004 530 deinceps
1027 501 1137 522 servos

186 530 294 562 Saulis
323 531 428 570 ipsum
459 531 643 563 adhort-atos
674 533 786 570 fuisse,
817 537 852 563 ut
883 533 1136 572 quandoquidem

185 573 300 613 spiritu
325 573 408 604 malo
431 574 618 612 agitabatur,
642 575 765 606 iuberet
787 575 847 606 sibi
869 575 980 615 quaeri
999 576 1135 615 aliquem

185 616 238 655 qui
268 615 426 647 citharam
458 617 588 655 pulsare
619 617 770 656 novisset,
800 622 836 648 ut
858 617 918 648 sibi
941 618 1019 649 bene
1043 623 1134 649 esset.

184 658 229 688 Et
250 668 351 688 unum
376 669 414 689 ex
434 659 496 689 illis
515 659 718 690 admonuisse
738 671 845 700 regem
865 671 932 691 esse
951 661 1034 691 inter
1052 661 1135 691 filios

183 701 249 731 Isai'
261 700 419 740 quendam
433 701 585 732 scientem
599 702 743 742 psallere,
758 703 925 742 virumque
939 703 1134 739 bellicosum,

182 743 384 783 prudentem,
408 748 440 774 et
462 745 567 775 virum
589 744 769 784 pulchrum,
795 751 827 776 et
850 745 979 785 quidem
1002 756 1074 777 cum
1097 755 1134 776 eo

183 796 252 816 esse
277 786 464 817 Dominum.
509 786 556 817 Ac
586 793 652 817 tum
681 788 869 818 accersitum
897 787 1071 819 Davidem:
1102 791 1134 818 et

182 828 265 859 bona
288 829 388 868 patris
411 839 483 860 cum
510 829 602 860 venia
625 829 752 860 venisse
776 830 815 860 ad
846 840 962 870 regem,
993 831 1132 862 stetisse-

182 881 243 911 que
274 881 380 902 coram
411 882 456 908 eo,
487 876 518 902 et
547 872 645 902 fuisse
669 871 919 910 dilectissimum,
950 873 1132 913 factumque

181 913 267 951 regis
288 914 493 953 armigerum.
528 913 608 944 Tum
632 914 758 945 misisse
782 914 913 945 Saulem
937 916 1069 947 nuncios
1093 915 1132 945 ad

182 955 256 992 Isal‘,
279 961 422 995 petentes
445 957 491 986 uti
505 956 611 986 David
633 956 717 995 apud
741 968 848 997 regem
872 963 1025 997 maneret,
1049 957 1132 998 quod

181 998 317 1039 gratiam
349 999 526 1029 invenisset
555 999 586 1029 in
619 999 716 1029 oculis
745 1000 822 1030 eius.
868 1000 1028 1031 Davidem
1059 1011 1132 1032 vero

182 1047 272 1072 tanta
290 1042 394 1081 gratia
413 1041 570 1072 citharam
594 1041 747 1080 pulsasse,
771 1046 807 1072 ut
820 1042 909 1073 Sauli
930 1043 1008 1074 bene
1027 1043 1132 1081 fuerit,

180 1090 212 1114 et
235 1083 274 1115 ab
298 1094 334 1114 eo
357 1083 489 1123 spiritus
512 1083 616 1114 malus
639 1083 679 1114 ad
702 1089 827 1124 tempus
852 1087 1025 1117 recesserit.
1071 1086 1133 1116 Hic

180 1136 257 1157 vero
293 1126 327 1157 in
361 1126 471 1166 primis
503 1127 611 1166 quaeri
647 1131 764 1165 potest:
800 1129 852 1158 An
887 1132 976 1158 tanta
1008 1129 1050 1160 sit
1082 1129 1132 1159 vis

179 1169 328 1206 musicae,
357 1168 409 1199 vel
440 1169 590 1205 citharae,
622 1176 657 1199 ut
680 1170 810 1208 spiritus
834 1170 934 1201 malos
956 1171 1055 1210 possit
1078 1171 1131 1201 de-

179 1211 316 1252 pellere:
335 1210 417 1251 quod
438 1211 499 1242 ista
518 1210 672 1251 quaedam
691 1212 838 1242 veneficii
858 1218 889 1243 et
907 1213 1131 1244 incantationis

179 1254 300 1294 species
323 1263 393 1285 esse
416 1254 574 1285 videatur.
609 1254 702 1290 Nam,
726 1265 852 1293 quaeso,
876 1255 900 1286 si
925 1266 1017 1295 quem
1041 1255 1130 1287 Deus

179 1296 294 1336 spiritu
317 1296 435 1327 furoris
459 1297 645 1334 turbaverit,
668 1307 706 1326 an
728 1297 869 1328 citharae
888 1298 994 1328 sonitu
1015 1299 1129 1339 depelli

178 1349 270 1379 posse
293 1338 455 1370 diabolum
478 1338 726 1370 arbitrabimur?
772 1339 952 1378 Praeterea,
983 1340 1129 1372 Davidne

178 1381 304 1412 divinae
333 1382 511 1413 sententiae
540 1381 772 1412 reluctaretur?
820 1383 952 1413 Saulem
975 1384 1059 1414 enim
1082 1385 1129 1415 vi-

177 1424 283 1455 dimus
301 1429 431 1464 propter
450 1423 656 1455 rebellionem
676 1424 832 1455 excidisse
852 1426 938 1465 regia
957 1425 1128 1467 dignitate:

177 1471 210 1498 et
232 1477 251 1498 a
273 1467 386 1506 spiritu
410 1467 494 1497 malo
518 1467 682 1503 afflictum,
706 1466 791 1506 quod
815 1468 853 1498 ab
872 1467 940 1508 ipso
953 1468 1015 1499 Dei
1036 1470 1127 1509 spiri-

177 1514 229 1541 tus
264 1510 460 1541 recessisset:
498 1519 595 1549 quare
632 1519 708 1550 ergo
739 1509 845 1540 David
876 1511 994 1541 malum
1027 1512 1128 1551 ipsius

177 1552 317 1583 allevare
357 1552 489 1589 nititur,
531 1553 692 1591 vitamque
734 1562 904 1592 prorogare
945 1553 1127 1586 harmonico

176 1595 315 1627 musices
338 1601 443 1632 cantu,
473 1599 528 1625 aut
551 1594 692 1626 citharae
715 1595 818 1634 pulsu,
849 1596 938 1634 quasi
966 1597 1128 1628 videretur

175 1637 331 1676 impedire
362 1637 442 1668 velle
471 1637 643 1677 quominus
674 1639 706 1667 in
737 1637 827 1668 illum
859 1638 949 1669 Deus
984 1639 1126 1670 animad-
1151 1661 1152 1664 =

175 1684 327 1718 verteret,
351 1680 407 1719 qui
429 1680 637 1721 dignissimus
660 1685 727 1710 erat
756 1680 984 1720 castigatione?
1030 1682 1125 1713 Prae—

175 1728 272 1760 terea,
302 1728 337 1753 ut
366 1727 440 1753 ante
470 1722 546 1760 dixi,
578 1727 723 1762 apertum
749 1723 939 1754 veneficium
962 1728 995 1755 et
1016 1725 1126 1756 incan-

175 1766 255 1796 tatio
273 1765 352 1796 haec
371 1775 439 1796 esse
457 1765 593 1802 videtur,
616 1766 705 1796 cuius
724 1765 812 1795 nulla
831 1771 918 1797 certa
936 1767 1017 1797 ratio
1036 1767 1125 1799 reddi

174 1808 282 1848 possit.
331 1808 375 1838 Et
397 1818 473 1839 sane
497 1818 530 1838 re
554 1808 623 1848 ipsa
646 1818 758 1838 verum
782 1813 838 1844 est,
863 1814 894 1839 et
917 1819 978 1840 non
1003 1816 1126 1850 oportet

173 1850 253 1881 haec
282 1850 316 1881 in
348 1851 530 1891 generalem
553 1850 697 1890 regulam
722 1851 815 1886 trahi,
848 1851 1030 1883 harmonico
1053 1863 1125 1885 con-

173 1896 269 1924 centu
298 1893 349 1925 vel
378 1894 465 1924 vocis
495 1893 547 1924 vel
575 1893 689 1923 fidium
719 1904 810 1932 posse
839 1893 977 1925 diabolos
1001 1895 1124 1935 depelli,

172 1935 301 1975 vimque
329 1936 472 1976 ipsorum
501 1940 533 1966 et
562 1936 704 1966 furorem
732 1936 890 1975 impediri.
946 1936 1010 1969 Sed
1039 1941 1123 1970 servi

174 1977 283 2010 Saulis
306 1989 346 2009 ex
370 1989 428 2009 usu
452 1979 630 2009 communis
654 1988 764 2009 sensus
788 1978 911 2018 loquuti
933 1984 1016 2011 sunt.
1045 1981 1124 2013 Fuit

172 2021 260 2051 enim
287 2021 405 2052 malum
430 2020 515 2051 istud
539 2031 600 2060 quo
620 2020 821 2061 affligebatur
844 2020 921 2053 Saul
942 2023 1122 2056 melancho-

172 2063 234 2094 liae
257 2063 388 2104 species,
412 2069 448 2094 ut
471 2063 566 2094 fuerit
589 2063 770 2094 simillimus
794 2064 832 2094 iis
855 2064 908 2104 qui
929 2065 961 2096 in
983 2066 1122 2098 furorem

171 2106 266 2143 versi,
301 2106 453 2146 quamdiu
482 2107 589 2137 mania
614 2105 788 2143 duraverit,
816 2106 945 2138 obvium
966 2118 1123 2150 quemque

172 2147 302 2180 caedere
339 2149 504 2186 nituntur,
542 2149 593 2179 vel
631 2149 835 2188 praecipitem
872 2149 904 2180 in
933 2150 1039 2191 ignem
1068 2160 1123 2184 aut

171 2200 285 2230 aquam
316 2191 406 2222 dare:
437 2202 509 2222 cum
540 2190 636 2221 simili
666 2194 774 2222 morbo
798 2191 910 2223 luctari
934 2192 1012 2224 Saul
1034 2195 1122 2229 visus

172 2237 232 2271 est,
250 2233 344 2264 sicuti
362 2233 507 2273 pluribus
523 2233 671 2273 deinceps
684 2234 823 2264 audituri
836 2245 954 2267 sumus.
989 2236 1120 2270 Certum

172 2280 279 2306 autem
308 2281 356 2307 est
387 2276 542 2307 adversus
570 2275 754 2307 istiusmodi
782 2277 907 2308 morbos
940 2279 1120 2313 melancho-

171 2317 248 2349 licos
284 2317 459 2357 plurimum
494 2328 587 2359 posse
621 2318 824 2350 barmonicos
857 2326 1047 2354 concentus:
1089 2330 1121 2355 et

172 2360 326 2391 afflictum
367 2361 509 2391 animum
550 2371 642 2400 posse
681 2362 819 2392 recreari
852 2367 884 2393 et
918 2363 956 2393 ad
994 2369 1120 2406 tempus

171 2403 277 2434 refici:
307 2402 361 2434 sed
384 2403 470 2433 istud
494 2413 558 2433 non
582 2408 630 2434 est
652 2410 849 2443 perpetuum.
893 2405 1020 2446 Vulgus
1044 2419 1120 2441 vero

171 2445 340 2476 consuevit
369 2445 499 2476 eandem
531 2445 677 2477 omuibus
706 2446 824 2477 morbis
852 2448 1040 2481 medicinam
1065 2452 1120 2483 ad-

170 2487 290 2524 hibere,
314 2492 346 2518 et
368 2488 530 2518 existimat
553 2488 760 2528 pharmacum
785 2490 866 2529 quod
889 2490 1043 2524 adversus
1062 2495 1118 2525 ali-

170 2540 265 2570 quam
288 2529 389 2561 morbi
413 2531 550 2570 speciem
573 2531 681 2567 valuit,
712 2531 844 2563 eandem
876 2534 939 2564 vim
963 2535 1117 2569 adversus

169 2583 280 2604 omnes
301 2573 453 2604 obtinere.
497 2572 567 2603 Imo
596 2573 622 2604 si
645 2574 715 2613 quis
737 2574 883 2613 frigidam
905 2576 943 2607 ad
967 2588 1117 2611 nauseam

170 2625 271 2656 usque
303 2615 413 2646 bibens
448 2625 489 2646 ex
523 2615 608 2647 febre
641 2616 853 2656 convaluerit,
892 2619 952 2650 etsi
984 2631 1115 2654 excessu

836 184 883 215 IN
907 184 921 215 I
947 185 1033 216 LIB.
1058 184 1254 218 SAMUEL.
1279 189 1372 222 CAP.
1398 192 1491 223 XVI.

2096 199 2155 230 182

1192 283 1349 320 peccavit,
1384 285 1592 318 nihilominus
1624 287 1734 318 cadent
1766 288 1891 327 potione
1923 289 2036 329 depelli
2072 291 2150 324 alios

1191 323 1316 370 morbos
1345 336 1436 365 posse
1467 328 1526 359 sibi
1560 330 1771 368 persuadebit.
1826 330 1930 370 Atque
1960 333 2003 363 ita
2031 334 2081 370 fit,
2112 341 2149 365 ut

1190 376 1216 395 st
1245 369 1443 406 experientia
1473 371 1609 402 duorum
1642 377 1697 403 aut
1726 375 1821 404 trium
1851 374 1970 413 aliquid
2004 386 2150 416 compro-

1191 407 1298 439 batum
1330 410 1370 440 sit
1394 411 1486 442 alicui
1512 414 1599 451 utile,
1633 415 1687 453 qui
1712 426 1817 446 rerum
1842 416 1976 447 istarum
1999 419 2145 450 notitiam

1190 460 1268 498 non¹
1285 451 1413 490 habent,
1441 455 1638 487 arbitrentur
1661 457 1808 488 omnibus
1832 459 1954 490 naturis
1977 465 2008 490 et
2038 471 2147 500 perso-

1189 494 1238 523 nis
1261 493 1345 524 idem
1369 497 1549 533 convenire,
1573 502 1603 528 et
1626 500 1707 537 quod
1731 500 1885 532 adversus
1904 502 2040 542 aliquem
2060 514 2146 535 mor-

1190 535 1263 566 bum
1305 538 1436 576 profuit,
1476 539 1559 569 idem
1601 542 1753 573 adversus
1787 554 1896 575 omnes
1930 545 2143 584 profuturum.

1188 576 1274 608 Sane
1302 580 1385 618 quod
1416 580 1454 611 ad
1484 583 1636 613 musicam
1669 585 1792 622 attinet,
1821 596 1883 616 non
1908 593 1994 618 earet
2018 589 2142 621 ratione

1187 621 1271 659 quod
1285 622 1411 653 animus
1427 623 1564 655 afflictus
1578 632 1739 657 recreetur
1752 633 1783 657 ct
1803 629 1972 662 reficiatur.
1991 632 2141 669 quoniam

1187 663 1261 693 mali
1293 665 1503 704 apprehensio
1534 667 1718 699 harmonico
1747 678 1903 701 concentu
1934 672 2000 702 tolli
2024 678 2139 712 potest,

1187 706 1239 736 vel
1261 707 1421 747 mitigari:
1445 713 1477 738 at
1501 719 1564 739 nou
1588 710 1655 750 ipse
1675 712 1812 749 morbus,
1837 713 1889 752 qui
1910 724 1971 744 non
1992 715 2037 745 ita
2056 716 2140 747 vinci

1186 748 1306 780 musica
1336 750 1385 780 vel
1416 750 1556 782 citharae
1587 753 1635 783 vel
1666 753 1796 785 alterius
1826 755 2030 787 instrumenti
2060 768 2140 790 sono

1186 795 1296 829 potest,
1326 796 1362 822 ut
1384 803 1448 823 non
1471 793 1608 834 amplius
1632 796 1754 826 saeviat
1777 798 1808 827 in
1833 797 2004 830 hominem.
2050 799 2139 841 Ergo

1185 844 1224 864 ex
1255 834 1324 866 istis
1354 839 1488 874 apparet
1516 847 1624 867 servos
1647 837 1755 868 Saulis
1780 850 1843 870 non
1867 841 1999 879 ratione,
2031 853 2136 882 neque

1185 876 1324 913 consilio,
1356 877 1411 908 sed
1441 888 1480 908 ex
1508 878 1639 917 vulgata
1671 881 1835 912 hominum
1862 883 2011 922 opinione
2035 886 2138 917 consi·

1184 918 1262 949 lium
1291 919 1377 950 istud
1408 920 1478 960 regi
1507 921 1733 961 suppeditasse,
1765 935 1862 963 quum
1891 931 2069 965 suaserunt,
2099 932 2136 959 ut.

1185 961 1290 992 virum
1310 962 1447 1001 aliquem
1468 970 1633 1002 quaereret
1652 966 1704 1004 qui
1725 966 1803 996 bene
1816 968 1971 998 citharam
1986 970 2138 1008 pulsaret.

1185 1003 1274 1035 Deus
1303 1014 1380 1035 vero
1404 1005 1477 1035 licet
1499 1007 1630 1037 consilio
1654 1008 1705 1038 isti
1728 1008 1850 1039 felicem
1875 1020 2058 1042 successum
2082 1012 2136 1044 de-

1185 1046 1275 1084 derit,
1305 1052 1411 1077 tamen
1443 1058 1507 1077 non
1538 1053 1656 1080 temere
1686 1050 1873 1082 imitandum
1898 1059 1963 1083 est:
1993 1055 2137 1093 quando·

1184 1089 1311 1128 quidem
1335 1095 1455 1120 temere
1469 1090 1576 1121 Saulis
1600 1093 1685 1122 servi
1704 1093 1781 1123 illud
1802 1094 1957 1126 inierunt:
1980 1104 2013 1126 ut
2033 1097 2137 1128 solent

1183 1131 1277 1162 aulici
1301 1131 1340 1162 ad
1364 1133 1500 1172 gratiam
1524 1133 1582 1163 sibi
1606 1135 1846 1174 conciliandam,
1869 1147 2024 1177 suumque
2048 1150 2136 1170 amo-

1183 1185 1250 1204 rem
1285 1180 1317 1204 et
1350 1175 1606 1206 benevolentiam
1641 1188 1716 1218 erga
1758 1178 1901 1209 dominos
1945 1182 2135 1219 testandam,

1182 1216 1333 1256 quidquid
1358 1217 1390 1247 in
1414 1218 1545 1249 buccam
1573 1221 1695 1250 venerit
1725 1221 1859 1251 effutire.
1906 1222 2004 1253 Porro
2034 1234 2135 1263 quum

1183 1259 1299 1290 dicitur
1321 1260 1441 1290 malum
1466 1271 1527 1300 quo
1551 1261 1629 1292 Saul
1653 1263 1854 1302 affligebatur
1877 1264 2051 1296 allevatum
2068 1266 2135 1297 Da-

1182 1302 1255 1333 vide
1286 1302 1443 1333 citharam
1474 1303 1631 1342 pulsante,
1661 1306 1871 1345 conspicimus
1894 1307 2050 1346 profuisse
2073 1309 2134 1349 ipsi

1181 1345 1349 1376 consilium
1384 1345 1479 1384 illud,
1513 1346 1567 1376 sed
1599 1347 1726 1386 speciali
1762 1349 1928 1389 privilegio
1962 1355 1993 1380 et
2023 1351 2134 1384 favore

1181 1387 1329 1418 Domini:
1364 1392 1399 1418 ut
1429 1398 1493 1418 non
1521 1389 1561 1419 sit.
1591 1389 1790 1420 inferendum
1825 1396 1992 1431 propterea
2026 1393 2133 1426 Deum

1181 1429 1290 1460 eodem
1316 1441 1440 1470 semper
1464 1431 1555 1461 modo
1578 1442 1649 1462 cum
1673 1433 1819 1463 omnibus
1842 1440 2005 1465 acturum:
2037 1441 2066 1466 ct
2090 1448 2131 1468 ne

1181 1478 1299 1504 temere
1322 1473 1481 1513 quaelibet
1504 1474 1650 1514 exempla
1673 1475 1846 1515 cogitemus
1877 1477 2004 1508 imitari.
2051 1478 2132 1517 Quis

1180 1515 1274 1552 enim,
1303 1516 1441 1555 exempli
1471 1517 1589 1556 gratia3
1620 1527 1715 1556 quum
1746 1518 1835 1548 audit
1857 1518 2032 1550 Dominum
2057 1532 2133 1553 nos-

1179 1563 1265 1588 trum
1285 1558 1393 1589 Iesum
1417 1559 1583 1589 Christum
1603 1569 1694 1590 caeco
1713 1560 1837 1591 cuidam
1857 1562 2019 1593 oculorum
2036 1574 2130 1596 usum

1180 1600 1381 1631 redditurum
1412 1601 1571 1640 inspuisse
1602 1603 1632 1632 in
1663 1613 1802 1640 manum,
1837 1610 1868 1634 et
1896 1604 1999 1635 lutum
2026 1616 2130 1638 mace-

1178 1653 1274 1680 rasse,
1299 1654 1359 1683 quo
1379 1643 1493 1675 deinde
1512 1644 1589 1675 levit
1607 1645 1712 1675 oculos
1733 1645 1826 1683 illius,
1849 1651 1880 1676 et
1903 1647 2007 1677 visum
2032 1648 2129 1690 dedit,

1178 1690 1307 1725 sputum
1327 1687 1487 1717 existimet
1505 1691 1561 1717 aut
1579 1687 1681 1717 lutum
1702 1688 1817 1718 habere
1836 1689 1900 1718 vim
1914 1689 2127 1731 illuminandi,

1178 1734 1210 1759 et
1233 1729 1452 1769 usurpandum
1475 1730 1595 1761 factum
1619 1730 1705 1765 illud,
1730 1737 1763 1760 ut
1786 1732 1924 1770 papistas
1948 1732 2059 1764 fecisse
2079 1735 2127 1765 vi-

1177 1771 1312 1802 demus?
1359 1771 1443 1803 Sane
1473 1772 1556 1803 idem
1588 1773 1680 1803 fuerit
1710 1784 1745 1803 ac
1773 1774 1799 1803 si
1832 1774 1901 1813 quis
1924 1784 2035 1814 aquam
2060 1776 2128 1816 igni

1177 1814 1310 1845 miscere
1333 1814 1419 1845 velit.
1464 1815 1582 1854 Ecquis
1605 1815 1702 1854 igitur
1725 1826 1763 1845 ex
1789 1816 1846 1846 hoc
1875 1816 1957 1847 facto
1986 1820 2126 1858 speciali,

1177 1867 1240 1896 quo
1270 1856 1380 1888 Saulis
1415 1857 1555 1888 furorem
1590 1857 1773 1888 harmonico
1804 1858 1937 1889 Davidis
1968 1867 2126 1893 concentu

1175 1899 1236 1930 fuit
1257 1899 1408 1939 placatus,
1433 1900 1594 1930 existimet
1617 1900 1681 1930 vim
1705 1900 1862 1939 quandam
1883 1902 2017 1932 sanandi
2038 1903 2124 1935 furo-

1175 1952 1243 1972 rem
1268 1941 1417 1973 habuisse
1440 1942 1574 1973 Davidis
1597 1943 1773 1973 citharam?
1808 1942 1893 1974 Sane
1917 1954 1980 1974 non
2004 1956 2040 1976 ea
2063 1946 2125 1977 fuit

1174 1985 1224 2015 vis
1244 1985 1394 2021 citharae,
1419 1996 1480 2015 non
1504 1985 1640 2016 musices
1664 1991 1717 2015 ant
1741 1985 1873 2016 aliorum
1897 1987 2122 2026 organicorum

1173 2029 1472 2065 instrumentorum,
1506 2033 1540 2058 ut
1572 2028 1689 2067 pellere
1721 2027 1858 2058 diabolos
1892 2033 1924 2058 ct
1957 2030 2125 2062 coniurare

1173 2074 1321 2110 possent:
1351 2070 1406 2101 sed
1436 2070 1498 2101 Dei
1528 2070 1674 2101 voluntas
1701 2070 1874 2101 efficaciam
1903 2070 1966 2101 illis
1993 2072 2032 2102 ad
2063 2073 2125 2106 hoc

1173 2112 1373 2143 efficiendum
1408 2112 1501 2143 dedit.
1554 2115 1660 2152 Atque
1691 2113 1768 2144 haec
1797 2123 1888 2153 saepe
1917 2115 2122 2148 consiliorum

1173 2155 1355 2186 divinorum
1385 2156 1466 2186 ratio
1495 2160 1552 2193 est,
1590 2162 1623 2185 ut
1654 2156 1789 2193 obliquis
1819 2156 1931 2186 mediis
1959 2157 1997 2187 ad
2028 2168 2121 2190 suum

1173 2208 1251 2237 opus
1288 2198 1516 2237 perficiendum
1552 2202 1670 2228 utatur.
1722 2198 1957 2237 Nonnunquam
1998 2200 2121 2238 accidit,

1172 2246 1209 2271 ut
1237 2241 1289 2280 qui
1319 2240 1460 2270 iustitiae
1486 2248 1516 2270 et
1547 2240 1699 2279 aequitati
1729 2240 1885 2270 studuerit
1908 2246 1938 2271 et
1961 2251 1994 2271 se
2018 2248 2120 2275 totum

1172 2283 1354 2320 tradiderit,
1385 2288 1508 2322 tempus
1541 2288 1573 2313 ct
1601 2293 1728 2322 operam
1758 2283 1870 2313 lusisse
1902 2283 2057 2321 videatur,
2089 2291 2122 2317 et

1171 2325 1262 2356 labor
1295 2335 1331 2356 ac
1365 2330 1498 2356 conatus
1532 2325 1640 2355 irritus
1674 2325 1835 2361 videatur,
1877 2336 1970 2364 quem
2011 2332 2119 2359 tamen

1171 2368 1260 2399 Deus
1294 2368 1477 2405 fortunabit‚
1512 2371 1546 2397 ut
1580 2369 1611 2397 in
1646 2378 1681 2397 eo
1711 2368 1770 2398 Dei
1805 2368 2008 2399 manifestum
2040 2380 2120 2409 opus

1171 2414 1331 2451 appareat.
1384 2409 1447 2440 Sed
1478 2409 1628 2448 quamdiu
1659 2421 1697 2440 ex
1727 2410 1827 2440 nostri
1856 2421 1967 2441 sensus
2002 2412 2119 2444 iudicio

1170 2452 1282 2484 mediis
1313 2452 1447 2491 obliquis
1474 2462 1530 2482 nos
1554 2452 1621 2491 agit
1644 2460 1843 2482 transversos
1866 2452 2000 2484 illudere
2023 2464 2118 2487 cona-

1170 2496 1254 2527 tibus
1277 2493 1412 2525 videtur.
1455 2495 1602 2533 Exempli
1627 2495 1739 2534 gratia,
1768 2495 1969 2525 Davidemne
1992 2503 2118 2535 oporte-

1169 2539 1222 2569 bat
1251 2542 1286 2568 ut
1314 2536 1349 2566 in
1380 2537 1499 2576 regiam
1531 2536 1719 2576 dignitatem
1749 2537 1937 2567 eveheretur
1960 2538 2117 2571 citharam

1169 2578 1321 2620 pulsare?
1352 2589 1391 2609 an
1422 2579 1496 2609 inde
1526 2578 1653 2617 aliquod
1676 2579 1780 2618 potuit
1802 2590 1929 2619 sperare
1953 2580 2118 2613 adiumen-

1170 2631 1237 2654 tum
1281 2621 1320 2652 ad
1359 2621 1545 2662 dignitatem
1579 2621 1665 2652 illam
1700 2622 1978 2662 consequendam?
2036 2625 2120 2656 Erat

1868 2672 1916 2698 12*-
