2551 3044
210 167 267 197 177

207 263 240 291 et
262 259 512 300 negligentiores
534 259 567 289 in
598 259 666 298 ipso
697 257 875 289 invocando
904 258 1029 289 fiamus.

206 302 282 333 licet
306 302 447 342 persuasi
467 302 567 333 simus
587 301 648 331 Dei
668 301 816 340 spiritum
837 311 904 331 csse
924 299 1014 331 nobis
1037 304 1159 330 certum

207 345 325 386 pignus
348 344 559 384 perficiendae
583 344 615 374 in
639 343 729 374 nobis
753 344 836 374 vitae
860 347 1017 380 aeternae,
1052 346 1159 372 tamen

207 387 393 419 ardentibus
424 387 570 426 precibus
601 385 770 426 petendum
801 396 820 416 a
844 385 992 422 Domino,
1022 390 1058 415 ut
1087 394 1159 414 eum

206 431 239 461 in
269 429 359 460 nobis
389 430 562 468 continuet,
597 435 628 459 et
657 439 696 458 ne
730 438 871 467 unquam
906 427 1037 458 auferat.
1095 425 1159 458 Sed

207 477 364 512 quatenus
398 471 528 511 spiritus
563 471 601 501 de
635 470 725 501 donis
755 470 1002 510 particularibus
1033 469 1157 505 dicitur,

206 525 288 554 quae
315 514 354 545 ad
385 514 525 544 muneris
558 513 692 544 alieuius
726 513 922 544 functionem
956 513 988 543 in
1019 512 1156 552 aliquem

206 558 423 594 conferuntur,
452 566 544 595 posse
572 555 776 586 abutentibus
807 555 902 586 adimi
934 555 1080 595 sciamus,
1106 554 1156 585 vel

205 600 250 630 ita
280 598 415 638 sepeliri,
447 603 482 629 ut
511 597 599 628 nulla
627 599 668 628 sit
699 598 826 629 virtutis
856 597 978 637 reliqua
1008 597 1155 628 scintilla.

205 644 313 681 Atque
337 641 388 672 hie
411 647 459 671 est
483 640 652 671 verborum
676 640 820 676 istorum,
851 640 998 679 spiritum
1022 639 1084 670 Dei
1108 649 1157 669 re-

204 684 335 715 cessisse
359 694 377 714 a
400 682 506 721 Saule,
530 683 688 722 genuinus
711 693 832 713 sensus.
869 682 955 713 Sane
974 681 1157 722 quotidiana

204 726 406 766 experientia
430 726 520 756 docet
544 726 618 756 hinc
641 725 710 756 fieri
740 731 775 756 ut
805 725 994 756 astutissimi
1018 730 1049 755 et
1071 724 1157 755 ealli-

205 769 326 800 dissimi
357 768 473 808 quique
508 767 799 808 deprehendantur,
834 772 866 798 et
898 766 1044 798 omnibus
1078 768 1183 805 fiant,

204 810 459 850 contemptibiles
495 815 526 841 et
560 809 701 847 ridiculi;
736 809 818 849 quod
849 809 949 840 multa
978 815 1097 840 temere
1125 814 1158 839 et

203 854 438 885 inconsiderate
461 857 582 893 gerant,
606 862 687 892 quae
711 853 763 882 vix
788 852 970 883 stultissimi
994 852 1094 882 habiti
1118 852 1156 882 ab

204 896 387 927 hominibus
417 896 566 933 fecerint,
600 896 669 925 Deo
704 896 747 926 sic
781 895 907 925 illorum
942 894 1156 934 arrogantiam

204 944 422 979 persequente,
454 943 491 968 ut
513 937 746 968 inconsiderate
775 943 805 968 et
829 943 949 967 temere
971 937 1078 967 omnia
1102 937 1157 968 ad-

203 982 398 1012 ministrent.
443 980 529 1019 Quid
559 978 604 1010 ita
634 979 728 1010 vero?
775 979 868 1018 Quod
893 980 1043 1010 nimirum
1068 979 1156 1010 Deus

202 1024 281 1064 ipsis
305 1024 454 1063 spiritum
477 1029 623 1054 sanctum
644 1033 736 1052 suum
757 1022 926 1052 ademerit:
951 1022 1155 1061 quemadmo-

203 1067 278 1097 dum
299 1067 394 1097 etiam
408 1065 568 1096 Dominus
590 1064 674 1104 apud
694 1065 810 1096 Isaiam
835 1064 919 1101 dicit,
943 1074 976 1095 se
998 1065 1156 1104 sapientes

203 1109 238 1140 in
262 1109 360 1140 oculis
383 1109 449 1139 suis
473 1108 698 1147 depressarum
722 1113 752 1138 et
775 1107 1014 1143 infatuaturum,
1039 1112 1070 1137 et
1092 1113 1157 1137 stu-

203 1162 280 1191 pore
311 1161 535 1191 percussurum
567 1158 597 1180 et
628 1150 861 1181 inebriaturum
892 1149 1006 1187 furore,
1035 1155 1071 1180 ut
1093 1149 1157 1180 sint

202 1195 305 1225 instar
328 1194 476 1224 ferarum.
523 1192 623 1223 Cuius
646 1203 721 1233 ergo
746 1203 841 1223 manu
866 1192 934 1222 fieri
957 1192 1018 1222 ista
1041 1192 1157 1222 dixeri-

201 1247 283 1274 mus,
307 1236 368 1267 nisi
381 1236 441 1266 Dei
465 1235 612 1272 vindicis,
635 1242 667 1266 et
690 1235 837 1275 spiritum
862 1245 954 1265 suum
978 1233 1155 1265 subducen-

201 1279 252 1318 tis,
276 1284 311 1310 ut
333 1289 351 1309 a
370 1278 467 1309 Saule
491 1279 609 1309 factum
634 1283 690 1317 est⁷
716 1284 843 1317 propter
866 1276 1153 1317 ingratitudinem?

202 1321 282 1354 Saul
305 1320 432 1361 quidem
456 1331 532 1351 saue
556 1320 710 1360 reprobus
734 1321 837 1351 factus
860 1320 963 1359 gratia
985 1319 1046 1350 Dei
1069 1320 1153 1350 exci—

202 1364 257 1403 dit,
279 1364 333 1395 sed
358 1368 390 1394 et
412 1364 445 1393 in
469 1364 540 1394 aliis
563 1363 647 1393 idem
671 1364 767 1393 etiam
790 1362 955 1402 contingit,
976 1362 1152 1393 cuiusmodi

201 1407 384 1447 exemplum
407 1406 513 1437 David
538 1406 605 1446 ipse
628 1406 661 1436 in
685 1416 752 1436 sese
777 1404 925 1441 ostendit,
948 1405 1000 1444 qui
1023 1404 1152 1435 Psalmo

200 1450 240 1481 51
271 1449 486 1489 conqueritur,
517 1449 608 1488 quasi
637 1449 677 1480 sit
701 1459 717 1478 a
740 1448 810 1478 Deo
841 1447 936 1487 plane
964 1447 1099 1478 reiectus
1121 1452 1153 1477 et

202 1492 397 1532 reprobatus,
422 1502 457 1522 ac
480 1491 612 1531 proinde
636 1496 783 1531 precatur
808 1490 922 1526 Deum,
947 1494 982 1520 ut
1005 1490 1064 1530 ipsi
1088 1490 1152 1520 lae-

202 1535 304 1565 titiam
334 1534 421 1564 illam
453 1534 565 1564 salutis
590 1544 684 1573 quam
708 1534 782 1564 olim
815 1532 972 1563 habuerat
994 1533 1151 1570 restituat,

201 1581 234 1608 et
261 1577 376 1618 spiritu
409 1576 565 1607 libertatis
596 1577 718 1607 induat.
771 1576 853 1606 Tum
887 1575 972 1605 enim
1006 1575 1088 1615 apud
1118 1585 1151 1606 se

201 1619 307 1651 David
330 1620 528 1659 expendebat
553 1619 654 1659 qualis
678 1619 787 1649 fuisset
810 1617 961 1657 quamdiu
992 1617 1150 1648 horrendo

200 1662 254 1693 illo
285 1668 411 1702 peccato
439 1662 592 1693 adversus
616 1661 726 1693 Uriam
757 1660 903 1696 admisse,
937 1664 969 1691 et
997 1660 1150 1691 adulterio

200 1715 272 1737 cum
295 1704 466 1742 Bersabea,
498 1705 596 1735 veluti
628 1711 759 1734 veterno
789 1703 926 1741 quodam
956 1702 1088 1734 obrutus
1119 1708 1151 1733 et

199 1748 382 1787 consopitus
410 1748 521 1783 fuerat,
553 1758 667 1786 nempe
690 1746 751 1776 Dei
782 1745 873 1776 donis
902 1750 933 1776 et
955 1746 1057 1785 gratia
1079 1756 1150 1785 spo-

199 1790 305 1828 liatus,
335 1797 366 1820 et
394 1791 534 1821 omnium
568 1789 713 1820 dedecori
736 1789 908 1828 expositus,
939 1794 974 1818 ut
996 1799 1059 1819 non
1083 1799 1149 1819 am-

199 1833 282 1873 plius
305 1832 359 1863 illo
383 1832 481 1863 libero
503 1833 616 1872 spiritu
641 1842 733 1871 quem
755 1838 828 1861 ante
848 1835 1011 1870 acceperat
1030 1831 1149 1862 fruere-

199 1882 267 1906 tur:
298 1885 370 1906 eum
401 1876 499 1915 igitur
523 1875 580 1905 sibi
605 1874 694 1905 reddi
719 1873 854 1913 supplex
877 1884 895 1903 a
917 1873 1055 1904 Domino
1076 1884 1148 1913 pos-

198 1918 290 1949 tulat.
325 1917 433 1956 Quare
457 1928 553 1958 quum
574 1916 732 1947 Davidem
757 1922 882 1946 tuntum
906 1922 936 1946 et
959 1916 1053 1947 talem
1076 1927 1147 1956 pro—

197 1961 330 2001 phetam
355 1961 399 1992 sic
422 1961 506 2000 loqui
530 1960 686 1995 audimus,
716 1958 809 1998 quale
833 1964 974 1989 nostrum
997 1964 1147 1998 putamus

194 2014 263 2035 esse
286 2003 435 2039 officium,
465 2009 497 2034 et
526 2009 646 2042 quauta
667 2012 743 2032 cura
766 2006 798 2031 et
820 2001 1032 2032 sollicitudine
1055 2002 1146 2033 nobis

194 2046 228 2076 in
252 2052 361 2077 nostra
384 2046 549 2077 vocatione
572 2044 809 2079 ambulandum,
836 2044 1001 2083 Deumque
1020 2044 1146 2076 assidue

194 2088 420 2125 invocandum,
451 2094 486 2119 ut
517 2098 574 2118 nos
605 2088 637 2118 in
668 2087 733 2118 dies
756 2086 821 2117 suis
845 2087 936 2117 donis
959 2092 1092 2117 exornet
1115 2092 1145 2117 et

194 2131 228 2162 in
251 2131 419 2162 vocatione
438 2131 613 2168 confirmet,
633 2129 784 2168 verbique
803 2129 853 2159 sni
873 2129 989 2160 virtute
1008 2129 1145 2168 roboret,

196 2173 297 2204 donec
320 2174 471 2204 ultimum
495 2174 578 2204 vitae
602 2179 729 2203 nostrae
752 2172 848 2202 finem
872 2171 1096 2211 attigerimus?

280 2216 324 2246 Et
354 2216 391 2246 de
421 2216 492 2246 istis
521 2215 693 2251 liactenus3
729 2224 810 2254 quae
844 2224 935 2253 porro
968 2219 1144 2254 sequuntur

196 2257 347 2297 quiddam
373 2259 493 2289 habent
516 2257 721 2292 difficultatis,
752 2263 782 2287 et
806 2256 1034 2296 quodammodo
1057 2258 1142 2288 inso-

195 2300 296 2330 lentia
319 2300 420 2331 videri
444 2306 586 2340 possunt,
610 2310 733 2339 nempe,
762 2304 793 2329 ct
822 2299 995 2339 eoeaqitabat
1019 2299 1143 2331 Saulem

195 2343 325 2382 spiritus
347 2353 476 2382 nequam
499 2354 518 2374 α
540 2342 688 2374 Domino:
722 2341 861 2379 Quinam
890 2342 975 2372 enim
998 2348 1102 2383 potest
1125 2353 1142 2373 a

196 2385 336 2416 Domino
367 2385 523 2425 proficisci
552 2386 685 2425 spiritus
717 2383 876 2424 nequam?
920 2384 1025 2415 Deum
1056 2385 1141 2416 enim
1166 2400 1168 2412 ÷

195 2428 312 2458 seimus
342 2428 445 2458 omnis
476 2428 549 2458 boni
580 2428 707 2463 fontem,
739 2433 770 2456 et
798 2427 917 2458 nullam
946 2427 977 2458 in
1001 2427 1141 2459 Domino

195 2481 264 2501 esse
287 2470 505 2501 confusionem
530 2480 631 2509 neque
654 2469 864 2509 iniquitatem.
909 2469 1016 2509 Quare
1039 2471 1141 2502 malus

194 2512 327 2552 spiritus
351 2513 432 2543 nihil
455 2522 473 2542 a
496 2513 656 2543 contrario
686 2512 766 2543 bono
800 2512 912 2552 spiritu
935 2512 1004 2544 Deo
1028 2518 1140 2553 potest,

195 2555 277 2595 quod
308 2557 426 2586 astutia
455 2566 512 2586 sua
542 2559 646 2586 vertat
675 2555 708 2585 in
741 2554 870 2592 malum,
904 2556 1053 2596 accipere.
1098 2556 1142 2587 Et

195 2603 303 2629 tamen
327 2604 437 2638 postea
460 2599 544 2629 servi
570 2596 676 2629 Saulis
707 2597 817 2629 dicunt
839 2598 984 2638 spiritum
1009 2599 1140 2630 Domini

296 2649 403 2676 Caluini
418 2656 510 2682 opera.
548 2649 604 2674 Vol.
622 2649 716 2674 XXX.

855 164 902 195 IN
927 163 951 195 I.
977 163 1063 195 LIB.
1087 162 1284 195 SAMUEL.
1309 164 1404 196 CAP.
1428 165 1521 196 XVI.

1074 257 1161 297 Ergo
1184 277 1188 295 γ
1214 256 1333 288 malum
1375 257 1507 288 Saulem
1548 259 1728 298 exagitare:

2116 167 2174 198 178

1773 269 1853 299 quae
1899 259 1979 290 duae
2021 259 2170 298 loquendi

1213 299 1344 338 phrases
1368 300 1539 331 insolentes
1564 300 1715 332 videntur
1737 307 1767 332 et
1793 301 2015 341 blasphemae,
2046 302 2171 342 sibique

1211 341 1289 380 ipsis
1319 343 1513 379 contrariae,
1553 353 1652 383 quum
1692 355 1754 375 uno
1786 344 1854 375 loco
1884 344 2007 375 dicatur
2036 345 2169 384 spiritns

1211 384 1316 414 malus
1339 395 1357 415 a
1376 385 1530 415 Domino:
1555 386 1617 416 alio
1643 397 1727 423 vero,
1752 387 1883 426 spiritus
1908 386 2011 417 malus
2025 386 2169 418 Domini.

1211 425 1275 457 Sed
1309 427 1397 457 nulla
1428 428 1457 457 in
1490 428 1558 458 istis
1588 428 1795 468 blasphemia,
1830 429 1917 460 nulla
1952 431 2167 469 repugnantia

1210 478 1279 499 esse
1303 476 1521 509 cognoscetur,
1547 471 1573 501 si
1597 471 1921 502 animadverterimus
1944 482 2024 510 quac
2048 473 2090 503 sit
2102 472 2167 503 Do-

1210 511 1288 541 mini
1312 512 1453 551 potentia
1477 513 1509 542 iu
1533 513 1675 544 diabolos
1705 520 1736 543 ct
1759 514 1791 545 in
1816 525 1925 545 omnes
1949 515 2090 553 ipsorum
2114 525 2164 546 co-

1209 558 1313 590 natus,
1339 564 1375 585 ae
1398 554 1517 584 rabiem
1541 561 1572 585 et
1596 556 1735 587 furorem
1759 557 1911 595 ipsorum.
1957 556 2026 587 Nnc
2048 557 2074 587 si
2094 556 2166 588 Deo

1209 596 1254 627 sic
1283 596 1428 628 inimicos
1460 602 1491 627 et
1521 597 1714 629 reluctantes
1746 598 1887 629 diabolos
1922 599 2163 637 arbitraremur,

1210 644 1244 668 ut
1269 649 1330 669 non
1355 643 1514 670 coerceret
1536 640 1606 670 illos
1637 651 1693 671 suo
1724 641 1866 680 imperio,
1896 651 2054 672 summam
2087 642 2165 681 ipsis

1209 680 1459 712 dominationem
1482 687 1513 712 et
1536 682 1703 721 imperium
1729 684 1990 721 adscriberemus,
2022 689 2053 714 et
2079 685 2164 723 quod

1209 723 1269 754 Dei
1293 724 1390 754 unius
1412 724 1576 763 proprium
1600 732 1648 755 est
1676 726 1899 763 tribueremus,
1929 737 1991 757 non
2022 727 2092 757 sine
2114 727 2163 757 in-

1208 766 1297 805 genti
1321 772 1352 797 et
1376 766 1562 797 detestanda
1594 767 1804 806 blasphemia.
1849 768 1958 807 Quare
1987 769 2163 800 tenendum

1208 814 1255 839 est
1285 807 1426 840 diabolos
1458 809 1501 839 ita
1526 809 1592 839 Deo
1623 810 1779 841 subiectos
1802 821 1880 848 esse,
1911 816 1946 841 ut
1967 811 2037 842 sine
2060 811 2163 852 ipsius

1209 852 1366 890 permissu
1390 851 1471 882 nihil
1495 862 1622 882 movere
1645 853 1784 892 possint:
1809 860 1840 884 ct
1863 853 1937 883 licet
1960 854 2083 885 malitia
2105 866 2165 885 sua

1208 898 1240 924 et
1263 894 1340 924 vitio
1365 893 1528 933 depravati
1551 895 1756 934 corruptique
1787 896 1861 933 sint,
1892 902 1999 926 tamen
2023 896 2093 927 Deo
2117 897 2163 927 in-

1208 936 1339 974 servire,
1370 947 1504 976 quorum
1534 946 1629 976 opera
1659 948 1714 976 pro
1745 949 1820 968 suae
1853 938 2027 969 voluntatis
2051 943 2163 970 utatur

1209 979 1352 1019 arbitrio⁷
1383 984 1420 1009 ut
1450 978 1531 1009 nihil
1560 981 1666 1009 conari
1690 980 1758 1010 sine
1782 981 1882 1019 ipsius
1906 981 2064 1019 permissu
2088 992 2163 1022 pos-

1207 1021 1280 1052 sint.
1315 1021 1363 1052 Ac
1381 1021 1454 1052 lieet
1474 1022 1601 1061 proprio
1624 1022 1730 1053 furore
1753 1030 1862 1053 eontra
1878 1024 1935 1053 Dei
1960 1023 2163 1056 voluntatem

1207 1063 1364 1101 ferantur,
1389 1065 1520 1103 eiusque
1543 1064 1676 1103 gloriam
1700 1065 1870 1095 obscurare
1894 1066 2045 1104 nitantur,
2070 1067 2162 1098 iusti-

1208 1106 1348 1146 tiamque
1372 1116 1574 1146 corrumpere
1597 1113 1628 1137 et
1651 1108 1778 1138 inanem
1798 1107 1948 1138 reddere:
1972 1115 2162 1141 nontamen

1208 1148 1406 1179 voluntatem
1437 1150 1587 1189 perficere
1618 1160 1718 1189 posse,
1742 1160 1845 1189 neque
1876 1151 1971 1181 etiam
2002 1162 2070 1182 sese
2093 1162 2161 1183 mo-

1208 1202 1291 1228 vere,
1311 1192 1371 1222 nisi
1392 1196 1546 1231 quantum
1567 1198 1596 1222 et
1616 1198 1772 1231 quatenus
1792 1193 1854 1223 illis
1874 1193 1985 1223 divina
2004 1195 2162 1233 permittit

1207 1234 1358 1273 potentia.
1404 1234 1610 1274 Quapropter
1633 1234 1804 1274 diligenter
1834 1241 1881 1265 est
1913 1236 1991 1266 haec
2015 1236 2161 1268 doctrina

1209 1275 1393 1307 meditanda
1416 1282 1446 1307 et
1470 1277 1583 1308 animis
1609 1278 1725 1308 nostris
1745 1277 1916 1317 infigenda,
1937 1278 2005 1309 sine
2024 1289 2087 1318 qua
2098 1279 2160 1311 Dei

1209 1319 1358 1350 maiestas
1382 1325 1413 1349 ct
1436 1320 1538 1359 gloria
1560 1331 1621 1350 non
1645 1320 1844 1351 subsisteret:
1876 1331 1989 1360 nempe
2019 1321 2161 1354 diabolos

1209 1371 1276 1392 esse
1299 1362 1344 1392 ita
1358 1362 1499 1392 Domino
1523 1361 1674 1398 subditos,
1698 1368 1733 1393 ut
1756 1362 1806 1393 vel
1830 1363 1950 1394 invitos
1972 1363 2033 1402 ipsi
2057 1365 2158 1395 inser·

1207 1404 1277 1435 vire
1301 1409 1454 1444 oporteat,
1485 1408 1517 1435 et
1545 1405 1617 1435 lieet
1640 1405 1843 1442 reluctantes,
1875 1406 1941 1436 eius
1971 1411 2079 1436 tamen
2103 1416 2160 1438 vo-

1206 1446 1365 1478 luntatem
1388 1452 1419 1478 et
1442 1447 1603 1479 decretum
1628 1448 1788 1488 perficere.
1833 1448 1880 1478 Ae
1904 1459 1980 1479 sane
2003 1448 2159 1489 quidquid

1206 1489 1324 1521 diaboli
1347 1489 1516 1521 adversum
1547 1500 1605 1521 nos
1629 1491 1795 1529 potestatis
1818 1490 1937 1521 habent
1960 1491 1993 1520 in
2017 1502 2053 1522 eo
2076 1493 2158 1531 posi-

1205 1537 1272 1562 tum
1307 1538 1357 1563 est
1389 1537 1425 1563 ut
1458 1543 1514 1563 nos
1547 1532 1687 1564 cladibus
1720 1533 1830 1563 multis
1864 1533 2037 1573 flagellent,
2073 1535 2157 1566 unde

1205 1585 1412 1615 quaecunque
1442 1575 1577 1606 adversa
1606 1575 1754 1615 patimur,
1785 1576 1911 1615 flagella
1935 1577 2156 1609 nominantur.

1204 1620 1257 1648 An
1278 1628 1354 1648 vero
1367 1617 1563 1649 diabolorum
1584 1629 1620 1648 ea
1639 1624 1685 1648 est
1704 1624 1852 1657 potestas,
1878 1622 1913 1649 ut
1932 1629 1988 1649 nos
2002 1624 2155 1658 tanquam

1203 1670 1277 1691 suas
1308 1666 1469 1691 creaturas
1500 1668 1530 1691 et
1558 1660 1616 1691 sibi
1640 1660 1783 1691 subditos
1806 1660 1963 1700 puniant?
2006 1661 2155 1694 Profecto

1203 1703 1319 1734 misera
1353 1703 1526 1741 hominum,
1559 1704 1584 1734 si
1615 1713 1648 1734 se
1677 1714 1727 1734 res
1757 1704 1801 1733 ita
1835 1703 1980 1741 haberet,
2015 1705 2154 1736 conditio

1203 1750 1295 1776 esset.
1340 1745 1509 1786 Scriptura
1542 1746 1642 1786 igitur
1676 1756 1750 1777 voce
1784 1745 1839 1775 illa
1869 1746 1999 1785 spiritus
2029 1747 2104 1777 mali
2137 1758 2155 1778 a

1202 1787 1350 1825 Domino,
1375 1789 1426 1819 vel
1451 1788 1591 1824 Domini,
1615 1789 1724 1825 utitur,
1749 1793 1782 1818 ut
1805 1788 1951 1819 ostendat
1965 1789 2070 1820 Deum
2089 1790 2154 1820 illis

1201 1836 1353 1871 tanquam
1377 1831 1512 1871 flagellis
1533 1831 1577 1861 uti
1597 1831 1635 1861 ad
1656 1836 1836 1861 nostrarum
1861 1833 2153 1871 transgressionum

1201 1873 1434 1905 coercitionem.
1487 1874 1594 1912 Quare
1625 1884 1721 1913 quum
1753 1882 1771 1902 a
1804 1872 1936 1904 diabolis
1967 1874 2152 1914 affligimur,

1200 1927 1240 1947 ne
1264 1917 1484 1947 existimemus
1508 1916 1639 1946 Domini
1669 1926 1800 1946 manum
1829 1926 1891 1946 non
1915 1926 1984 1947 esse
2007 1918 2152 1956 superio-

1200 1969 1283 1995 rem;
1318 1958 1371 1990 sed
1405 1960 1541 1990 sciamus
1574 1959 1680 1998 potius
1714 1957 1851 1989 diabolos
1885 1968 1953 1989 esse
1993 1963 2148 1998 tanquam

1199 2001 1332 2041 flagella,
1363 2001 1478 2041 quibus
1499 2001 1538 2031 ad
1562 2011 1620 2032 nos
1644 2000 1800 2031 feriendos
1824 2000 1913 2031 Deus
1936 2000 2047 2033 utitur.
2093 2002 2149 2035 Sic

1199 2054 1275 2084 ergo
1294 2044 1411 2075 dieitur
1430 2054 1447 2073 a
1460 2044 1599 2074 Domino
1623 2044 1717 2074 fuisse
1740 2043 1870 2082 spiritus
1893 2043 1946 2073 ille
1970 2043 2072 2075 malus
2092 2046 2148 2084 qui

1199 2087 1330 2117 Saulem
1355 2087 1540 2127 exagitavit,
1569 2090 1601 2116 et
1624 2090 1740 2125 postea,
1770 2085 1866 2115 fuisse
1889 2085 2019 2125 spiritus
2042 2087 2148 2118 malus

1198 2129 1346 2160 Domini:
1381 2140 1445 2159 non
1469 2128 1552 2168 quod
1575 2139 1593 2159 a
1616 2129 1684 2159 Deo
1706 2128 1824 2158 malum
1855 2129 2061 2166 processerit:
2091 2130 2146 2160 sed

1197 2171 1280 2211 quod
1304 2171 1429 2209 diaboli,
1451 2182 1541 2202 suam
1565 2171 1636 2201 lieet
1659 2171 1692 2200 in
1716 2181 1748 2201 se
1771 2169 1926 2201 malitiam
1949 2172 2146 2209 contineant,

1196 2214 1289 2245 inviti
1312 2219 1418 2245 tamen
1443 2219 1507 2245 tam
1532 2214 1625 2245 aretis
1656 2213 1786 2244 habenis
1810 2222 1827 2242 a
1851 2212 1920 2243 Deo
1949 2219 2146 2253 coercentur,

1195 2262 1231 2288 ut
1253 2257 1314 2297 ipsi
1337 2257 1522 2293 inserviant,
1552 2261 1583 2287 et
1605 2257 1680 2295 ipsis
1704 2255 1742 2285 ad
1767 2255 1912 2286 homines
1935 2255 2144 2296 flagellandos

1195 2304 1226 2330 et
1256 2299 1457 2339 castigandos
1487 2304 1604 2329 utatur.
1649 2297 1733 2329 Sane
1764 2308 1860 2337 quum
1885 2298 1923 2328 de
1948 2297 2016 2328 Deo
2039 2299 2144 2338 qualis

1193 2343 1226 2373 in
1250 2353 1283 2373 se
1307 2348 1355 2373 est
1377 2342 1545 2381 loquimur,
1565 2340 1727 2372 sciendum
1747 2346 1795 2370 est
1814 2339 1906 2370 illum
1925 2340 2028 2370 solum
2048 2351 2144 2372 suum

1193 2385 1226 2415 in
1256 2395 1289 2415 se
1319 2384 1466 2424 spiritum
1498 2384 1622 2421 habere,
1652 2382 1917 2422 quemadmodum
1948 2383 2069 2414 Paulus
2099 2384 2145 2414 ait

1195 2429 1221 2458 1.
1247 2427 1390 2458 Corinth.
1416 2427 1454 2456 12
1484 2426 1638 2456 donorum
1671 2426 1731 2456 Dei
1761 2435 1828 2455 esse
1860 2425 2056 2462 varietatem,
2087 2426 2143 2457 sed

1194 2480 1292 2501 unum
1322 2473 1352 2500 et
1386 2468 1521 2499 eundem
1555 2468 1710 2507 spiritum,
1743 2467 1934 2498 efficientem
1968 2468 2075 2499 omnia
2107 2469 2142 2500 in

1192 2512 1348 2544 omnibus.
1394 2511 1458 2543 Sed
1482 2521 1579 2550 quum
1603 2510 1640 2541 de
1664 2509 1746 2540 malo
1773 2510 1896 2549 spiritu,
1929 2509 2070 2541 diabolos
2091 2510 2142 2541 in-

1193 2555 1373 2595 telligamus
1396 2559 1512 2584 natura
1534 2563 1590 2584 sua
1618 2557 1791 2592 corruptos,
1824 2553 1876 2592 qui
1907 2556 2014 2583 tamen
2037 2563 2055 2583 a
2077 2552 2143 2584 Do-

1194 2598 1280 2629 mino
1311 2597 1493 2634 mittuntur,
1524 2596 1562 2626 ad
1594 2605 1646 2627 eos
1677 2605 1753 2635 quos
1784 2595 1920 2625 voluerit
1943 2594 2143 2636 affligendos,

1907 2647 1939 2672 12
