2551 3044
169 207 232 240 605

169 302 319 343 largitur,
354 306 385 333 et
419 301 551 333 Domini
586 300 688 332 nostri
719 303 927 340 praeceptum
958 299 1132 336 imitemur,

171 346 225 385 qui
245 345 333 376 iubet
356 355 413 376 nos
436 355 505 376 esse
528 343 703 384 prudentes
725 348 879 381 tanquam
903 346 1077 380 serpentes,
1102 347 1133 371 et

170 387 331 428 simplices
366 392 521 427 tanquam
560 386 731 417 columbas.
782 383 969 415 Ridiculum
995 383 1132 424 quidem,

170 430 285 469 fateor,
308 429 394 460 istud
419 433 625 468 praeceptum
650 427 796 459 videtur:
822 437 925 466 neque
949 427 1035 456 enim
1059 436 1132 456 cum

170 472 343 513 prudentia
377 471 525 503 videmur
555 481 647 510 posse
675 470 814 501 hostium
846 468 976 499 fraudes
1008 479 1132 505 cavere,

171 516 233 546 nisi
269 514 399 546 accedat
437 514 537 544 dolus.
591 512 655 544 Sed
691 517 803 544 eontra
833 511 993 542 Dominus
1024 516 1133 542 noster

171 558 262 589 Iesus
283 556 433 588 Christus
454 557 500 587 ita
519 556 692 596 prudentes
712 566 780 586 esse
801 553 898 591 iubet,
922 559 959 584 ut
982 553 1021 584 ab
1045 555 1132 584 omni

170 600 242 631 dolo
271 604 302 630 et
332 598 443 630 fraude
473 599 574 630 simus
597 597 795 637 alienissimi,
826 597 968 628 contenti
992 596 1132 627 hostium

169 642 259 674 dolos
292 641 444 682 effugisse
473 646 631 682 quantum
654 641 744 672 Deus
769 639 905 677 dederit,
929 644 960 669 et
983 639 1052 670 luce
1077 649 1133 669 sua

168 685 260 716 nobis
284 689 425 715 mentem
449 684 620 724 aperuerit,
644 688 677 714 et
699 682 902 714 imminentia
925 682 963 713 ab
988 681 1133 713 hostibus

170 727 314 768 pericula
337 726 514 758 detexerit:
544 726 589 758 sic
608 726 814 766 prudentiam
839 730 984 756 nostram
1007 728 1134 764 oportet

169 780 188 801 a
217 770 288 801 Deo
322 769 462 810 pendere
496 780 568 801 eum
603 769 808 809 simplicitate
843 767 1027 799 columbina
1056 777 1131 798 con-

169 813 326 844 iunctam:
358 816 507 852 certoque
531 822 701 852 persuasos
725 822 794 842 esse
817 821 874 841 nos
898 811 931 840 in
946 809 1008 840 Dei
1032 809 1133 841 tutela

169 865 248 893 esse,
279 865 315 886 ae
343 855 478 895 proinde
508 854 663 895 quidquid
695 853 842 885 homines
872 852 1043 884 adversum
1075 862 1133 883 nos

168 897 364 934 moliantur,
409 908 616 937 quoscunque
660 897 790 937 laqueos
834 899 986 934 nectent,
1031 895 1133 926 vitam

169 944 316 971 nostram
338 940 371 970 in
395 940 458 971 Dei
482 951 581 971 manu
596 943 636 981 ,et
659 939 761 970 tutela
783 938 860 969 fore.
908 938 951 969 Et
974 938 1012 968 de
1032 938 1133 968 Davi-

168 981 218 1014 dis
245 982 467 1014 moderatione
504 987 535 1013 et
563 982 737 1022 prudentia
768 982 801 1012 in
831 980 985 1021 fugienda
1026 980 1133 1012 Saulis

167 1025 293 1057 malitia
327 1025 448 1057 dictum
483 1025 748 1056 hactenusesto.
791 1023 886 1062 Quod
921 1023 959 1054 ad
994 1023 1133 1055 oblecta-

168 1069 289 1099 tionem
307 1068 408 1108 ipsius
427 1068 544 1099 attinet
563 1069 597 1098 in
617 1072 804 1107 sequentem
824 1066 909 1097 diem
929 1065 1015 1096 illam
1042 1065 1132 1097 diffe-

168 1121 287 1142 remus.

253 1153 324 1184 Iam
352 1163 424 1184 vero
447 1153 542 1194 agite,
567 1155 618 1184 etc.

455 1349 700 1388 HOMILIA
724 1349 866 1388 XCVI.

426 1416 518 1449 (vers.
537 1417 647 1443 22—25.
687 1416 755 1443 Vide
773 1417 879 1450 supra).

252 1495 418 1527 Hesterna
430 1494 583 1526 concione
596 1493 710 1525 docere
723 1494 898 1534 coepimus,
911 1504 1009 1534 quare
1022 1493 1132 1525 David

167 1536 262 1569 Sauli
291 1538 435 1570 lanceam
467 1540 499 1568 et
529 1537 688 1577 scyphum
718 1547 814 1577 quam
837 1541 1003 1577 acceperat
1026 1536 1132 1568 reddi-

167 1579 262 1620 derit,
293 1581 377 1621 quod
404 1590 469 1610 non
492 1579 626 1611 haberet
649 1580 681 1611 in
706 1580 815 1611 animo
839 1579 878 1610 de
901 1579 999 1611 Saule
1022 1580 1133 1611 trium-

166 1622 284 1663 phare,
325 1624 381 1655 sed
423 1622 501 1654 satis
535 1622 667 1653 haberet
701 1633 719 1653 a
751 1623 1001 1662 persequutione
1035 1633 1132 1662 quam

165 1665 350 1706 patiebatur
379 1665 519 1697 liberari.
565 1665 650 1696 Nam
673 1665 726 1696 ille
749 1665 879 1706 quidem
903 1665 1054 1706 deinceps
1076 1665 1132 1696 ad-

166 1719 281 1740 versus
313 1709 461 1740 inimicos
491 1708 659 1749 pugnavit,
689 1712 722 1739 et
744 1708 879 1740 victoria
901 1712 995 1748 parta
1018 1708 1132 1739 trium-

165 1751 289 1792 phavit,
320 1751 376 1783 sed
399 1756 476 1782 tunc
494 1752 648 1791 temporis
672 1751 731 1782 sibi
754 1750 984 1791 quiescendum
1009 1751 1132 1787 statuit,

167 1794 268 1826 donec
281 1795 371 1826 Deus
393 1795 460 1835 ipse
475 1793 608 1826 Saulem
631 1794 823 1824 sustulisset.
855 1793 969 1834 Itaque
992 1798 1132 1825 statuen-

168 1837 244 1868 dum
274 1837 366 1869 nobis
389 1842 437 1869 est
460 1840 571 1877 aperto
595 1836 690 1874 bello,
714 1837 808 1867 modo
833 1836 912 1867 illud
936 1837 1058 1868 iustum
1081 1837 1132 1874 sit,

167 1883 200 1911 et
218 1880 391 1912 aDomino
414 1880 596 1920 probatum,
619 1890 713 1919 posse
736 1890 794 1911 nos
817 1880 864 1911 uti
886 1879 956 1910 iure
979 1879 1064 1919 belli,
1089 1880 1133 1910 sic

167 1926 277 1954 tamen
308 1928 343 1954 ut
379 1927 538 1963 quantum
570 1922 641 1953 fieri
670 1926 775 1962 potest
805 1922 948 1953 humano
979 1922 1132 1962 sanguini

166 1970 335 2006 parcatur:
378 1965 433 1997 sed
464 1966 490 1997 si
513 1965 656 1997 conditio
679 1965 734 1995 illa
758 1975 821 1996 non
846 1965 994 2004 adfuerit,
1024 1975 1061 1995 ea
1084 1969 1133 1996 est

167 2008 351 2040 adhibenda
373 2009 488 2046 cautio,
519 2012 550 2039 et
574 2018 610 2039 ea
633 2007 791 2039 servanda
815 2008 969 2048 aequitas,
992 2011 1028 2038 ut
1050 2007 1133 2038 nihil

167 2051 229 2082 nisi
257 2051 341 2091 quod
370 2051 445 2083 lieet
468 2051 652 2082 audeamus.
698 2050 781 2081 Nam
805 2051 832 2082 si
855 2050 994 2090 exempli
1019 2051 1131 2091 gratia,

167 2094 304 2134 improbi
336 2094 465 2134 quidam
496 2093 643 2125 homines
671 2093 704 2124 in
737 2093 904 2125 ecclesiam
937 2093 997 2124 Dei
1027 2093 1132 2124 insur-

168 2140 255 2177 gant,
285 2147 322 2168 ac
351 2136 485 2177 proinde
514 2136 630 2167 ultima
652 2136 871 2168 internecione
895 2136 1023 2167 delendi
1046 2135 1131 2166 vide-

169 2183 273 2218 antur,
297 2180 359 2211 etsi
381 2189 446 2210 non
469 2179 536 2210 sint
559 2179 713 2217 extranei,
744 2178 799 2210 sed
824 2179 991 2210 domestici
1014 2178 1131 2216 hostes,

169 2221 428 2262 quandoquidem
474 2222 630 2254 adversus
673 2222 759 2261 ipsos
804 2222 976 2253 autoritate
1021 2221 1133 2252 divina

170 2265 366 2305 sumpsimus
390 2275 488 2303 arma,
514 2269 638 2296 eertum
662 2269 710 2296 est
732 2264 828 2296 licere
851 2265 980 2305 quidem
1004 2263 1077 2295 illos
1098 2265 1131 2295 in

169 2308 289 2346 praelio
311 2307 444 2339 caedere
467 2312 500 2338 et
522 2307 714 2348 sanguinem
737 2307 867 2339 illorum
890 2307 1035 2338 fundere.
1067 2306 1132 2338 Sed

170 2349 198 2380 si
227 2354 338 2381 contra
368 2351 401 2381 in
432 2361 547 2382 manus
579 2354 706 2381 nostras
735 2351 915 2391 flagitiosus
938 2350 1054 2390 aliquis
1076 2350 1133 2380 im-

170 2392 261 2432 probi
288 2393 438 2424 faeinoris
469 2393 637 2424 convictus
666 2393 826 2432 inciderit,
855 2393 946 2424 cuius
976 2392 1132 2433 puniendi

170 2434 372 2466 autoritatem
393 2447 429 2467 ac
449 2439 642 2476 potestatem
660 2446 726 2466 non
743 2435 929 2474 habeamus,
945 2435 1021 2467 lieet
1033 2435 1132 2475 ipsius

170 2476 235 2507 Dei
263 2477 464 2517 providentia
493 2479 585 2510 nobis
616 2477 764 2517 traditus,
794 2484 825 2510 et
854 2479 942 2510 illius
965 2477 1131 2509 coercendi

171 2519 280 2550 oblata
309 2521 398 2552 nobis
418 2522 539 2553 occasio
561 2521 720 2560 videatur,
750 2526 859 2552 tamen
883 2521 1011 2561 publico
1034 2519 1132 2551 iudici

171 2561 365 2593 tradendum
387 2563 478 2595 illum
499 2574 568 2595 esse
592 2568 716 2595 certum
731 2568 780 2595 est
803 2569 835 2595 et
853 2564 937 2595 nihil
957 2563 1132 2595 autoritate

170 2603 298 2644 privata
325 2605 480 2638 adversus
509 2607 616 2647 ipsum
638 2606 832 2644 audendum,
865 2607 919 2638 sed
943 2606 1089 2637 ordinem
1113 2615 1132 2636 a

169 2645 240 2678 Deo
269 2649 500 2688 praescriptum
530 2649 704 2690 diligentor
735 2649 983 2681 observandum.
1029 2647 1131 2679 Deni-

808 206 856 237 IN
880 205 906 236 Ι.
931 205 1019 236 LIB.
1043 206 1242 237 SAMUEL.
1266 206 1360 237 CAI'.
1386 208 1513 239 XXVI.

1157 2620 1161 2674 l

2083 205 2145 237 606

1185 309 1245 338 que
1264 299 1339 331 hinc
1362 300 1543 341 colligimus
1557 301 1674 332 Davidi
1700 301 1777 332 satis
1802 301 1899 332 fuisse
1923 301 1948 331 si
1972 299 2144 331 aDomino

1186 352 1223 371 ex
1255 342 1402 374 manibus
1426 342 1545 381 Saulis,
1575 356 1592 374 a
1621 354 1682 384 quo
1713 343 1771 374 sibi
1804 349 1929 374 tantum
1955 342 2144 373 imminebat

1158 385 1377 423 Ipcrieulum,
1413 387 1599 425 eriperetur,
1635 386 1714 426 quod
1748 386 1844 417 sciret
1875 385 2015 416 nondum
2046 385 2143 416 licere

1184 426 1243 457 sibi
1267 427 1352 458 vires
1373 438 1445 459 suas
1469 428 1623 459 adversus
1649 428 1738 459 illum
1763 429 1887 459 hostem
1912 427 2062 468 experiri,
2088 428 2143 458 sed

1186 470 1216 498 in
1248 469 1336 499 aliud
1368 474 1494 510 tempus
1516 471 1734 507 reservandas,
1760 470 2029 511 quemadmodum
2055 469 2144 501 dein-

1185 521 1257 551 ceps
1288 512 1465 543 videbimus
1489 513 1647 544 Davidem
1673 524 1690 543 a
1713 519 1816 544 morte
1840 514 1950 544 Saulis
1974 523 2036 543 non
2062 513 2144 543 refu-

1185 554 1269 593 gisse
1300 555 1420 585 viribus
1448 566 1535 586 suam
1562 557 1764 587 autoritatem
1789 557 1883 587 tueri.
1929 555 1993 586 Sed
2018 561 2143 595 oporte-

1186 596 1237 626 bat
1258 596 1348 627 illum
1369 604 1553 637 exspectare
1572 604 1698 638 tempus
1717 603 1944 639 opportunum,
1969 608 2030 638 quo
2055 598 2144 628 dein-

1185 648 1257 678 ceps
1289 639 1347 678 ipsi
1379 639 1460 670 bello
1492 652 1524 671 se
1553 643 1631 671 tueri
1658 641 1774 672 liceret.
1820 641 1888 671 Iam
1914 650 1990 671 vero
2010 650 2144 671 eonver-

1186 681 1265 711 titur
1295 681 1333 712 ad
1366 692 1484 721 preces,
1513 687 1545 713 et
1568 683 1606 713 ad
1633 684 1737 714 Deum
1762 684 1915 724 confugit,
1948 684 1979 713 in
2005 693 2066 723 quo
2091 693 2142 714 ac-

1185 724 1327 763 quioscir,
1359 730 1546 764 exspectans
1570 726 1644 755 dum
1671 727 1760 756 Deus
1791 727 1904 766 cuique
1933 736 1989 766 pro
2020 726 2144 756 meritis

1185 766 1349 806 rependat.
1395 767 1454 797 Est
1478 768 1561 797 enim
1594 768 1651 798 hoc:
1682 769 1750 799 loco
1774 769 1908 799 verbum
1940 768 2039 798 futuri
2062 772 2143 798 tem-

1185 809 1282 848 poris,
1312 809 1393 848 quod
1425 820 1464 840 ex
1497 821 1556 841 usu
1588 810 1718 850 linguae
1746 816 1876 842 sanctae
1906 811 1950 842 sic
1979 810 2144 850 accipitur,

1186 856 1221 881 ut
1246 852 1294 882 vel
1318 853 1462 882 futurum
1488 858 1614 892 tempus
1638 853 1777 891 denotet,
1802 853 1849 883 vel
1870 853 1901 883 in
1927 852 2074 893 precibus
2088 852 2143 883 ad-

1186 894 1346 932 hibeatur,
1370 900 1523 934 tanquam
1548 901 1668 934 votum,
1693 901 1727 926 ut
1749 896 1835 926 Deus
1859 895 2024 936 rependat.
2057 895 2144 927 Con·

1186 937 1319 967 veniens
1342 942 1447 967 autem
1473 938 1546 968 huic
1570 938 1636 969 loco
1660 943 1706 968 est
1720 938 1870 969 utralibet
1895 939 2028 969 istarum
2043 938 2143 978 signi-

1185 980 1303 1011 ficatio.
1350 980 1473 1019 Ecquid
1498 981 1581 1010 enim
1606 981 1757 1011 maiorem
1782 981 1846 1011 vim
1873 981 1968 1011 habet
1991 981 2030 1011 ad
2054 987 2144 1011 coer-

1186 1022 1304 1054 cendos
1329 1022 1486 1060 homines,
1517 1033 1612 1062 quam
1636 1034 1732 1063 quum
1757 1035 1774 1054 a
1798 1024 1866 1054 Deo
1891 1029 2033 1055 actorum
2059 1033 2144 1053 mer·

1187 1065 1296 1095 cedem
1321 1064 1530 1105 exspectant?
1562 1064 1635 1104 Qua
1658 1066 1743 1096 enim
1767 1077 1800 1096 re
1824 1066 1925 1106 magis
1949 1065 2145 1106 impellimur

1187 1107 1226 1138 ad
1250 1118 1349 1147 prava
1380 1108 1480 1138 multa
1503 1108 1652 1143 facinora,
1684 1119 1777 1148 quam
1801 1109 1883 1148 quod
1909 1108 2014 1139 Deum
2038 1108 2146 1139 existi-

1187 1161 1313 1181 mamus
1336 1151 1437 1181 nostri
1471 1160 1535 1181 non
1570 1151 1759 1182 meminisse.
1808 1151 1873 1181 Nos
1906 1151 2012 1191 itaque
2046 1160 2145 1191 quum

1188 1194 1304 1224 armari
1336 1193 1490 1232 patientia
1521 1193 1729 1231 voluerimus,
1761 1200 1789 1224 et
1822 1194 1955 1224 affectus
1987 1193 2144 1223 violentos

1188 1236 1346 1272 cohibere,
1371 1240 1553 1266 statuamus
1577 1236 1680 1266 Deum
1705 1238 1833 1267 tandem
1853 1246 1932 1275 opus
1956 1246 2049 1266 suum
2073 1246 2143 1275 per-

1188 1279 1357 1315 fecturum,
1381 1288 1416 1308 ac
1440 1278 1573 1318 proinde
1596 1279 1741 1318 oportere
1760 1290 1815 1309 nos
1838 1278 1961 1318 placide
1984 1285 2014 1308 et
2039 1279 2144 1318 quiete

1189 1326 1359 1361 expectare
1373 1321 1448 1351 dum
1462 1322 1577 1360 reipsa
1590 1320 1679 1351 Deus
1692 1326 1844 1352 testatum
1869 1321 1971 1358 faciat,
1996 1331 2028 1351 se
2042 1321 2143 1351 nostri

1188 1375 1296 1395 curam
1321 1363 1445 1394 habere.
1471 1364 1630 1402 Quoniam
1654 1370 1758 1394 autem
1779 1374 1850 1403 spes
1874 1363 1927 1393 illa
1951 1374 2015 1394 non
2039 1369 2144 1403 potest

1188 1417 1253 1437 non
1276 1407 1378 1437 foveri
1408 1407 1597 1446 precatione,
1628 1405 1744 1438 ideirco
1776 1417 1868 1437 voces
1898 1407 1975 1436 istas
2006 1406 2143 1437 Davidis

1188 1450 1232 1480 sie
1255 1460 1426 1489 possumus
1449 1449 1543 1479 etiam
1568 1449 1781 1488 interpretari,
1806 1454 1842 1479 ut
1864 1449 1895 1478 in
1910 1448 1971 1479 Dei
1995 1448 2144 1488 benepla-

1187 1493 1248 1524 cito
1270 1493 1507 1532 conquiescens,
1532 1492 1600 1522 eius
1625 1492 1778 1522 iustitiam
1802 1491 1960 1531 imploret,
1988 1490 2144 1522 adversus

1186 1535 1353 1566 hominum
1374 1534 1559 1574 perfidiam:
1589 1534 1643 1573 qui
1667 1534 1792 1564 nullum
1816 1533 1931 1564 rationi
1955 1539 2010 1563 aut
2033 1534 2143 1573 aequi-

1186 1578 1246 1609 tati
1269 1577 1374 1608 loeum
1398 1577 1592 1616 relinquunt.
1616 1577 1681 1607 Nos
1703 1577 1778 1607 hinc
1802 1576 1962 1607 discamus
1982 1586 2080 1616 quum
2105 1575 2143 1606 de

1187 1631 1300 1652 causae
1324 1624 1453 1651 nostrae
1468 1620 1610 1650 bonitate
1629 1624 1660 1650 et
1680 1620 1801 1650 iustitia
1824 1623 1956 1657 constat,
1979 1623 2010 1649 et
2034 1624 2143 1649 tamen

1185 1663 1409 1703 praeoccupati
1431 1663 1576 1693 homines
1605 1662 1671 1693 suis
1700 1662 1902 1701 passionibus
1931 1661 2058 1700 iniquas
2087 1660 2143 1691 ad-

1185 1716 1317 1737 versum
1341 1716 1399 1736 nos
1418 1706 1596 1736 sententias
1615 1705 1757 1742 tulerint,
1781 1710 1811 1735 et
1831 1714 1888 1734 nos
1909 1714 1966 1734 suo
1988 1704 2142 1743 suffragio

1185 1748 1480 1786 condemnaverint,
1503 1747 1541 1778 ad
1565 1747 1672 1778 Deum
1695 1757 1877 1786 provocare,
1908 1752 1939 1777 et
1962 1756 2018 1777 nos
2042 1746 2142 1786 ipsius

1184 1791 1302 1823 iudicio
1328 1791 1456 1822 sistere:
1477 1791 1638 1830 patienter
1660 1790 1785 1820 interea
1808 1789 1946 1820 ferentes
1970 1788 2141 1819 hominum

1185 1834 1396 1866 contumelias
1426 1840 1456 1864 et
1486 1833 1638 1863 iniurias:
1671 1838 1703 1862 et
1737 1831 1895 1871 intrepide
1928 1841 1985 1871 per
2019 1830 2142 1862 medias

1185 1877 1257 1909 illas
1292 1876 1442 1908 tenebras
1472 1875 1665 1913 incedentes,
1696 1874 1796 1905 donec
1820 1873 1933 1905 salutis
1955 1873 2022 1904 dies
2045 1873 2142 1904 adve-

1186 1921 1279 1951 nerit.
1321 1920 1423 1950 Porro
1446 1929 1544 1958 quum
1570 1917 1676 1948 David
1699 1917 1751 1948 hic
1775 1916 1921 1947 meminit
1945 1916 2086 1947 iustitiae
2110 1921 2143 1946 et

1185 1963 1269 2002 fidei,
1293 1963 1407 1993 melius
1431 1961 1582 2001 exprimit
1605 1960 1643 1990 de
1665 1970 1727 1999 qua
1750 1959 1872 1990 iustitia
1894 1958 2060 1998 loquatur:
2085 1969 2141 1988 ne·

1186 2016 1246 2046 que
1270 2006 1355 2036 enim
1385 2006 1410 2035 si
1441 2004 1537 2035 solius
1561 2003 1698 2033 iustitiae
1714 2002 1935 2038 ,meminisset
1968 2006 2034 2032 tam
2058 2001 2143 2032 clare

1185 2048 1384 2088 apparuisset
1416 2046 1490 2087 quid
1521 2056 1576 2086 per
1606 2056 1674 2076 eam
1705 2045 1914 2084 intelligeret,
1948 2054 2043 2084 quam
2071 2053 2144 2074 cum

1185 2091 1280 2122 fidem
1304 2090 1461 2129 adiungit.
1499 2089 1599 2119 Porro
1622 2088 1695 2118 fidei
1720 2097 1834 2118 nomen
1859 2086 1941 2126 quod
1964 2087 2143 2126 usurpavit,

1184 2134 1313 2175 proprie
1335 2133 1532 2168 fidelitatem,
1563 2131 1778 2169 integritatem
1810 2135 1840 2159 et
1869 2130 2143 2168 perseverantiam

1185 2178 1218 2208 in
1242 2177 1326 2207 bono
1350 2175 1517 2215 signifieat,
1549 2173 1603 2204 sed
1634 2173 1694 2203 hoe
1724 2173 1792 2203 loco
1816 2171 1923 2202 David
1947 2171 1986 2202 ad
2011 2171 2143 2202 Domini

1185 2219 1374 2250 mandatum
1399 2217 1529 2257 respicit
1552 2226 1613 2256 quo
1633 2215 1780 2246 iubemur
1799 2215 1867 2245 sine
1891 2213 2003 2245 fraude
2027 2220 2058 2244 et
2074 2224 2142 2244 ma-

1185 2262 1253 2293 litia
1284 2272 1355 2292 cum
1387 2259 1542 2301 proximis
1578 2269 1681 2298 agere.
1727 2256 2006 2295 Quemadmodum
2041 2266 2142 2296 quum

1185 2304 1306 2336 Paulus
1331 2304 1410 2335 bene
1440 2309 1470 2333 et
1500 2303 1582 2332 iuste
1612 2302 1694 2331 inter
1722 2300 1869 2330 homines
1893 2298 2023 2330 vivendi
2047 2309 2142 2339 regu-

1184 2349 1249 2379 lam
1272 2345 1469 2386 praeseribit,
1493 2344 1635 2384 singulos
1654 2342 1742 2373 iubet
1754 2342 1785 2372 in
1800 2342 1936 2372 veritate
1947 2351 2019 2372 cum
2034 2341 2142 2381 proxi-

1186 2390 1245 2421 mis
1276 2389 1371 2429 loqui.
1417 2388 1524 2418 Verba
1558 2391 1664 2417 autem
1697 2395 1770 2416 cum
1809 2384 1903 2415 factis
1943 2383 2141 2415 conveniant

1184 2436 1317 2473 oportet.
1363 2430 1579 2470 Quamobrem
1609 2427 1715 2459 David
1746 2437 1860 2458 causae
1892 2437 1968 2458 suae
1998 2426 2142 2458 bonitate

1184 2476 1286 2506 fretus
1308 2474 1417 2504 Deum
1440 2477 1540 2512 rogat.
1568 2476 1603 2501 ut
1626 2474 1724 2510 prout
1753 2469 1931 2510 integritati
1956 2475 1985 2499 et
2009 2469 2142 2500 sinceri-

1185 2519 1241 2549 tati
1266 2516 1396 2554 studuit,
1419 2519 1449 2546 et
1472 2525 1540 2546 sese
1563 2513 1717 2545 adversus
1741 2511 1872 2544 Saulem
1899 2516 2011 2552 sponte
2034 2511 2143 2542 inimi-

1184 2571 1256 2592 cum
1279 2558 1412 2590 candide
1431 2557 1538 2598 gessit,
1562 2567 1621 2587 nec
1640 2556 1709 2586 vias
1732 2555 1877 2595 obliquas
1895 2554 2029 2585 nocendi
2043 2564 2142 2594 quae-

1185 2603 1270 2643 sivit,
1294 2602 1339 2632 ita
1362 2601 1451 2632 Deus
1474 2600 1579 2639 ipsum
1603 2598 1676 2629 beet
1699 2602 1730 2628 et
1753 2598 1904 2628 fortunet.
1945 2597 2008 2628 Hic
2031 2601 2139 2628 autem

1184 2645 1339 2687 quaedam
1363 2643 1507 2674 oboritur
1531 2642 1686 2681 quaestio,
1717 2640 1868 2671 Deumne
1899 2640 2048 2671 invocare
2071 2650 2142 2680 pos-
