2551 3044
416 234 479 266 555

1247 230 1448 263 HOMILIA
1478 230 1568 262 XCI.

2339 229 2400 261 556

417 338 452 361 ut
487 329 635 360 resistere
673 338 869 368 nequeamus
903 326 1022 357 nostris
1061 326 1204 365 ipsorum
1243 325 1377 362 viribus,
1403 328 1406 374 i
1433 324 1587 356 memoria
1617 322 1794 354 sollicitari.
1841 324 1896 355 Sic
1920 323 2102 363 Abigailem
2130 323 2278 355 videmus
2305 333 2397 364 prae-

417 380 523 403 tamen
546 381 646 411 quum
671 382 727 411 pre
751 371 842 401 nobis
867 370 973 400 Deum
1005 369 1140 409 vigilare
1169 368 1317 404 sciamus,
1348 374 1379 399 ct
1405 406 1406 410 Ἰ

417 423 543 445 scutum
568 413 662 444 nobis
684 424 753 444 csse
777 424 812 444 ac
836 411 1051 443 certissimum
1078 410 1209 449 vallum,
1231 411 1285 451 qui
1308 411 1378 442 ani-

417 468 486 488 mas
510 457 543 487 in
568 457 719 487 fasciculo
742 455 927 486 viventium
951 454 1066 495 ligatas
1090 458 1198 484 servet
1228 459 1378 493 tanquam

417 510 561 539 gemmas
585 499 841 538 pretiosissimas,
865 497 1051 528 certissimis
1071 497 1140 527 istis
1159 496 1230 527 fulti
1250 497 1379 527 rationi—

418 543 475 574 bus
499 542 737 579 concludamus,
769 551 819 572 res
849 541 928 572 istas
959 546 1083 571 creatus
1115 538 1266 570 mortales
1297 539 1377 570 011111

416 586 571 616 adversus
597 584 700 615 Deum
727 595 825 623 posse.
859 594 894 615 ae
926 581 1061 622 proinde
1092 592 1150 612 nec
1173 588 1286 613 contra
1310 592 1377 618 nos,
1404 607 1406 614 ,

416 629 550 667 ideoque
575 627 733 667 praesenti
758 627 865 658 auimo
885 626 1085 656 vocationem
1102 630 1243 655 nostram
1269 634 1379 663 sequa·
1404 639 1406 663 ,1

417 681 498 705 0101,
524 670 629 700 Deum
663 670 805 709 persuasi
836 675 985 708 coeptum
1015 668 1047 698 in
1078 668 1168 699 nobis
1197 678 1279 707 opus
1308 677 1378 705 per—

416 714 584 744 fecturum.
638 712 706 743 Nae
733 712 827 743 valde
865 711 915 742 his
945 710 1142 750 temporibus
1182 710 1272 741 nobis
1303 709 1380 740 haec

417 756 561 786 doctrina
596 756 774 786 necessaria
806 759 871 789 est,
902 753 1018 793 quibus
1047 754 1232 793 experimur
1260 759 1379 791 quanto

416 800 523 830 furore
538 798 682 829 veritatis
706 798 814 829 hostes
827 796 984 828 adversus
1007 806 1066 827 nos
1079 797 1249 835 insurgant
1263 794 1377 824 vitam-

416 852 477 882 que
503 849 643 871 nosti-au}
669 840 708 871 ad
733 846 869 871 mortem
893 845 1057 879 quaerant,
1089 846 1120 869 et
1143 838 1213 869 dira
1235 847 1379 877 quaeque

416 884 619 915 minitentur.
671 883 756 922 Quid
789 893 864 913 vero
894 881 987 913 nobis
1018 881 1143 912 miseris
1175 882 1280 917 fieret,
1319 879 1379 910 nisi

416 937 570 968 praesens
604 926 691 957 istud
725 925 903 957 remedium
936 924 1124 959 offerretur,
1166 933 1282 962 nempe
1316 922 1380 953 Dei

416 969 577 1010 potentia,
609 969 648 1000 ad
680 979 776 1009 quam
805 967 1029 1008 confugientes
1063 967 1182 998 seimus
1212 975 1379 1005 nunquam

416 1013 578 1044 desertum
603 1012 652 1048 iri,
677 1011 834 1051 siquidem
855 1021 986 1042 suorum
1001 1010 1090 1041 Deus
1115 1018 1281 1048 nunquam
1303 1008 1381 1039 obli-

415 1054 571 1087 viscitur?
605 1054 693 1086 Licet
722 1055 831 1094 itaque
856 1054 923 1084 vita
947 1059 1057 1084 nostra
1089 1062 1186 1091 parvo
1217 1056 1380 1081 memento

413 1098 562 1129 videatur
585 1096 778 1128 auferenda:
810 1108 849 1128 ne
880 1103 988 1127 tamen
1019 1095 1204 1126 dubitemus
1235 1094 1314 1134 quin
1337 1093 1379 1124 sit

414 1141 586 1180 tutissima,
610 1140 702 1172 cuius
726 1139 818 1171 Deus
842 1138 977 1170 tutelam
1001 1139 1157 1177 suscepit:
1187 1147 1250 1176 quo
1281 1136 1379 1167 fretos

415 1183 536 1215 auxilio
560 1190 684 1214 certum
715 1190 761 1214 est
785 1193 845 1213 1105
869 1186 1055 1213 constanter
1083 1180 1239 1211 adversus
1269 1190 1379 1210 omnes

415 1227 566 1258 inimicos
589 1232 715 1257 nostros
743 1231 924 1257 certaturos
955 1231 987 1254 ct
1017 1223 1129 1253 iisdem
1159 1222 1378 1259 insultaturos,

416 1270 565 1309 viresque
595 1275 627 1299 et
651 1269 828 1308 potentiam
860 1267 1002 1307 ipsorum
1035 1265 1173 1296 ludibrio
1203 1265 1378 1296 habituros.

415 1312 499 1344 Num
524 1311 599 1351 quid
624 1311 710 1342 aliud
734 1317 809 1341 sunt
832 1320 927 1350 quain
951 1309 1196 1348 homunciones,
1220 1308 1273 1348 qui
1297 1307 1377 1338 nihil

415 1361 568 1396 possunt,
602 1352 871 1393 quemadmodum
905 1357 937 1383 et
970 1352 1032 1382 alio
1073 1351 1213 1391 quodam
1255 1350 1377 1391 psalmo

415 1397 572 1438 propheta
603 1397 663 1427 ait:
702 1396 841 1426 Domine
871 1395 920 1426 fac
950 1400 1063 1435 gentes
1093 1394 1196 1425 sciant
1227 1393 1379 1434 quoniam

416 1440 563 1471 homines
587 1446 673 1476 sunt,
696 1438 728 1469 id
752 1445 810 1476 est,
835 1444 924 1469 tuam
950 1447 1062 1468 exsere
1085 1437 1252 1475 virtutem,
1276 1440 1308 1467 et
1331 1436 1379 1467 in-

415 1483 538 1514 saniam
562 1485 703 1522 ipsorum
723 1481 853 1521 detege:
878 1482 925 1512 fac
949 1479 1134 1520 intelligant
1155 1490 1189 1510 se
1207 1479 1379 1510 adversum

415 1536 475 1562 me,
507 1535 600 1565 quem
624 1525 658 1555 in
683 1525 818 1555 tutelam
842 1531 932 1555 tuam
962 1522 1143 1563 suscepisti,
1174 1522 1380 1562 insurgentes

415 1568 512 1608 longe
546 1568 696 1608 opinione
730 1578 788 1598 sua
823 1566 898 1598 falli.
946 1565 1014 1596 Nae
1048 1565 1075 1596 si
1108 1565 1225 1596 animis
1261 1565 1380 1596 nostris

415 1611 511 1642 altius
534 1610 622 1641 istud
647 1610 783 1641 infixum
814 1609 921 1646 fuerit,
950 1615 1217 1649 quantaecunque
1241 1614 1378 1648 tempes-

416 1659 500 1685 tates
528 1653 692 1688 oriantur,
724 1653 938 1684 nihilominus
967 1651 1177 1691 imperterriti
1209 1661 1380 1691 pergemus

415 1698 448 1728 in
472 1697 648 1732 vocatione,
680 1696 713 1726 in
736 1695 807 1726 Deo
838 1695 1101 1735 conquiescentes
1131 1699 1282 1734 tanquam
1313 1703 1380 1724 cer-

416 1740 542 1771 tissimo
564 1738 735 1779 praesidio,
765 1744 799 1770 et
821 1749 894 1769 cum
919 1738 1115 1775 invocantes,
1145 1737 1191 1768 sic
1219 1743 1253 1767 ut
1283 1736 1380 1767 nullis

416 1783 563 1818 casibus,
604 1783 787 1822 quicunque
821 1780 1015 1818 inciderint,
1058 1786 1235 1811 teneamur.
1294 1778 1380 1810 Sane

417 1827 528 1861 fateor,
561 1836 622 1855 non
654 1830 802 1864 oportere
834 1834 892 1855 1105
924 1830 1077 1863 tanquam
1108 1823 1242 1863 ignavos
1272 1821 1380 1853 obstu-

415 1878 546 1908 pescere
570 1874 600 1898 et
631 1874 783 1907 tanquam
808 1866 954 1906 stupidos
977 1866 1140 1897 desidere:
1170 1864 1266 1896 bruta
1294 1865 1381 1895 enim

416 1909 590 1950 stupiditas
624 1910 719 1941 foret:
762 1909 818 1941 sed
853 1916 959 1940 tamen
994 1909 1039 1941 sic
1074 1909 1196 1939 moveri
1230 1907 1380 1947 periculis

418 1952 666 1984 imminentibus
689 1953 739 1983 aio
764 1963 821 1983 nos
845 1958 1002 1991 oportere,
1032 1957 1068 1983 ut
1099 1955 1187 1983 certo
1217 1951 1252 1981 in
1275 1951 1381 1981 animo

418 2003 606 2034 statuamus,
630 1995 737 2026 Deum
759 2006 850 2035 posse
874 1994 1053 2026 remedium
1066 1994 1217 2025 omnibus
1233 2003 1381 2033 praesen-

420 2039 580 2070 tissimum
603 2038 746 2069 adferre:
769 2047 908 2077 eumque
932 2037 1078 2077 precibus
1103 2036 1241 2068 assiduis
1264 2036 1381 2068 sollici-

419 2089 535 2120 temus,
559 2081 817 2121 quandoquidem
842 2080 960 2112 scimus
983 2080 1089 2120 ipsum
1113 2089 1230 2111 causae
1254 2087 1383 2110 nostrae

417 2125 484 2156 fore
514 2124 731 2161 defensorem,
763 2134 843 2163 quae
874 2123 974 2163 ipsius
1004 2123 1184 2154 certissima
1216 2121 1382 2153 voluntate

419 2168 550 2198 nititur:
589 2172 835 2206 nostrarumque
865 2176 996 2206 precum
1028 2166 1167 2197 fructum
1202 2169 1382 2205 opportuno

420 2216 562 2250 tempore
586 2210 829 2249 praestolemur.

502 2253 648 2293 Pergens
661 2251 790 2293 Abigail
815 2251 945 2283 adiicit:
973 2251 1075 2291 Quum
1093 2250 1249 2282 Dominus
1271 2250 1383 2282 consti-

419 2296 509 2327 tuerit
537 2298 564 2326 tc
592 2295 698 2327 ducem
730 2304 823 2334 super
852 2294 972 2334 Israel,
1001 2304 1062 2325 non
1090 2294 1148 2325 erit
1177 2293 1233 2325 tibi
1266 2293 1318 2324 lzoc
1350 2293 1384 2324 in

419 2338 632 2378 offensionem,
671 2338 752 2377 quod
798 2337 945 2377 effuderis
984 2337 1169 2377 sanquinem
1211 2336 1383 2367 innoxium.

420 2381 527 2420 Quam
554 2380 667 2420 plenae
690 2379 866 2420 singularis
889 2379 1054 2411 doctrinae
1077 2379 1186 2411 voces!
1218 2379 1301 2410 Nam
1325 2378 1382 2410 etsi

422 2423 582 2455 Davidem
615 2422 746 2463 Abigail
780 2422 1023 2463 alloquebatur,
1064 2432 1258 2462 causamque
1292 2431 1382 2453 suam

420 2466 505 2506 apud
541 2467 645 2505 ipsum
681 2466 814 2503 agebat:
850 2472 957 2496 tamen
992 2476 1033 2496 ex
1064 2464 1201 2496 Davidis
1232 2474 1383 2504 responso

421 2508 587 2549 apparebit
620 2508 708 2539 illam
746 2509 806 2539 Dei
847 2508 981 2547 spiritus
1024 2508 1166 2548 impulsu
1206 2507 1381 2548 loquutam.

422 2551 615 2583 Generalem
651 2552 758 2591 itaque
796 2550 976 2582 doctrinam
1020 2551 1077 2581 1100
1118 2551 1184 2582 1000
1226 2551 1382 2590 proponit,

422 2604 547 2634 nempe,
581 2604 636 2625 eos
665 2595 719 2634 qui
749 2592 878 2634 aliquod
908 2593 1034 2624 facinus
1065 2593 1283 2629 admiserunt,
1323 2593 1381 2624 etsi

421 2636 674 2668 misericordiam
698 2648 716 2667 a
737 2637 877 2668 Domino
900 2642 1148 2675 consequantur,
1173 2635 1381 2667 nihilominus

1405 1097 1406 1100 ’
1432 1095 1570 1134 amplius
1600 1103 1709 1125 coram
1737 1093 1806 1133 ipso
1836 1093 1976 1124 veniant.

1432 376 1612 408 supponere
1634 365 1795 397 Davidem
1819 373 2094 406 consequuturum
2119 377 2136 397 a
2152 366 2294 397 Domino
2317 376 2398 406 quae

1432 412 1463 441 10
1488 409 1654 450 promissis
1669 408 1818 447 habebat,
1843 419 2017 449 regemque
2030 408 2162 440 Israelis
2185 409 2397 440 constitutum

1433 454 1487 484 iri:
1512 458 1544 482 et
1569 459 1676 481 11111100
1702 452 1824 483 interea
1847 451 1922 482 dicit
1938 461 2021 487 cum,
2044 453 2070 482 si
2095 451 2179 492 quod
2194 451 2319 483 facinus
2343 451 2397 482 ad·

1433 495 1569 529 miserit,
1601 494 1752 534 deinceps
1782 495 1855 526 sacti
1888 494 2083 535 poenitentia
2118 494 2250 525 ductum
2280 494 2336 532 iri,
2368 501 2400 525 et

1406 540 1407 546 ¹
1432 539 1476 568 ita
1501 548 1610 577 paceni
1635 544 1667 567 et
1691 537 1963 577 tranquillitatem
1996 547 2092 576 quam
2117 538 2178 577 ipsi
2204 536 2293 567 Deus
2323 547 2397 567 eon—

1431 579 1581 617 cedebzit,
1625 580 1850 619 perturbatum
1893 581 1941 610 iri.
2000 580 2053 611 Sic
2096 580 2205 619 itaque
2246 578 2399 611 docemur

1432 625 1603 663 perfectam
1629 629 1770 653 nostram
1796 622 2029 654 beatitudinem
2060 628 2092 653 et
2118 623 2305 654 felicitatem
2329 632 2398 654 esse

1432 666 1661 696 conscientiam
1687 672 1815 703 rectam,
1847 665 1969 696 nullius
1999 665 2058 696 sibi
2090 665 2241 696 facinoris
2272 671 2328 696 aut
2351 666 2399 696 in·

1432 709 1534 740 iuriae
1564 709 1712 748 00100001
1743 707 1853 739 illatae
1877 708 2049 743 consciam,
2079 707 2135 739 sed
2165 718 2223 738 5110,
2251 718 2284 738 50
2315 708 2398 739 inte·

1433 754 1549 792 gritate
1573 758 1605 781 et
1627 750 1813 781 sinceritate
1837 750 1921 790 apud
1947 751 2052 781 Deum
2077 757 2108 781 et
2132 750 2281 781 homines
2304 758 2396 782 tuen-

1433 802 1507 825 tem.
1555 793 1624 824 Etsi
1649 793 1752 824 fateor
1783 793 1929 824 homines
1962 794 2200 833 integerrimos
2232 793 2257 823 si
2289 803 2397 824 coram

1435 838 1501 868 Deo
1526 837 1610 867 vitae
1641 846 1717 867 suae
1753 837 1908 867 rationem
1940 836 2075 867 reddere
2108 841 2276 876 cogantur,
2310 835 2398 868 mille

1433 888 1633 921 peccaterum
1658 889 1729 910 reos
1753 880 1835 909 fore:
1860 890 1896 910 ac
1921 878 2056 919 preinde
2080 877 2120 909 ad
2143 879 2247 919 ipsius
2270 879 2396 910 miseri-

1432 923 1573 955 cordiam
1603 922 1680 962 ipsis
1709 932 1779 952 esse
1809 922 2070 962 confugiendum,
2101 927 2131 953 ct
2163 931 2236 952 cum
2268 920 2398 953 Davide

1432 964 1673 1005 agnoscendum
1703 964 1803 995 solam
1836 965 1975 996 hominis
2005 964 2175 995 christiani
2208 964 2396 996 felicitatem

1432 1020 1500 1040 esse
1525 1009 1660 1048 positam
1685 1007 1717 1037 in
1732 1007 1843 1038 divina
1861 1007 2045 1046 clementia,
2069 1017 2131 1047 000
2144 1010 2274 1048 peccata
2287 1013 2398 1039 nostra

1431 1051 1638 1091 sepeliuntur,
1669 1056 1699 1081 et
1722 1050 1876 1081 oblivioni
1900 1050 2073 1081 traduntur
2105 1061 2144 1081 nc
2173 1050 2207 1080 in
2237 1049 2397 1081 rationem

2030 1093 2155 1124 Verum
2194 1092 2233 1124 de
2261 1093 2397 1134 integri-

1432 1143 1497 1168 tate
1521 1136 1683 1176 loquimur
1709 1146 1747 1167 ea
1769 1146 1833 1175 qua
1864 1136 1948 1166 inter
1978 1135 2124 1167 homines
2155 1145 2397 1174 conversamur,

1433 1180 1551 1211 nemini
1581 1179 1728 1210 volentes
1759 1178 1912 1209 iniuriam
1945 1179 2109 1214 facientes,
2139 1188 2244 1218 neque
2273 1178 2397 1210 malum

1433 1223 1515 1254 malo
1529 1228 1710 1262 pensantes,
1727 1231 1832 1261 neque
1848 1221 1986 1252 inimicis
2003 1232 2058 1261 pro
2075 1222 2198 1252 meritis
2216 1220 2398 1260 rependen-

1432 1272 1489 1301 tes,
1503 1272 1557 1296 aut
1572 1264 1737 1295 fraudibus
1751 1272 1783 1295 et
1803 1265 1924 1304 rapinis
1940 1264 2064 1303 aliquid
2076 1268 2323 1304 extorquentes:
2341 1263 2397 1295 sed

1432 1309 1538 1348 potius
1563 1307 1646 1338 bono
1670 1307 1791 1338 malum
1805 1312 2059 1346 compensantes.
2096 1307 2188 1338 Tunc
2207 1316 2285 1338 sane
2308 1307 2397 1347 quie-

1433 1360 1497 1382 tam
1521 1358 1551 1381 et
1576 1350 1783 1390 tranquillam
1810 1351 1911 1380 vitam
1943 1359 2086 1391 agemus,
2117 1355 2148 1381 et
2177 1349 2304 1390 amplae
2334 1349 2398 1381 lae-

1433 1395 1523 1425 titiae
1547 1393 1684 1424 materia
1707 1393 1798 1424 nobis
1821 1392 1983 1431 offeretur,
2015 1402 2122 1432 quum,
2155 1393 2209 1424 vel
2233 1393 2303 1433 ipso
2327 1392 2398 1424 Deo

1433 1443 1524 1473 teste,
1550 1436 1642 1467 nobis
1667 1436 1749 1466 bene
1773 1436 1893 1467 conscii
1918 1435 2083 1474 fuerimus,
2110 1436 2215 1467 officio
2240 1445 2298 1467 nos
2320 1445 2398 1477 erga

1434 1480 1616 1519 proximum
1641 1479 1825 1510 satisfacere
1850 1478 1992 1509 voluisse
2015 1478 2048 1508 in
2073 1479 2159 1509 omni
2191 1478 2398 1518 simplicitate

1433 1530 1465 1553 et
1489 1533 1590 1562 neque
1613 1522 1742 1552 iniuriis
1762 1532 1864 1561 neque
1883 1520 2052 1552 fraudibus
2073 1522 2237 1561 proximos
2256 1521 2398 1553 laesisse.

1433 1566 1556 1597 Contra
1579 1568 1703 1596 certum
1728 1571 1784 1602 est,
1808 1564 1954 1595 conscios
1977 1563 2038 1595 sibi
2052 1564 2246 1595 iniuriarum
2270 1568 2302 1595 et
2324 1574 2399 1596 con-

1434 1608 1652 1645 tumeliarum,
1684 1608 1869 1647 rapinarum
1895 1613 1926 1637 et
1957 1606 2089 1645 fraudis,
2120 1607 2195 1638 licet
2226 1607 2322 1638 rebus
2349 1617 2399 1638 se-

1434 1650 1546 1682 cundis
1572 1655 1715 1688 utantur,
1738 1650 1953 1681 conscientiae
1977 1654 2087 1680 tamen
2109 1649 2250 1681 stimulis
2272 1659 2400 1690 semper

1434 1694 1552 1734 urgeri,
1577 1699 1611 1724 ut
1634 1694 1666 1724 in
1682 1703 1810 1724 summa
1832 1703 1940 1724 rerum
1965 1692 2164 1724 abundantia
2187 1691 2399 1725 nihilomiuus

1433 1737 1565 1767 tristitia
1609 1741 1639 1767 et
1685 1746 1830 1766 moerore
1874 1735 2122 1775 praeteritorum
2173 1735 2400 1767 conficiantur.

1433 1779 1652 1819 Quamobrem
1676 1779 1837 1810 discamus
1860 1788 1938 1818 erga
1950 1778 2113 1818 proximos
2134 1778 2180 1809 ita
2193 1788 2251 1809 nos
2274 1788 2399 1819 gerere,

1434 1833 1473 1853 ne
1502 1823 1573 1862 quis
1603 1822 1641 1853 de
1671 1822 1764 1852 nobis
1794 1820 2012 1861 conquerendi
2042 1821 2240 1852 occasionem
2272 1821 2399 1858 habeat,

1433 1865 1514 1905 quod
1539 1864 1733 1896 contumelia
1757 1864 1806 1895 vel
1830 1864 1959 1895 iniuriis
1982 1863 2074 1895 illum
2099 1864 2312 1895 affecerimus.
2356 1863 2398 1896 In

1433 1908 1547 1948 primis
1571 1914 1680 1939 autem
1698 1908 1737 1938 ab
1754 1907 1840 1938 omni
1865 1906 2019 1938 violentia
2033 1907 2263 1944 abstineamus,
2281 1911 2314 1938 et
2328 1916 2401 1938 san·

1434 1951 1563 1991 guinem
1588 1951 1756 1981 hominum
1776 1949 1942 1981 effundere
1961 1959 2150 1981 caveamus:
2175 1954 2211 1981 ut
2233 1954 2346 1990 pacata
2367 1954 2401 1981 et

1434 1993 1609 2034 tranquilla
1641 1993 1853 2030 conscientia,
1895 1992 1957 2023 Dci
1990 1992 2083 2023 donis
2122 1993 2184 2029 uti,
2224 1992 2287 2024 frui
2315 1992 2399 2024 siue

1434 2037 1647 2067 conscientiae
1677 2046 1796 2072 morsu,
1828 2041 1859 2066 et
1889 2037 1959 2066 sine
1990 2035 2057 2066 ulla
2088 2034 2315 2075 inquietudine
2347 2034 2400 2067 vel

1435 2078 1666 2119 impedimento
1691 2079 1859 2119 possimus.
1905 2078 1973 2109 Ista
1997 2078 2095 2118 igitur
2126 2077 2294 2109 retinenda
2325 2082 2402 2110 sunt

1435 2133 1473 2153 cx
1499 2122 1605 2153 verbis
1624 2121 1686 2152 illis
1699 2121 1870 2162 Abigailis,
1894 2121 2010 2161 quibus
2034 2120 2226 2152 nominatim
2239 2120 2400 2152 Davidem

1436 2165 1594 2202 admonet,
1625 2165 1669 2195 uti
1698 2164 1737 2195 ub
1761 2164 1880 2195 iniuria
1902 2169 1934 2194 et
1955 2163 2122 2203 sanguinis
2153 2163 2310 2194 effusione
2340 2163 2400 2195 sibi

1435 2213 1556 2245 caveat,
1588 2212 1619 2238 ut
1645 2217 1743 2247 quum
1768 2207 1807 2238 ad
1831 2207 1953 2247 regiam
1984 2205 2174 2246 dignitatem
2205 2206 2402 2246 pervenerit,

1436 2250 1533 2281 nullis
1561 2251 1775 2281 conscientiae
1806 2249 1944 2280 stimulis
1975 2254 2151 2288 prematur,
2182 2254 2314 2289 propter
2342 2248 2402 2281 hu—

1436 2303 1567 2323 manum
1591 2293 1782 2332 sanguinem
1807 2291 1954 2323 effusum.
1990 2291 2092 2322 Porro
2104 2302 2202 2331 quum
2215 2291 2254 2323 de
2267 2291 2401 2323 humani

1435 2336 1604 2376 sanguinis
1632 2336 1788 2367 effusione
1814 2335 1866 2366 hic
1897 2340 2029 2375 agatur,
2061 2333 2285 2370 observemus,
2316 2334 2400 2374 quod

1435 2378 1705 2418 quemadmodum
1742 2377 1852 2409 Abelis
1893 2377 2026 2417 sanguis
2067 2377 2225 2408 adversus
2266 2377 2401 2409 fratrem

1435 2421 1611 2452 vindictam
1637 2432 1653 2452 a
1679 2420 1820 2452 Domino
1845 2420 2046 2461 efflagitavit,
2078 2419 2124 2451 sic
2153 2419 2250 2451 etiam
2274 2420 2342 2451 fore
2365 2423 2402 2451 ut

1435 2464 1461 2495 si
1484 2464 1606 2503 aliquos
1630 2464 1749 2495 iniuria
1771 2463 1982 2500 affecerimus,
2015 2462 2069 2502 qui
2101 2467 2209 2493 tamen
2239 2472 2303 2494 non
2325 2473 2401 2495 eon-

1435 2513 1626 2546 querantur,
1660 2506 1707 2537 vel
1739 2507 1834 2537 ctiam
1863 2506 1946 2537 caesi
1972 2505 2112 2544 fuerint,
2141 2515 2229 2536 mors
2256 2505 2401 2546 ipsorum

1435 2555 1466 2580 et
1488 2549 1621 2588 sanguis
1645 2549 1842 2580 sufficienter
1865 2547 1950 2587 apud
1974 2548 2081 2579 Deum
2105 2547 2332 2586 vociferentur,
2361 2547 2401 2580 ad

1435 2603 1492 2622 nos
1515 2592 1721 2631 accusandos,
1744 2596 1776 2623 et
1799 2590 2039 2622 convincendos
2061 2600 2168 2622 coram
2193 2589 2273 2628 Dee,
2296 2595 2329 2622 et
2350 2591 2400 2622 in-

1435 2634 1636 2666 excusabiles
1667 2633 1856 2665 rcddendos.
1908 2633 2126 2672 Quamobrem
2158 2633 2228 2665 istis
2265 2632 2401 2666 habenis

420 2687 527 2711 tamen
557 2680 772 2711 conscientiae
803 2678 944 2711 stimulis
972 2679 1082 2719 pungi,
1114 2684 1146 2709 et
1180 2683 1381 2719 peccatorum
1407 2677 1411 2703 Ι
1435 2677 1576 2708 fraenari
1600 2676 1794 2716 cupiditates
1808 2680 1935 2708 nostras
1946 2680 2081 2717 oportet,
2100 2680 2136 2707 ut
2155 2676 2241 2707 inter
2253 2675 2400 2708 homines
