2551 3044
209 164 249 195 37
869 164 915 195 ΙΝ
940 164 964 195 l.
991 163 1078 195 LIB.
1102 162 1300 194 SAMUEL.
1326 162 1423 194 CAl'.
1447 162 1540 194 xlv,
2143 166 2182 196 355

211 266 342 300 stupore
375 259 497 300 ingenti
539 265 572 290 et
605 268 713 289 rerum
754 257 938 298 ignorantia
974 257 1165 294 laboremus,

210 313 380 344 precemur
411 308 517 332 tamen
547 301 639 331 illum
670 307 704 331 ut
735 301 834 331 nostri
866 301 1066 337 misereatur,
1097 309 1167 330 nos-

213 353 357 385 tramque
391 344 576 375 caecitatem
611 349 712 383 regat,
746 350 777 373 et
811 342 850 374 ad
885 344 1009 374 felicem
1045 342 1167 373 exitum

213 388 375 429 perducat,
405 392 440 417 ut
462 397 498 417 eo
521 385 708 425 ampliorem
732 385 817 416 illius
842 385 993 416 laudandi
1018 391 1048 415 et
1071 384 1168 424 glori-

212 430 329 463 ficandi
353 429 519 459 materiam
542 438 667 467 semper
692 428 872 464 babeamus,
904 438 965 468 quo
988 438 1046 459 nos
1066 426 1168 466 magis

213 480 341 514 praeter
374 471 557 511 opinionem
591 471 928 510 exspectationemque
964 471 1073 501 beai-it.
1117 469 1170 499 Ita

214 514 400 555 usurpanda
429 513 519 544 nobis
551 512 629 544 haec
657 512 790 544 historia
818 520 874 548 est,
910 514 936 544 si
967 514 1106 544 fructum
1138 516 1170 542 et

215 558 386 590 utilit-atem
410 567 451 586 ex
475 566 511 586 ea
530 556 649 586 referre
673 556 831 587 volumus.
878 555 1050 588 Caeterum
1070 565 1168 594 quum

213 599 416 632 Ionathanus
445 598 561 628 dicitur
589 598 750 637 accepisse
782 598 934 630 victoriae
964 599 1104 638 signum,
1138 600 1170 627 et

213 644 282 674 fore
312 648 348 672 ut
378 641 468 671 Deus
498 640 606 672 hostes
635 641 668 671 in
698 652 772 672 suas
803 652 919 672 manus
950 640 1099 676 traderet,
1130 650 1170 670 ex

214 685 320 718 verbis
344 683 482 719 illorum,
507 684 623 723 quibus
646 683 783 723 ignavos
801 690 833 714 et
852 683 979 714 timidos
998 693 1067 714 esse
1086 681 1169 713 iudi-

215 728 310 766 cavit⁷
340 736 404 757 non
438 732 557 757 temere
587 726 779 756 imitandum
804 727 987 766 exemplum
1010 732 1066 757 est.
1111 725 1172 756 Est

215 771 301 802 enim
333 768 512 809 singulare:
545 769 722 800 cuiusmodi
751 769 906 808 quaedam
930 769 993 799 alia
1016 769 1049 799 in
1072 767 1171 798 sacris

214 818 400 851 occurrunt,
433 818 464 842 et
496 811 534 842 de
565 811 682 851 quibus
705 811 830 851 egimus
854 812 886 842 in
910 811 990 842 libro
1013 810 1171 842 Indicum.

215 856 270 888 Sic
294 865 393 895 quum
418 853 603 885 Gedeonem
628 854 776 884 audimus
799 854 838 884 ad
864 854 958 885 fidem
982 864 1072 885 suam
1097 863 1171 883 con-

214 897 405 930 firmandam
430 896 549 936 duplex
573 907 591 927 a
617 896 684 927 Deo
706 897 837 936 signum
861 897 1082 936 postulavisse,
1107 905 1171 925 non

216 943 358 982 posuisse
381 940 485 979 legem
509 949 605 978 quam
630 939 683 969 alii
705 946 918 979 sequerentur
936 939 1026 970 illum
1050 944 1171 969 eertum

215 990 281 1015 est:
316 982 371 1014 sed
400 992 418 1012 a
444 982 512 1012 Deo
540 980 726 1021 impulsum,
756 982 840 1021 quod
871 983 940 1022 ipso
969 982 1059 1012 exitu
1082 981 1172 1011 Deus

215 1033 321 1057 ratum
344 1025 429 1056 fecit.
474 1024 569 1062 Quod
600 1024 626 1054 si
654 1024 745 1055 nobis
768 1024 959 1055 imitandum
984 1023 1077 1055 hodie
1100 1034 1171 1063 pro-

215 1078 417 1109 poneremus,
459 1072 580 1097 temere
613 1066 802 1106 faceremus,
844 1068 995 1107 Deusque
1029 1072 1171 1097 nostram

215 1112 380 1143 levitatem
422 1110 559 1150 puniret.
615 1109 698 1140 Nam
741 1110 923 1141 meminisse
958 1120 1014 1140 nos
1047 1113 1173 1148 oportet

215 1163 326 1186 eorum
358 1163 439 1192 quae
471 1152 629 1182 Dominus
659 1157 768 1182 noster
790 1152 882 1183 Iesus
905 1152 1054 1184 Christus
1077 1151 1171 1182 disci—

215 1196 300 1237 pulis
330 1196 397 1226 suis
419 1194 494 1225 olim
526 1193 660 1234 dicebat,
692 1194 883 1233 petentibus,
908 1201 943 1226 ut
966 1194 1171 1234 quemadmo-

215 1240 293 1271 dum
316 1238 390 1269 olim
415 1236 454 1267 ad
478 1237 569 1268 Eliae
592 1246 710 1276 preces,
734 1238 779 1268 sic
802 1238 897 1268 etiam
921 1237 960 1268 ad
979 1247 1063 1276 suas,
1086 1237 1171 1277 ignis

217 1282 255 1313 de
278 1281 365 1313 coelo
388 1280 517 1311 caderet
539 1280 571 1310 in
596 1290 649 1310 eos
672 1289 691 1309 a
713 1279 829 1319 quibus
849 1291 911 1310 non
936 1280 1171 1320 recipiebantur

216 1324 370 1364 hospitio:
399 1323 547 1357 Nescitis,
575 1322 689 1362 inquit.
720 1332 782 1362 quo
811 1323 924 1362 spiritu
947 1323 1035 1354 Elias
1058 1322 1172 1354 ductus

215 1367 328 1398 fuerit:
358 1365 448 1406 quasi
477 1365 614 1396 diceret:
644 1364 717 1395 Non
741 1375 811 1395 eam
836 1365 960 1396 habetis
983 1375 1170 1396 arcanorum

214 1409 279 1440 Dei
312 1408 635 1440 communicationem
678 1417 782 1447 neque
816 1407 1043 1438 revelationem
1076 1418 1171 1447 quam

214 1452 290 1483 olim
315 1451 404 1482 Elias
435 1450 556 1488 habuit,
587 1460 681 1490 quem
706 1457 812 1480 tamen
843 1461 898 1481 vos
922 1451 1039 1481 imitari
1062 1450 1171 1482 vultis.

215 1494 405 1526 Tenendum
435 1494 542 1532 itaque
565 1492 673 1523 Deum
698 1493 833 1532 speciale
857 1493 1017 1532 quoddam
1041 1493 1171 1533 privile-

215 1538 304 1578 gium
328 1537 394 1568 suis
418 1537 503 1571 dare,
527 1541 558 1566 et
581 1535 620 1566 ad
645 1536 706 1565 hoc
730 1536 777 1565 vel
803 1536 880 1566 illud
900 1546 980 1575 opus
999 1536 1171 1576 impellere,

215 1579 298 1620 quod
327 1590 392 1610 non
422 1577 492 1610 vult
523 1584 629 1609 tamen
659 1588 677 1608 a
708 1578 798 1609 nobis
826 1579 857 1608 in
883 1579 986 1619 legem
1009 1584 1041 1609 et
1063 1589 1172 1609 exem-

215 1623 307 1663 plum
339 1621 434 1652 trahi.
492 1620 585 1659 Quae
626 1620 713 1651 utilis
755 1620 897 1652 doctrina
931 1627 987 1652 est.
1044 1620 1172 1652 Scimus

215 1666 301 1696 enim
334 1674 431 1704 quam
466 1663 623 1703 proclives
656 1664 757 1694 simus
792 1663 830 1694 ad
866 1664 1075 1695 imitationem
1112 1664 1173 1694 Dei

216 1718 384 1739 servorum
413 1707 444 1737 in
476 1706 623 1737 omnibus
656 1706 797 1745 ipsorum
828 1706 930 1744 factis,
961 1707 1030 1738 sine
1058 1707 1172 1737 iudicio

216 1758 248 1781 et
277 1750 483 1781 discretione:
514 1756 550 1779 ut
578 1748 766 1780 histrionica
796 1754 828 1779 et
857 1750 981 1780 scenica
1004 1749 1108 1789 potius
1131 1750 1174 1781 sit

216 1803 311 1833 quam
336 1803 414 1823 vera
445 1791 591 1822 imitatio.
638 1790 693 1822 Sic
717 1791 863 1822 videmus
886 1791 1051 1823 Israelitas
1073 1793 1174 1823 omni-

216 1835 275 1867 bus
303 1835 439 1866 saeculis
469 1834 671 1874 depravatos,
701 1834 840 1873 turpiter
868 1840 899 1864 et
921 1834 1010 1865 foede
1033 1835 1065 1865 in
1090 1835 1172 1865 mul-

216 1884 266 1909 tos
285 1888 411 1909 errores
434 1877 540 1917 lapsos
562 1876 670 1913 fuisse,
695 1884 726 1906 et
750 1882 856 1907 tamen
876 1887 1001 1908 summa
1019 1888 1172 1918 arrogan-

216 1922 261 1952 tia
284 1921 346 1951 Dei
370 1920 480 1951 foedus
503 1929 574 1949 cum
600 1919 744 1958 patribus
768 1919 908 1958 ipsorum
928 1920 1055 1957 initum,
1080 1927 1110 1951 et
1134 1920 1173 1951 ab

215 1965 294 2004 ipsis
323 1963 434 1994 multis
469 1962 589 1992 vicibus
612 1972 739 1992 summa
762 1962 996 2001 ingratitudine
1021 1963 1169 2000 fractum,

215 2007 351 2038 iactasse
382 2011 413 2036 et
443 2004 481 2035 de
504 2005 558 2035 illo
582 2004 749 2044 gloriatos:
783 2015 819 2035 ae
841 2004 974 2044 proinde
996 2016 1014 2036 a
1037 2006 1172 2045 prophe-

216 2049 257 2080 tis
287 2050 429 2089 graviter
457 2048 677 2087 reprehensos,
706 2047 830 2087 flagitia
859 2054 965 2078 tamen
996 2048 1055 2079 hoc
1079 2049 1173 2079 titulo

217 2098 325 2132 tegere
350 2091 504 2122 voluisse:
539 2089 649 2120 Patres
672 2090 777 2124 nostri.
804 2092 919 2128 patres,
943 2091 1084 2130 inquam,
1107 2102 1174 2122 nos-

216 2135 259 2166 tri
289 2134 355 2166 Deo
384 2133 495 2172 accepti
516 2133 658 2171 fuerant:
678 2132 821 2170 templum
844 2132 914 2169 Dei,
945 2134 1089 2172 templum
1112 2134 1175 2165 Dei

216 2177 370 2208 habemus.
416 2175 513 2209 Sane,
543 2174 597 2206 sed
629 2175 662 2204 in
692 2175 752 2204 Dei
783 2181 952 2215 praccepta
982 2176 1052 2207 illos
1082 2188 1172 2216 opor-

217 2219 307 2250 tebat
328 2219 456 2252 intueri.
487 2224 518 2248 et
548 2217 659 2248 eadem
682 2218 769 2256 sequi
795 2224 826 2248 et
850 2218 1029 2256 observare,
1063 2230 1098 2250 ac
1123 2230 1173 2250 res

216 2261 394 2302 prohibitas
426 2261 458 2291 in
490 2260 553 2290 illis
586 2261 695 2290 vitare.
741 2260 847 2290 Hodie
876 2261 908 2290 in
941 2266 1060 2301 papatu
1083 2263 1173 2302 quid-

217 2304 295 2344 quid
321 2304 380 2334 Dei
404 2303 508 2334 cultus
532 2302 646 2333 dicitur
670 2313 758 2333 mera
780 2310 829 2333 est
852 2304 1060 2335 abominatio:
1091 2304 1174 2344 quod

217 2347 250 2378 in
282 2347 383 2387 legem
417 2345 544 2376 trahere
575 2345 738 2375 voluerint
766 2345 850 2384 quod
881 2347 1175 2378 extraordinarium

217 2395 296 2426 erat,
326 2388 404 2419 adeo
435 2394 471 2418 ut
502 2387 563 2418 Dei
593 2387 698 2418 cultus
723 2398 817 2418 verus
846 2399 975 2426 prorsus
997 2389 1038 2420 sit
1061 2390 1173 2430 depra-

218 2438 314 2463 vatus
344 2439 375 2462 et
405 2430 612 2461 adulteratus.
658 2430 751 2461 Unde
786 2441 864 2460 vero
894 2431 924 2461 id
955 2432 1077 2470 accidit,
1112 2434 1174 2465 uisi

218 2485 257 2505 ex
281 2474 381 2505 stulta
399 2473 578 2503 imitatione
597 2473 742 2512 privatae
762 2473 895 2505 alicuius
914 2476 1172 2514 superstitionis?

217 2516 254 2549 Si
288 2516 360 2556 quis
394 2516 479 2546 euim
514 2515 650 2555 speciale
684 2515 812 2555 aliquod
847 2516 964 2547 factum
997 2519 1105 2557 gessit,
1139 2519 1172 2549 in

216 2559 404 2600 exemplum
427 2565 458 2589 et
481 2558 626 2599 regulam
650 2563 787 2589 tractum
811 2564 867 2596 est,
891 2565 987 2599 atque
1008 2561 1054 2591 ita
1078 2572 1173 2592 verus

217 2601 279 2634 Dei
314 2602 418 2634 cultus
452 2601 642 2632 obscuratus
675 2606 731 2632 est.
778 2601 825 2632 Eo
860 2601 960 2641 igitur
994 2605 1172 2635 accuratius

1219 255 1298 287 hace
1321 256 1519 287 observanda
1545 262 1621 287 sunt
1643 267 1726 296 quae
1751 257 1828 297 dico,
1860 266 1891 289 et
1914 269 1995 298 quae
2019 259 2050 290 in
2074 260 2182 291 oculos

1221 298 1362 338 quotidie
1397 298 1576 335 incurrunt,
1614 310 1675 339 quo
1709 300 1880 339 proclivior
1914 301 1947 331 in
1982 303 2180 333 contrarium

1221 349 1265 372 est
1303 342 1426 381 lapsus:
1462 351 1576 381 nempe
1617 353 1710 382 saepe
1744 353 1761 373 a
1797 343 1866 374 Deo
1896 354 2007 375 servos
2035 356 2110 376 suos
2142 344 2182 376 ad

1220 384 1344 415 facinus
1374 383 1501 423 aliquod
1533 384 1663 424 impelli,
1694 385 1776 425 quod
1807 394 1935 426 gratum
1959 394 1991 417 et
2014 395 2180 427 acceptum

1222 426 1366 463 habebit,
1397 425 1451 456 sed
1483 426 1564 465 quod
1596 433 1704 457 tamen
1736 429 1767 458 in
1798 429 1981 468 exemplum
2006 438 2061 460 aut
2085 440 2179 470 gene-

1221 469 1320 499 ralem
1351 468 1496 508 regulam
1529 469 1614 499 trahi
1644 470 1731 501 nolit.
1777 471 1963 502 Cuiusmodi
1994 473 2177 512 exemplum

1220 512 1254 542 in
1286 511 1463 542 Abrahami
1495 522 1587 542 servo
1615 513 1821 551 conspicuum
1847 520 1904 545 est.
1949 514 2033 545 Nam
2060 516 2178 546 missus

1221 554 1261 584 ab
1291 552 1476 585 Abrahamo
1505 554 1683 593 quaesitum
1714 555 1824 587 Isaaco
1855 556 1920 587 filio
1942 568 2084 594 uxorem,
2116 558 2180 598 sig-

1222 607 1298 627 num
1329 596 1388 628 sibi
1419 597 1568 636 proponit
1598 597 1642 627 rei
1676 598 1810 629 feliciter
1839 599 2009 639 gerendae,
2042 601 2177 639 primam

1221 638 1318 670 filiam
1344 648 1425 678 quae
1449 640 1625 670 occurrerit
1648 640 1685 670 ad
1711 640 1921 672 hauriendam
1946 652 2062 682 aquam
2086 642 2179 674 domo

1223 692 1394 722 egressam,
1425 691 1444 712 a
1462 692 1523 721 qua
1547 687 1655 721 potum
1680 684 1823 722 petierit:
1846 694 1940 724 quem
1965 685 1990 716 si
2015 685 2101 716 ultro
2126 685 2179 716 de-

1223 724 1314 761 derit,
1345 729 1378 755 et
1400 730 1513 764 sponte
1535 725 1630 755 etiam
1662 726 1790 757 camelis
1813 737 1928 767 aquam
1951 728 2183 767 propinaverit,

1223 778 1292 798 eam
1328 767 1395 797 fore
1429 777 1561 797 uxorem
1597 768 1665 798 heri
1699 769 1756 806 sui,
1792 780 1886 809 quam
1921 769 2082 801 Dominus
2117 771 2184 810 ipse

1224 810 1367 850 elegerit.
1414 809 1481 840 Nae
1512 810 1538 840 si
1572 810 1652 841 hanc
1682 810 1912 842 divinationem
1937 812 2057 843 imitari
2083 813 2182 844 velle—

1224 863 1305 889 mus,
1335 863 1399 882 non
1431 851 1562 883 dubium
1586 858 1633 883 est
1657 853 1732 892 quin
1757 865 1826 884 eam
1851 857 2067 895 arrogantiam
2092 855 2184 887 Deus

1225 895 1368 935 graviter
1391 895 1536 934 puniret:
1561 894 1636 926 licet
1660 901 1765 926 tamen
1790 897 1966 928 Abrahami
1990 898 2076 929 servi
2100 908 2183 929 com-

1224 938 1392 978 probatum
1412 948 1430 968 a
1448 938 1518 968 Deo
1537 938 1578 969 sit
1598 945 1722 968 votum:
1746 950 1870 979 nempe,
1902 939 1985 980 quod
2004 940 2072 980 ipse
2092 941 2183 972 Deus

1224 980 1396 1020 suggessit,
1431 987 1463 1010 et
1493 980 1578 1012 feeit.
1634 980 1723 1011 Idem
1764 982 1893 1013 omnino
1928 982 1966 1013 de
1999 982 2184 1014 Ionathano

1224 1023 1442 1054 sentiendum.
1499 1023 1611 1063 Neque
1645 1024 1730 1054 enim
1765 1024 1973 1063 proculdubio
2008 1025 2183 1057 verisimile

1224 1066 1374 1105 cuiquam
1405 1066 1474 1096 fieri
1504 1071 1630 1106 poterat
1659 1066 1765 1097 hostes
1788 1067 1827 1097 ad
1852 1067 1987 1098 duorum
2012 1068 2183 1099 hominum

1224 1108 1410 1148 adspectum
1442 1114 1564 1139 terrore
1594 1109 1826 1148 percellendos:
1861 1121 1958 1149 quum
1992 1111 2182 1150 praesertim

1223 1151 1344 1183 scirent
1373 1151 1406 1182 in
1439 1156 1503 1182 toto
1533 1151 1653 1182 Israele
1683 1163 1748 1182 nou
1778 1163 1847 1183 esse
1877 1163 1977 1188 arma,
2011 1153 2127 1193 quibus
2150 1164 2183 1184 se

1223 1199 1412 1225 tuerentur:
1443 1193 1563 1224 nedum
1593 1200 1629 1225 ut
1658 1195 1743 1234 ipsos
1777 1195 2040 1235 aggrederentur,
2076 1202 2106 1227 et
2137 1197 2183 1227 in-

1224 1247 1304 1277 gens
1327 1242 1413 1268 esset
1436 1236 1576 1267 hostium
1601 1236 1783 1268 multitudo.
1814 1237 1908 1269 Solae
1931 1238 2059 1278 quidem
2084 1239 2183 1270 fateor

1224 1279 1509 1319 praesidiariorum
1533 1279 1679 1310 cohortes
1698 1280 1915 1311 Ionathanum
1935 1287 1967 1311 et
1986 1282 2182 1321 armigerum

1225 1322 1326 1362 ipsius
1361 1322 1525 1353 viderunt:
1567 1321 1622 1353 sed
1655 1322 1731 1362 quid
1766 1322 1829 1353 duo
1866 1323 1911 1354 illi
1945 1322 2102 1354 adversus
2137 1331 2183 1354 tot

1225 1364 1356 1396 hostes?
1403 1364 1519 1395 Nonne
1544 1371 1704 1396 momento
1727 1365 1817 1396 caedi
1839 1365 2034 1405 potuerunt?
2073 1366 2182 1404 Quare

1226 1408 1317 1438 nulla
1356 1412 1405 1438 est
1442 1408 1549 1438 oblata
1588 1413 1694 1438 metus
1731 1409 1851 1439 occasio
1886 1409 2083 1440 stationariis
2118 1409 2183 1440 illis

1226 1450 1422 1487 Philistaeis‚
1445 1451 1499 1489 qui
1524 1450 1628 1481 nullas
1651 1451 1811 1490 oppositas
1830 1450 1889 1481 sibi
1908 1450 1946 1481 ad
1967 1451 2181 1482 resistendum

1226 1493 1303 1524 viris
1332 1493 1646 1524 animadverterant:
1680 1499 1710 1524 et
1736 1493 1816 1530 ideo,
1847 1498 1881 1524 ut
1907 1493 2068 1532 videmus,
2103 1494 2181 1525 Phi-

1224 1535 1329 1567 listaei
1353 1541 1542 1576 conspectos
1572 1535 1652 1566 duos
1675 1536 1746 1567 illos
1770 1536 1854 1567 viros
1877 1547 1933 1575 per
1961 1543 2180 1576 contemptum

1224 1579 1336 1610 iubent
1370 1578 1410 1609 ad
1444 1589 1478 1609 se
1513 1578 1715 1615 adscendere,
1746 1579 1900 1609 dicentes:
1935 1578 2013 1610 Ecce
2046 1579 2182 1610 Hebraei

1218 1622 1374 1660 prodeunt
1395 1632 1410 1652 e
1431 1621 1641 1661 foraminibus
1662 1622 1752 1652 secius
1773 1621 1826 1652 ubi
1849 1632 1880 1652 se
1898 1621 2125 1660 absconderant,
2156 1624 2182 1652 et

1219 1665 1378 1703 praelium
1407 1664 1612 1695 meditantur.-
1637 1665 1726 1704 quasi
1751 1664 1908 1694 dicerent:
1932 1663 2023 1695 Vah!
2048 1665 2181 1696 miseros

1224 1708 1302 1738 istos
1333 1707 1563 1738 homunciones
1597 1707 1692 1737 etiam
1728 1707 1759 1737 in
1794 1712 1999 1746 conspectum
2035 1713 2181 1738 nostrum

1225 1751 1336 1780 venire
1367 1760 1469 1786 ausos,
1497 1760 1574 1789 quos
1605 1750 1654 1779 vel
1685 1750 1802 1780 invitos
1832 1759 1959 1780 necesse
1983 1754 2031 1780 est
2055 1750 2086 1780 in
2111 1761 2181 1782 nos-

1224 1798 1306 1822 tram
1328 1793 1437 1823 venire
1460 1791 1673 1832 potestatem?
1708 1792 1756 1822 Ea
1780 1791 1840 1822 suit
1863 1792 2003 1822 hostium
2027 1802 2180 1833 arrogan-

1225 1835 1269 1866 tia
1291 1842 1322 1866 et
1353 1835 1546 1875 petulantia:
1577 1835 1781 1874 quamobrem
1810 1839 1931 1865 metum
1956 1835 2118 1873 simulant,
2150 1841 2180 1866 et

1224 1878 1335 1909 iubent
1365 1877 1532 1909 Israelitas
1562 1877 1600 1908 ad
1625 1889 1658 1908 se
1682 1877 1882 1914 adscendere,
1910 1877 2103 1914 Adscendz'te,
2135 1879 2181 1908 in-

1224 1921 1349 1960 quiunt,
1378 1921 1420 1952 ad
1442 1931 1504 1957 rios,
1535 1923 1567 1950 ut
1589 1923 1689 1951 notam
1717 1920 1872 1959 faci-amus
1898 1920 1984 1950 vobis
2006 1930 2078 1950 rem.
2125 1920 2180 1952 Sic

1225 1964 1365 1995 solemus
1399 1970 1508 1994 nostro
1547 1963 1695 1993 idiomate
1730 1962 1843 2003 gallico
1877 1962 2067 2002 compellare
2102 1974 2180 2002 quos

1226 2006 1317 2037 nobis
1340 2006 1483 2037 infensos
1506 2006 1602 2036 minis
1625 2014 1796 2036 terremus:
1829 2005 1918 2036 Heus
1942 2005 2064 2040 aceede,
2088 2006 2179 2036 ades-

1226 2049 1311 2086 dum,
1337 2049 1445 2088 paucis
1459 2054 1488 2079 te
1511 2048 1599 2078 volo:
1624 2058 1704 2087 quae
1717 2048 1971 2078 comminationis
1992 2048 2054 2078 vim
2076 2048 2179 2080 habet.

1226 2091 1315 2122 Idem
1340 2102 1415 2131 ergo
1435 2091 1620 2122 Philistaeis
1645 2090 1769 2128 accidit,
1792 2091 1845 2130 qui
1864 2090 1971 2121 verbis
1991 2090 2055 2121 illis
2078 2092 2179 2121 mina-

1226 2135 1345 2166 bantur
1380 2134 1559 2165 Ionathano
1593 2138 1623 2163 et
1656 2133 1822 2173 armigero,
1864 2137 1895 2162 et
1928 2138 2036 2163 tamen
2072 2134 2179 2173 egredi

1226 2178 1362 2208 statione
1392 2188 1426 2208 se
1457 2188 1519 2207 non
1551 2177 1669 2207 audere
1699 2176 1938 2215 profitebantur.
1984 2175 2035 2206 Ex
2065 2176 2180 2215 quibus

1226 2226 1359 2260 apparet
1382 2219 1486 2250 Deum
1518 2218 1696 2250 cohibuisse
1727 2219 1846 2249 rabiem
1871 2219 2026 2257 ipsorum,
2057 2225 2088 2248 et
2112 2219 2180 2249 ani-

1227 2263 1287 2294 mis
1311 2267 1431 2293 metum
1463 2263 1617 2299 iniecisse,
1651 2267 1685 2292 ut
1719 2261 1793 2291 licet
1822 2260 1923 2299 multi,
1957 2260 2036 2291 duos
2070 2268 2179 2292 tamen

1226 2305 1373 2336 homines
1398 2305 1515 2335 adoriri
1542 2304 1589 2334 vel
1613 2305 1644 2334 in
1671 2305 1777 2343 fugam
1804 2309 1926 2333 vertere
1946 2314 2008 2333 non
2031 2303 2178 2335 audeant.

1227 2348 1310 2379 Nam
1335 2348 1446 2379 saltem
1472 2347 1509 2377 ad
1531 2346 1715 2377 terrendum
1739 2345 1947 2376 Ionathanem
1970 2346 2089 2386 aliquot
2111 2357 2178 2386 pas-

1226 2402 1281 2422 sus
1305 2390 1459 2421 adversus
1483 2390 1571 2420 illum
1596 2388 1745 2429 progredi
1769 2388 1935 2419 debebant.
1969 2389 2068 2428 Atqui
2092 2395 2180 2420 metu

1227 2433 1418 2471 retinentur,
1448 2438 1479 2462 et
1508 2443 1541 2462 se
1572 2432 1658 2462 intra
1688 2432 1844 2461 montium
1876 2432 1983 2461 fauces
2005 2432 2180 2470 continent,

1226 2476 1316 2516 quasi
1347 2476 1512 2515 ingentem
1544 2475 1741 2504 excercitum
1762 2475 1794 2503 in
1818 2481 1987 2512 conspectu
2012 2474 2178 2512 haberent,

1226 2525 1258 2549 ct
1289 2519 1380 2557 pauci
1412 2528 1447 2548 ac
1477 2516 1621 2547 imbelles
1649 2518 1679 2546 in
1711 2516 1897 2556 adspectum
1927 2527 2036 2547 eorum
2070 2517 2178 2548 venire

1226 2572 1289 2591 non
1324 2560 1487 2591 auderent.
1541 2558 1604 2590 Sed
1638 2559 1838 2590 Ionathanus
1871 2569 1963 2589 omen
1998 2570 2036 2590 ex
2071 2560 2181 2591 verbis

1226 2604 1287 2634 illis
1322 2603 1460 2642 accepit:
1495 2609 1523 2633 et
1559 2612 1636 2632 sane
1665 2601 1814 2641 deinceps
1845 2601 1959 2632 dicitur
1987 2609 2091 2633 metus
2125 2602 2182 2635 ille

1948 2652 1980 2677 3*
