2551 3044
208 193 270 225 213

208 288 268 319 etsi
293 299 356 319 non
380 298 567 328 expressum
591 292 639 320 est.
662 288 821 320 Davidem
845 297 914 319 sese
938 287 978 318 ad
1001 286 1165 326 singulare

208 335 370 362 certamen
415 342 486 362 cum
526 331 679 363 Goliatho
721 330 962 372 suscipiendum
1003 328 1165 367 obtulisse,

208 374 300 405 facilc
342 379 451 404 tamen
492 385 533 405 ex
572 375 640 413 ipsa
674 379 846 405 contextus
879 373 961 404 serie
994 371 1164 409 colligitur.

207 416 292 447 Nam
322 416 473 455 deinceps
503 418 656 456 sequitur,
686 416 797 448 audita
826 426 890 448 esse
911 414 1000 446 verba
1023 413 1165 454 91100ῖο-

207 462 321 498 quietas
349 462 393 490 est
421 459 539 497 David,
569 462 595 490 et
623 459 813 490 annunciata
842 459 876 490 in
898 459 1054 496 conspectu
1079 456 1165 487 Saul.

207 502 261 533 Ad
289 512 376 541 quem-
407 504 433 532 et
460 502 560 540 fuisse
586 502 760 538 adductum,
790 502 1006 540 loquutumque
1034 499 1068 530 in
1094 498 1166 530 haec
1190 498 1191 506 ¹

206 544 314 575 verba:
339 543 409 574 Non
432 544 567 575 concidat
589 554 638 575 cor
660 545 843 584 cuiusquam
866 545 900 575 ‘in
921 553 963 582 eo,
986 552 1037 582 eqo
1058 552 1165 573 servus

207 589 279 617 tuus
300 586 422 623 vadam,
446 589 471 617 et
487 587 631 626 puynabo
655 587 804 619 adversus
829 586 1043 618 Plcilistaeum.
1079 583 1166 616 Sane

207 640 271 660 non
306 634 427 659 temere
462 630 560 660 verba
594 630 649 660 illa
678 629 787 660 David
821 628 972 669 profudit,
1006 633 1042 658 ut
1072 637 1166 666 saepe

207 671 312 703 solent
330 671 547 703 adolescentes
565 677 685 703 temere
706 672 808 702 multa
830 671 1002 711 suscipere,
1027 674 1062 700 ut
1083 668 1166 700 nihil

207 718 274 744 tam
305 714 440 745 arduum
473 714 559 754 quod
583 726 647 746 non
678 725 711 746 se
740 714 832 746 facile
854 719 1061 754 superaturos
1081 712 1164 742 arbi-

207 760 349 794 trentur,
381 764 413 788 et
437 762 471 787 ut
494 757 556 788 dici
580 757 659 789 solet
683 757 860 796 proverbio,
884 757 993 787 lunam
1017 754 1165 786 dentibus

206 800 370 840 accepturi
403 800 586 831 videantur.
641 800 765 839 Nempe
798 810 831 830 se
865 810 930 830 non
964 803 1100 836 norunt,
1134 801 1166 827 et

206 842 329 873 nullam
349 843 470 873 habent
488 843 731 882 experientiam,
755 846 791 873 ut
810 841 1031 873 difficultatem
1054 849 1165 871 eorum

206 895 287 925 quae
309 885 489 925 suscipiunt
511 884 710 925 dignoscant.
752 885 832 916 Inde
855 885 893 915 fit
916 890 952 914 ut
974 893 1068 923 saepe
1091 882 1165 913 ado-

205 928 363 959 lescentes
397 938 498 967 aequo
532 929 597 959 sint
626 927 821 964 audaciores,
853 934 886 958 et
914 926 1103 967 praecipites
1130 925 1163 955 in

206 970 350 1010 pericula
390 976 503 1008 ruant,
546 981 562 1000 0
588 971 711 1010 -quibus
745 981 810 1001 non
843 973 1027 1010 emergunt.
1079 967 1165 999 Sane

208 1013 374 1044 temeritas
401 1013 457 1043 illa
487 1013 632 1044 nascitur
656 1013 774 1052 partim
798 1023 839 1043 ex
858 1022 895 1043 οο
917 1011 1002 1052 quod
1023 1021 1057 1042 se
1080 1011 1166 1050 ipsos

206 1066 273 1086 11011
308 1062 428 1086 norunt
459 1066 544 1086 vana
573 1055 710 1095 quadam
741 1056 790 1086 sui
819 1055 968 1095 opinione
997 1063 1166 1094 praeoccu-

206 1099 294 1138 pati,
334 1099 451 1138 partim
491 1097 574 1138 quod
614 1108 723 1128 rerum
761 1104 837 1128 sunt
870 1097 1020 1137 imperiti.
1074 1095 1167 1127 Nihil

207 1141 312 1172 simile
345 1141 452 1172 David
482 1151 595 1180 passus
624 1145 688 1178 est,
718 1139 987 1180 quemadmodum
1017 1139 1166 1178 deinceps

207 1183 401 1215 videbimus.
446 1183 536 1214 Nihil
567 1183 653 1214 enim
684 1183 722 1214 de
750 1184 816 1214 suis
846 1182 968 1214 viribus
990 1181 1050 1213 sibi
1073 1181 1165 1221 polli-

207 1226 290 1258 citus
323 1231 379 1264 est,
414 1226 570 1257 adversus
600 1226 765 1266 gigantem
789 1225 978 1257 Goliathum
1008 1223 1164 1264 singulari

206 1269 382 1300 certamine
417 1269 570 1309 congredi
605 1276 751 1308 paratus:
793 1279 887 1307 quem
921 1268 998 1299 satis
1033 1271 1165 1298 noverat

206 1321 276 1343 esse
291 1312 393 1343 veluti
412 1311 535 1342 leonem
556 1319 610 1342 aut
630 1322 740 1342 ursum
761 1322 779 1342 a
797 1322 859 1350 quo
878 1316 986 1351 posset
1003 1315 1165 1340 momento
1190 1328 1191 1336 1

207 1354 372 1385 dilaniari:
401 1354 457 1386 sed
480 1355 512 1385 in
537 1355 643 1385 Deum
668 1365 757 1394 spem
781 1364 909 1384 omnem
932 1353 1110 1392 collocavit,
1133 1358 1165 1383 et

206 1397 339 1429 coelitus
362 1397 518 1428 auxilium
542 1397 751 1436 exspectavit,
782 1397 820 1427 de
844 1407 877 1427 se
899 1397 967 1435 ipso
989 1395 1072 1426 nihil
1093 1405 1164 1434 spe-

205 1449 292 1472 rans.
327 1439 416 1479 Quin
434 1441 498 1471 imo
521 1440 698 1471 notandum
712 1439 873 1470 Davidem
897 1438 1038 1478 impulsu
1061 1437 1165 1469 sancti

207 1483 342 1523 spiritus
373 1483 419 1513 ita
448 1483 631 1522 loquutum.
677 1482 760 1513 Nam
789 1482 843 1521 qui
872 1487 939 1512 tam
962 1480 1104 1512 modeste
1126 1480 1164 1511 de
1189 1489 1191 1495 ⁴

206 1536 241 1557 se
270 1526 381 1563 sensit,
412 1530 442 1556 et
472 1536 638 1566 nunquam
666 1535 717 1555 res
741 1534 876 1564 magnas
899 1523 1030 1564 aggredi
1053 1523 1162 1560 voluit,

206 1568 364 1608 quomodo
389 1569 454 1599 iam
478 1574 543 1599 tam
567 1567 703 1599 arduum
729 1567 902 1608 negotium,
927 1567 988 1597 nisi
1010 1571 1164 1606 operante

205 1611 294 1644 intus
327 1611 437 1642 divina
470 1611 598 1649 virtute,
632 1609 847 1650 suscepisset?
896 1608 1005 1648 Quare
1035 1619 1164 1640 necesse

205 1658 255 1685 est
273 1654 432 1685 fateamur
453 1653 649 1692 singularem
672 1653 763 1683 illum
787 1653 884 1683 fuisse
907 1652 1008 1683 sancti
1030 1652 1164 1691 spiritus

205 1702 346 1735 motum,
379 1696 541 1728 Davidem
575 1696 614 1727 ad
648 1695 728 1726 illud
762 1701 924 1727 certamen
958 1695 1162 1726 excitantem.

207 1738 293 1770 Sane
322 1750 416 1779 saepe
440 1740 530 1771 Deus
554 1740 601 1770 sic
624 1738 881 1770 extraordinaria
905 1738 1030 1769 ratione
1053 1747 1163 1777 opera-

206 1785 261 1813 tur
287 1782 321 1813 in
350 1782 389 1813 iis
419 1783 472 1822 qui
502 1783 626 1813 facinus
654 1780 783 1821 aliquod
805 1781 932 1820 insigne
955 1786 986 1811 et
1008 1780 1164 1811 memoria

206 1824 340 1865 dignum
353 1825 599 1865 aggrediuntur.
630 1823 847 1863 Quamobrem
861 1823 1034 1864 diligenter
1049 1823 1163 1854 distin-
1188 1846 1189 1853 1

204 1867 353 1907 guendae
376 1873 455 1898 sunt
477 1869 617 1899 virtutes
641 1867 823 1898 ordinariae
845 1865 988 1897 fidelium
1013 1866 1074 1896 Dei
1096 1877 1162 1897 ser·
1187 1881 1188 1884 =

204 1920 328 1946 vorum,
360 1921 378 1941 a
407 1910 498 1942 donis
526 1910 743 1950 singularibus
773 1914 805 1939 et
833 1909 970 1949 propriis
999 1918 1036 1939 ac
1058 1914 1163 1940 extra-

204 1952 386 1984 ordinariis.
421 1954 505 1985 Nam
524 1954 551 1984 si
573 1954 611 1984 de
631 1952 811 1984 obedientia
835 1962 916 1991 quae
927 1950 998 1982 Deo
1021 1950 1163 1990 debetur,
1188 1977 1189 1985 ,

205 1995 244 2026 de
265 1996 433 2036 patientia,
463 1996 501 2027 de
524 1995 708 2027 humilitate
739 1995 938 2034 caeterisque
960 1994 1162 2025 instiusmodi
1186 2013 1188 2018 -

1187 2044 1189 2049 ’
1215 2039 1299 2070 vires
1318 2039 1459 2078 integras
1478 2036 1603 2073 habeat,
1626 2035 1881 2083 quandoquidem
1905 2035 1944 2064 ad
1968 2044 2089 2065 annum
2114 2045 2170 2066 us-

205 2038 381 2070 virtutibus
411 2044 535 2079 agatur,
566 2038 606 2069 ad
637 2048 749 2069 omnes
771 2037 882 2068 fideles
904 2038 966 2068 ista
989 2037 1162 2077 pertinent.

203 2080 288 2112 Nam
311 2081 357 2112 ita
379 2081 500 2123 singuli
523 2081 753 2113 confirmamur
775 2081 809 2110 in
833 2079 979 2111 doctrina
1001 2090 1082 2119 quae
1100 2079 1164 2111 Dei

203 2123 304 2155 verbo
327 2125 526 2160 continetur3
550 2130 581 2155 et
603 2124 631 2155 si
653 2123 757 2154 fidelis
780 2123 914 2154 alicuius
939 2122 1021 2153 vitae
1043 2123 1162 2154 sancti-

203 2167 346 2198 moniam
376 2173 408 2198 et
439 2167 591 2198 virtutem
624 2176 698 2197 cum
727 2171 897 2206 praecepta
919 2165 1064 2196 doctrina
1087 2175 1162 2197 eon-

204 2208 355 2248 feramus,
379 2220 415 2241 eo
433 2210 536 2250 magis
556 2219 616 2240 nos
639 2209 678 2239 ad
703 2210 857 2239 virtutem
881 2207 1015 2239 excitari
1037 2213 1069 2239 et
1091 2219 1163 2240 con·
1187 2233 1189 2242 s

204 2251 326 2282 firmari
360 2258 495 2292 oportet.
552 2251 618 2283 Sed
651 2251 807 2291 quaedam
841 2256 917 2282 sunt
947 2251 1092 2289 virtutes,
1125 2257 1162 2282 ut

205 2298 281 2325 ante
299 2294 377 2334 dixi,
400 2295 547 2335 propriae
566 2294 770 2334 quorundum
793 2304 872 2333 quas
895 2304 958 2324 non
980 2298 1105 2334 oportet
1127 2294 1161 2325 in

204 2336 391 2377 exemplum
420 2338 515 2374 trahi,
546 2344 578 2368 et
608 2348 664 2377 pro
695 2336 838 2377 generali
859 2336 971 2377 regula
993 2337 1160 2368 constitui:

204 2379 308 2418 qualis
326 2380 379 2412 hic
392 2380 527 2411 Davidis
545 2380 654 2411 fervor
671 2385 704 2411 et
725 2380 831 2410 virtus
854 2380 1053 2419 proponitur,
1075 2380 1161 2420 quod

203 2422 265 2452 fuit
293 2421 333 2453 ad
362 2428 490 2462 tempus
517 2423 654 2463 speciale
684 2422 842 2462 quoddam
871 2422 1093 2462 privilegium:
1129 2427 1161 2454 et

204 2474 239 2495 re
260 2465 330 2505 ipsa
344 2465 450 2496 David
467 2465 543 2497 fecit
565 2465 772 2496 manifestum
795 2464 941 2496 seaDeo
964 2465 1100 2496 electum
1124 2470 1162 2497 ut

204 2507 246 2538 ad
273 2509 395 2548 regiam
425 2508 616 2549 dignitatem
646 2507 840 2548 perveniret.
882 2506 968 2539 Sane
998 2508 1099 2539 fateor
1127 2509 1162 2539 in

205 2550 266 2582 hoc
284 2551 461 2583 certamine
479 2552 668 2591 conspicuas
691 2561 759 2582 esse
781 2551 919 2582 virtutes
940 2560 1020 2591 quae
1043 2551 1083 2582 ad
1101 2561 1161 2582 nos

204 2593 303 2624 etiam
321 2594 494 2634 pertinent,
518 2599 549 2625 et
567 2604 648 2634 quae
671 2593 712 2624 ad
735 2593 886 2625 ecclesiae
907 2593 1037 2634 singula
1058 2604 1160 2625 mem—

204 2634 263 2668 bra
290 2636 421 2668 extendi
450 2636 575 2669 debent.
618 2636 705 2669 Talis
734 2641 783 2667 est
805 2635 923 2669 fiducia
943 2636 1000 2668 illa
1022 2636 1159 2669 Davidis

869 194 916 225 IN
939 193 964 224 1.
989 193 1076 224 LIB.
1101 192 1299 225 SAMUEL.
1324 196 1420 227 CAP.
1445 195 1557 228 XVII.

2117 196 2182 227 214

1220 287 1251 318 in
1277 288 1337 319 Dei
1361 289 1518 329 potentia:
1546 290 1619 321 talis
1642 290 1820 322 recordatio
1845 290 2073 322 beneficiorum
2097 300 2180 330 quae

1219 340 1236 360 a
1251 331 1318 361 1)οο
1342 339 1515 371 acceperat,
1541 343 1560 363 a
1583 343 1646 373 quo
1669 333 1889 364 fortitudinem
1909 340 1940 364 et
1964 334 2062 364 animi
2086 344 2179 373 prae·

1192 369 1370 404 {stantiam
1405 374 1556 406 habebat:
1591 386 1670 415 quae
1704 386 1868 415 nunquam
1897 376 1987 407 illum
2016 376 2048 406 in
2080 376 2180 408 rebus

1218 417 1361 455 angustis
1385 425 1415 446 et
1445 427 1544 456 paene
1573 417 1748 457 desperatis⁴
1779 419 1936 454 deseruit,
1966 419 2021 449 sed
2050 429 2180 458 semper

1218 457 1297 488 fovit
1326 465 1358 488 et
1381 461 1592 491 confirmavit.
1639 461 1775 491 Tantam
1802 460 1937 492 Davidis
1959 462 2177 492 constantiam

1218 499 1390 538 intuentes,
1422 502 1452 531 in
1483 503 1666 543 exemplum
1691 514 1852 535 assumere
1877 510 1909 534 et
1938 504 2058 534 imitari
2082 504 2178 536 debe-

1217 552 1298 573 mus.
1352 544 1464 583 Neque
1502 556 1575 575 vero
1608 552 1716 576 tamen
1745 546 1940 586 sperandum
1968 551 2017 577 cst
2046 546 2112 577 fore
2140 551 2178 577 ut

1218 583 1308 616 Deus
1339 596 1396 617 nos
1425 596 1550 626 semper
1573 587 1702 618 adiuvet
1726 589 1757 619 in
1781 589 1910 629 gigante
1934 589 2041 628 aliquo
2064 599 2178 629 super-

1218 627 1309 664 ando,
1340 628 1607 667 quemadmodum
1638 631 1797 662 Davidem
1827 632 1919 662 iuvit.
1964 631 2073 670 Quare
2101 632 2181 663 licet

1218 680 1251 700 se
1264 670 1372 701 David
1394 671 1476 701 ultro
1500 672 1539 702 ad
1562 673 1724 713 singulare
1747 679 1909 705 certamen
1932 673 2094 711 obtulerit,
2118 684 2178 705 nos

1218 717 1328 743 tamen
1347 714 1432 752 ipsos
1451 714 1621 754 diligenter
1640 715 1758 746 intueri
1778 715 1876 750 decet.
1896 716 2016 756 aliquid
2037 717 2177 748 arduum

1218 760 1250 785 et
1268 755 1399 786 difficile
1422 764 1636 796 suscepturos,
1668 759 1794 789 viresne
1817 759 1909 790 nobis
1932 759 2105 797 sufficiant,
2129 769 2172 790 au

1217 808 1286 828 eam
1321 798 1423 828 divini
1457 806 1562 830 motus
1596 800 1661 830 vim
1695 801 1728 830 in
1762 801 1853 832 nobis
1883 802 2060 833 sentiamus
2091 811 2176 842 quae

1217 840 1309 871 nobis
1327 841 1452 872 felicem
1475 842 1599 872 exitum
1625 842 1818 882 polliceatur.
1854 844 2092 875 Verumtamen
2115 844 2176 875 etsi

1218 883 1335 914 virium
1377 890 1559 915 nostrarum
1589 885 1841 917 imbecillitatem
1876 887 2069 924 sentiamus,
2109 897 2178 918 non

1216 925 1286 956 ideo
1305 932 1412 957 tamen
1432 926 1521 958 labor
1540 928 1571 957 in
1592 928 1630 958 iis
1649 938 1729 967 quae
1752 935 1827 959 sunt
1849 935 1977 960 nostrae
2000 929 2177 961 vocationis

1217 968 1390 1009 fugiendus
1420 975 1476 1000 est.
1522 969 1605 1000 Nam
1632 981 1709 1009 quos
1732 970 1821 1002 Deus
1844 971 1883 1002 ad
1907 971 2032 1011 aliquod
2056 982 2176 1003 munus

1218 1012 1356 1050 vocavit,
1376 1018 1407 1042 et
1425 1011 1541 1051 quibus
1557 1018 1676 1043 certam
1696 1013 1846 1053 imposuit
1865 1015 2073 1053 provinciam,
2093 1025 2177 1054 quae

1218 1053 1277 1084 hoc
1296 1054 1349 1084 vel
1371 1054 1450 1085 illud
1475 1055 1626 1094 requirat,
1649 1055 1724 1086 licet
1746 1066 1802 1087 nos
1825 1056 2022 1088 infirmitatis
2045 1062 2177 1088 nostrae

1217 1107 1330 1128 sensus
1349 1097 1503 1128 tardiores
1522 1098 1647 1134 efficiat,
1671 1099 1866 1138 pergendum
1892 1106 2000 1130 tamen
2023 1099 2057 1130 in
2081 1109 2176 1131 voca-

1217 1140 1311 1175 tione,
1341 1145 1373 1170 et
1401 1140 1582 1180 superanda
1611 1141 1715 1171 omnis
1743 1141 1874 1172 ferendo
1904 1147 1953 1173 est
1983 1141 2174 1174 difficultas:

1217 1187 1249 1213 et
1271 1182 1360 1213 Deus
1390 1182 1600 1222 invocandus,
1631 1190 1667 1213 ut
1691 1183 1778 1215 vitiis
1800 1185 1918 1215 nostris
1943 1184 2118 1223 medeatur,
2141 1190 2175 1216 et

1218 1225 1428 1256 defectionem
1451 1232 1593 1256 nostram
1617 1226 1771 1265 suppleat.
1805 1226 1867 1258 Sed
1892 1227 1919 1258 si
1941 1227 1980 1257 de
2002 1238 2036 1258 re
2059 1232 2177 1267 agatur

1217 1278 1298 1307 quae
1328 1279 1385 1299 nos
1413 1268 1601 1299 necessitate
1631 1279 1695 1299 non
1727 1275 1848 1309 urgeat,
1878 1277 1907 1300 ct
1931 1270 1969 1300 ad
1993 1280 2090 1309 quam
2113 1280 2176 1302 nos

1218 1321 1284 1341 11011
1313 1310 1432 1351 obliget
1455 1311 1594 1341 conditio
1618 1310 1657 1341 ad
1681 1322 1776 1350 quam
1800 1324 1817 1342 a
1841 1312 1910 1342 Deo
1933 1313 2038 1343 vocati
2062 1313 2176 1351 simus,

1217 1353 1325 1384 Deum
1356 1363 1524 1393 precemur
1555 1358 1589 1384 ut
1621 1364 1679 1384 nos
1702 1355 1836 1393 inspiret
1859 1361 1890 1385 et
1913 1360 2004 1394 regat
2027 1365 2084 1386 suo
2107 1355 2174 1395 spi-

1217 1397 1292 1433 ritu,
1324 1406 1360 1427 ac
1390 1397 1559 1436 patefaciat
1589 1406 1650 1436 qua
1681 1397 1714 1426 iu
1744 1407 1778 1427 re
1802 1403 1944 1427 nostram
1967 1408 2096 1437 operam
2121 1408 2173 1429 re·

1218 1439 1342 1478 quirat:
1377 1449 1480 1479 neque
1514 1449 1571 1470 1105
1604 1439 1689 1469 sinat
1722 1439 1772 1470 vel
1806 1439 1941 1479 digitum
1971 1441 2040 1470 sine
2071 1441 2175 1479 ipsius

1217 1482 1416 1522 praescripto
1446 1488 1477 1512 et
1506 1482 1669 1512 voluntate
1692 1492 1834 1512 movere:
1867 1492 1902 1513 ac
1925 1482 2059 1521 proinde
2081 1482 2175 1514 nobis

1217 1526 1285 1564 ipse
1304 1530 1443 1565 praeeat,
1462 1535 1556 1564 quem
1577 1534 1748 1564 sequamur
1760 1531 1796 1555 ut
1809 1524 1956 1565 discipuli
1969 1525 2174 1565 magistrum,

1217 1573 1249 1598 et
1272 1568 1330 1599 sub
1352 1568 1419 1598 eius
1442 1567 1591 1606 auspiciis
1615 1568 1674 1597 tuti
1697 1567 1805 1597 simus.

1301 1611 1461 1649 Deinceps
1492 1610 1643 1648 sequitur,
1678 1609 1807 1640 Saulem
1838 1609 1976 1640 voluisse
2007 1609 2172 1642 Davidem

1217 1652 1256 1683 ab
1286 1653 1346 1684 hoc
1369 1653 1544 1684 cert-amine
1568 1652 1736 1688 deterrere,
1765 1652 1815 1683 his
1838 1652 1962 1683 verbis:
1994 1652 2066 1682 Non
2087 1653 2174 1684 vales

1214 1696 1354 1727 resistere
1384 1695 1551 1726 Plzilz'staeo
1578 1696 1645 1734 isti,
1674 1705 1724 1726 nec
1749 1705 1889 1734 pusmare
1918 1694 2066 1725 adversus
2092 1705 2172 1734 eum,

1215 1739 1291 1778 quia
1308 1749 1389 1778 puer
1411 1749 1450 1774 es,
1474 1738 1523 1768 hic
1545 1741 1644 1768 autem
1662 1738 1710 1768 vir
1732 1737 1857 1768 bellator
1879 1740 1922 1767 est
1944 1737 1981 1767 ab
1999 1737 2172 1769 adolescen-

1214 1782 1260 1812 tia
1277 1792 1344 1812 seca.
1380 1782 1504 1812 Aetatis
1523 1786 1668 1811 maturae
1688 1780 1774 1810 viros
1797 1786 1918 1810 certum
1943 1784 1991 1810 est
2015 1790 2078 1810 non
2101 1790 2172 1812 esse

1215 1834 1309 1864 pares
1337 1824 1459 1855 viribus
1483 1822 1663 1859 iuvenibus,
1694 1833 1795 1862 neque
1818 1832 1891 1853 011111
1915 1821 1980 1852 illis
2003 1822 2172 1853 eonferen-

1215 1867 1280 1905 dos,
1312 1867 1397 1907 quod
1428 1877 1537 1897 eorum
1567 1872 1653 1896 aetas
1683 1866 1794 1896 etl'oeta
1825 1865 1881 1895 sit:
1913 1874 2011 1904 quare
2035 1864 2170 1896 Goliath

1215 1910 1267 1941 hic
1295 1921 1353 1950 pro
1383 1915 1534 1941 veterano
1557 1909 1658 1938 milite
1681 1918 1745 1938 non
1769 1908 1900 1938 effectae
1923 1906 1978 1937 sed
2001 1906 2171 1939 mediocris

1215 1954 1328 1984 aetatis
1347 1953 1510 1992 accipitur.
1545 1951 1652 1981 David
1674 1957 1780 1981 autem
1800 1950 1857 1980 etsi
1878 1949 2005 1980 virilem
2029 1954 2173 1981 aetatem

1214 1996 1386 2036 attigerat,
1421 2006 1499 2035 puer
1533 2000 1639 2024 tamen
1674 1993 1871 2032 appellatur,
1906 1991 1989 2031 quod
2024 1992 2171 2023 nondum

1214 2092 1275 2121 que
1305 2081 1585 2121 quadragesimum
1616 2079 1726 2119 augeri
1757 2088 1839 2108 Vires
1871 2077 2038 2107 hominum
2070 2077 2170 2109 etiam

1214 2124 1308 2155 hodie
1321 2130 1444 2155 eertum
1468 2129 1531 2153 est:
1556 2122 1615 2152 etsi
1639 2122 1846 2152 vehementer
1870 2119 2093 2150 labefactatum
2117 2125 2169 2151 est

1214 2167 1392 2198 humanum
1417 2176 1524 2206 genus,
1556 2172 1588 2195 et
1611 2164 1729 2204 singuli
1754 2163 1899 2193 homines
1924 2161 2036 2192 mundi
2057 2172 2170 2193 senec-

1214 2216 1279 2240 tam
1309 2210 1344 2240 in
1374 2219 1407 2239 se
1429 2209 1507 2248 ipsis
1528 2213 1777 2246 repraesentant,
1804 2206 1867 2235 iam
1891 2204 1997 2235 effoeti
2021 2215 2099 2244 quos
2120 2204 2170 2236 in-

1214 2253 1313 2292 tegris
1331 2252 1436 2283 adhuc
1460 2250 1581 2281 viribus
1605 2260 1672 2280 esse
1695 2253 1870 2289 oporteret:
1895 2252 2003 2277 tamen
2027 2257 2063 2277 eo
2087 2251 2170 2278 tem-

1213 2306 1289 2335 pore
1308 2295 1358 2325 vir
1381 2292 1653 2334 quadragenarius
1676 2298 1729 2322 aut
1752 2291 1849 2321 etiam
1872 2289 2170 2329 quinquagenarius

1214 2338 1324 2369 fortior
1354 2343 1385 2368 et
1416 2336 1574 2367 robustior
1604 2344 1672 2365 esse
1695 2340 1829 2373 poterat,
1857 2342 1952 2372 quam
1976 2331 2165 2364 adolescens

1213 2381 1337 2420 aliquis,
1366 2389 1463 2419 quam
1491 2383 1628 2409 aetatem
1659 2376 1765 2406 David
1795 2375 1956 2415 attigerat.
2001 2374 2096 2405 Hanc
2126 2375 2167 2406 ob

1212 2434 1340 2455 eausam
1372 2422 1449 2453 Saul
1484 2421 1574 2451 illum
1609 2419 1711 2450 reiicit
1741 2424 1893 2457 tanquam
1923 2427 1987 2447 non
2013 2416 2169 2449 idoneum

1213 2466 1252 2497 ad
1281 2474 1440 2505 pugnam:
1470 2464 1592 2494 veritus
1620 2473 1659 2493 ne
1688 2463 1755 2501 ipse
1784 2470 1946 2491 summum
1975 2459 2111 2491 dedecus
2134 2464 2168 2491 et

1212 2509 1423 2549 ignominiam
1453 2507 1639 2541 incurreret,
1670 2504 1696 2535 si
1726 2504 1851 2534 iuvenis
1879 2502 1933 2532 ille
1963 2512 1981 2532 a
2011 2502 2171 2534 Goliatho

1212 2553 1340 2592 gigante
1353 2551 1422 2582 sine
1435 2549 1560 2589 negotio
1573 2547 1795 2578 debellaretur.
1826 2545 1911 2576 Nam
1930 2545 2168 2584 provocationis

1186 2592 1187 2605 ³
1212 2595 1298 2635 leges
1321 2593 1474 2629 ferebant,
1498 2596 1533 2622 ut
1555 2590 1582 2621 si
1605 2588 1789 2621 aGoliatho
1812 2587 1970 2628 singulari
1991 2587 2167 2619 certamine

1212 2637 1395 2678 propositus
1435 2633 1637 2667 adversarius
1678 2636 1899 2672 superaretur,
1933 2629 2099 2662 Israelitae
2131 2640 2172 2662 se

1911 2680 1961 2705 14*
