2551 3044
205 189 246 220 45
868 189 912 219 IN
938 188 962 219 Ι.
987 188 1074 219 LIB.
1098 186 1296 218 SAMUEL.
1321 186 1417 217 CAP.
1442 186 1535 217 XIV.
2127 188 2169 218 46

205 294 279 324 ceps
307 283 525 315 Ionathanum
556 283 659 323 primo
682 283 792 313 statim
816 284 938 323 impetu
960 281 1079 323 viginti
1102 281 1158 311 ho·
1184 290 1186 293 ·

207 328 310 358 mines
338 327 498 362 stravisse,
532 326 733 365 primamque
766 326 852 356 illam
888 325 1029 356 hostium
1063 323 1160 354 fuisse

206 370 343 410 plagam.
367 368 498 399 Saulem
522 377 597 398 vero
621 368 776 407 impetum
801 369 834 398 in
858 368 966 399 hostes
989 367 1159 397 facientem

207 413 372 452 plerosque
406 410 629 441 Israelitarum
668 416 818 449 sequutos
858 411 964 450 fnisse,
1003 414 1072 439 tum
1106 408 1160 447 qui

207 454 394 486 Philistaeis
425 453 503 492 ipsis
533 460 625 483 erant
649 452 800 491 immixti,
832 459 901 484 tum
926 453 978 493 qui
1002 452 1033 482 in
1059 450 1160 481 antris

208 503 239 529 et
261 496 417 536 specubus
440 494 649 525 delituerant:
675 505 786 526 omnes
810 497 940 535 inquam
965 495 1003 526 ad
1029 493 1159 525 Saulem

208 538 416 570 concurrisse.
462 536 555 576 Quod
586 547 664 567 vero
694 538 778 568 inter
806 539 999 569 Philistaeos
1029 535 1158 576 quidam

208 582 305 612 fuisse
335 579 496 619 dicuntur,
527 590 590 610 non
626 580 670 611 sic
699 580 945 621 intelligendum
976 579 1068 620 quasi
1092 578 1158 618 qui-

208 624 280 655 dam
304 622 344 653 ad
368 622 558 653 Philistaeos
582 622 787 653 defecissent:
820 623 872 654 sed
903 623 985 663 quod
1008 625 1161 660 occupata

208 666 346 706 regionis
370 671 461 704 parte
484 675 502 695 a
526 665 709 695 Philistaeis
732 666 825 697 multi
850 667 892 697 ibi
916 665 1057 705 oppressi
1082 663 1158 694 deli-

209 708 340 740 tuerint.
396 707 450 738 Sic
491 708 590 747 igitur
631 707 795 738 Israelitae
838 708 1023 739 Philistaeis
1068 705 1160 736 mixti

208 751 356 782 fuerunt:
387 756 417 780 et
443 760 481 780 ne
505 750 616 789 pedem
641 761 768 782 movere
791 751 927 791 quidem,
958 751 1032 781 licet
1054 748 1160 779 immi-

208 798 304 825 nente
333 792 438 833 gladio
469 792 620 824 faucibus.
656 794 724 823 ausi
758 799 841 825 sunt.
886 792 1054 825 Philistaei
1086 800 1161 821 vero

207 836 260 867 diu
285 835 413 866 attoniti
439 835 565 865 tandem
590 841 681 866 tanto
701 844 775 866 sunt
797 842 920 867 terrore
950 834 1096 875 perculsi,
1126 837 1161 863 ut

207 889 274 910 sese
299 878 420 908 mutuis
444 877 630 908 vulneribus
654 878 860 910 confecerint.
896 878 1062 909 Israelitae
1086 885 1161 907 vero

206 922 271 952 illis
300 921 438 951 immixti
469 930 621 959 pavorem
645 921 772 951 illorum
796 921 1101 956 animadvertentes,
1131 922 1162 949 et

209 969 333 995 tantum
358 973 497 994 errorem
521 963 599 1003 ipsis
620 974 637 993 a
658 962 725 994 Deo
745 964 925 995 immissum
948 968 984 994 ut
1002 973 1070 994 sese
1091 971 1162 992 mu-

209 1013 265 1038 tuo
295 1006 476 1042 caederent,
506 1010 537 1036 et
567 1006 700 1045 quisque
730 1012 812 1037 esset
843 1006 948 1047 gladio
972 1006 1082 1036 stricto
1106 1003 1161 1034 ad-

209 1059 324 1080 versus
364 1048 512 1083 alterum,
552 1048 677 1079 animos
720 1054 914 1086 sumserunt,
959 1054 990 1079 et
1032 1046 1163 1086 reliquis

209 1091 366 1123 Israelitis
399 1089 550 1129 adiuncti,
584 1090 730 1121 fecerunt
763 1092 796 1122 in
831 1092 937 1122 hostes
971 1091 1098 1122 territos
1132 1093 1163 1119 et

210 1145 279 1166 sese
312 1138 426 1164 mutuo
466 1133 683 1164 confodientes
723 1135 887 1174 impetum.
955 1133 1018 1165 Ubi
1057 1133 1163 1163 obser-

210 1176 350 1208 vandum
384 1186 447 1206 non
484 1180 609 1206 tantum
644 1176 821 1207 immissum
857 1177 919 1207 illis
953 1187 971 1207 a
1002 1175 1072 1206 Deo
1101 1179 1164 1206 ter-

211 1227 332 1251 rorem:
359 1218 413 1248 sed
443 1218 537 1249 etiam
570 1223 696 1249 tautum
727 1224 890 1259 stuporem
919 1224 951 1250 et
973 1218 1165 1259 vertiginem

211 1268 247 1293 ut
269 1272 365 1293 sensu
388 1261 474 1291 omni
499 1261 614 1300 privati
638 1262 710 1297 sint,
734 1267 764 1292 et
788 1262 861 1293 feris
885 1262 961 1302 ipsis
976 1261 1166 1301 stupidiores

211 1310 242 1335 et
264 1303 458 1334 crudeliores
480 1304 610 1334 fuerint.
656 1304 737 1335 Nam
763 1305 821 1335 etsi
844 1305 929 1335 ferae
942 1304 1081 1345 periculo
1105 1309 1165 1334 ter-

210 1348 290 1378 ritae
322 1346 506 1385 diffugiunt,
545 1356 608 1376 non
639 1356 671 1377 se
701 1352 808 1377 tamen
839 1347 975 1378 invicem
995 1346 1165 1377 dilaniant:

211 1389 294 1429 quod
318 1394 425 1419 tamen
450 1388 520 1418 istis
544 1389 582 1418 de
605 1389 718 1428 quibus
742 1390 867 1429 agimus
889 1390 1059 1429 contigisse
1081 1388 1166 1419 vide-

211 1443 292 1463 mus.
338 1430 432 1470 Quod
465 1441 541 1461 vero
564 1431 625 1461 Dei
658 1436 760 1462 terror
789 1432 823 1463 in
853 1432 924 1463 illos
952 1431 1071 1468 incidit,
1102 1442 1167 1463 non

211 1475 357 1514 sequit-ur
398 1473 502 1504 Deum
537 1474 608 1504 illos
633 1475 793 1505 timuisse:
828 1476 915 1505 cuius
950 1480 1076 1506 tantum
1111 1475 1164 1506 ab·

212 1524 257 1549 est
306 1523 342 1547 ut
390 1517 542 1546 virtutem
585 1518 795 1557 cognoverint
843 1518 901 1548 sub
950 1528 1012 1557 qua
1052 1517 1166 1548 deiice-

211 1566 338 1597 rentur,
374 1564 408 1589 ut
441 1564 550 1589 contra
585 1559 780 1599 blasphemis
812 1560 946 1591 vocibus
967 1560 1166 1591 maiestatem

210 1603 312 1642 ipsius
348 1601 487 1632 lacerare
521 1612 584 1632 non
631 1601 787 1633 desinant.
841 1603 962 1633 Verum
1002 1603 1166 1634 enimvero

213 1645 263 1676 vel
296 1645 415 1675 invitos
449 1654 484 1675 ac
524 1644 688 1684 ringentes
723 1645 826 1675 Deum
859 1646 970 1676 timere
998 1645 1078 1684 illos,
1108 1646 1166 1676 etsi

212 1698 277 1719 non
319 1692 530 1726 cognoscant,
578 1692 710 1726 oportet.
774 1688 899 1719 Tantus
942 1688 1025 1718 enim
1066 1698 1167 1728 pavor

213 1731 337 1762 animos
359 1729 488 1760 illorum
511 1730 639 1769 invasit,
664 1734 698 1759 ut
721 1730 752 1760 in
778 1737 872 1770 caput
894 1741 986 1761 suum
1005 1730 1167 1761 montibus

213 1772 398 1805 cadentibus
440 1782 509 1802 sese
542 1772 646 1812 perire
680 1772 738 1803 sibi
781 1773 1004 1813 persuadeant.
1062 1774 1167 1813 Atque

212 1816 295 1846 hanc
319 1825 388 1845 esse
410 1814 640 1854 improborum,
664 1815 732 1845 Deo
757 1816 948 1847 submittere
967 1827 999 1847 se
1018 1825 1167 1846 recusan-

211 1859 302 1897 tium,
332 1856 511 1888 vindictam
544 1857 698 1893 videmus,
729 1862 763 1887 ut
794 1858 866 1888 licet
898 1859 958 1890 Dei
988 1858 1166 1889 maiestatis

211 1900 429 1942 cognitionem
458 1910 585 1931 omnem
616 1899 751 1931 abiicere
782 1901 937 1939 nitantur,
967 1905 1073 1932 tamen
1104 1900 1167 1931 Dei

211 1948 301 1974 metu
325 1948 357 1973 et
380 1942 513 1973 horrore
536 1942 764 1982 percellantur.
801 1943 842 1973 Et
866 1944 939 1975 licet
963 1954 1026 1974 non
1050 1953 1167 1984 agnos-

212 1991 286 2018 cant
308 1986 467 2016 infinitam
492 1985 579 2015 illam
603 1985 812 2023 maiestatem,
837 1987 886 2017 cui
910 1990 1034 2026 oportet
1056 1996 1167 2017 omnes

214 2028 341 2060 subiici:
365 2033 472 2058 tamen
492 2027 628 2067 quadam
653 2037 744 2059 caeca
763 2029 1015 2068 apprehensione
1039 2029 1168 2060 divinae

213 2072 375 2112 potentiae
398 2071 512 2105 territi,
543 2071 639 2100 etiam
663 2070 810 2101 umbram
834 2081 924 2103 suam
949 2071 1167 2109 reformidant,

214 2119 246 2146 et
277 2113 374 2144 nullis
406 2114 489 2152 ipsos
524 2113 776 2152 insequentibus,
811 2118 900 2144 metu
930 2118 1037 2146 tamen
1073 2114 1168 2145 diffu-

215 2158 316 2197 giunt.
362 2156 405 2186 Et
438 2157 483 2186 ita
512 2155 600 2186 Deus
630 2155 757 2185 illorum
792 2157 1008 2195 arrogantiam
1042 2167 1168 2188 caecam

215 2199 388 2234 ulciscitur,
412 2198 465 2237 qui
484 2198 515 2228 iu
537 2198 654 2228 idolum
676 2198 781 2237 ipsum
802 2200 1038 2237 transformant,
1063 2204 1093 2230 et
1112 2210 1170 2230 sua

216 2241 364 2280 superbia
387 2242 539 2271 virtutem
563 2246 594 2270 et
617 2240 752 2280 gloriam
777 2241 876 2280 ipsius
900 2242 1035 2274 deiicere
1057 2243 1169 2273 nitun-

215 2288 278 2315 tur.
323 2282 460 2322 Oportet
493 2283 594 2323 igitur
632 2288 775 2313 amentes
810 2284 886 2315 istos
920 2285 1066 2316 homines
1101 2285 1169 2315 Deo

216 2337 285 2357 sese
318 2326 506 2356 submittere
540 2325 739 2365 dedignatos,
782 2326 913 2367 eiusque
947 2327 1098 2359 virtutem
1134 2338 1169 2358 ac

217 2368 393 2409 potentiam
416 2368 504 2398 flocci
529 2368 679 2398 facientes
702 2368 747 2398 ita
770 2369 932 2407 contundi,
956 2375 990 2401 ut
1013 2370 1051 2401 de
1070 2370 1171 2401 nihilo

217 2415 411 2449 terreantur,
441 2417 473 2441 et
496 2410 611 2440 umbra
639 2420 706 2447 sua,
735 2411 850 2450 quibus
874 2411 936 2443 Dei
959 2413 1102 2453 potentia
1127 2413 1172 2443 vi-

218 2455 332 2491 luerat,
367 2453 596 2492 percellantur:
640 2458 676 2483 ut
709 2453 796 2484 anxii
831 2459 862 2485 et
896 2455 984 2487 dubii
1017 2456 1172 2493 ferantur,

219 2496 370 2535 nulloque
398 2497 584 2534 insequente
615 2494 796 2535 diffugiant.
841 2497 892 2528 Ex
915 2498 1029 2537 quibus
1053 2498 1174 2529 discen-

220 2539 305 2575 dum,
336 2538 429 2568 nobis
459 2537 565 2568 Deum
596 2537 773 2568 timendum
803 2543 840 2569 ut
862 2539 901 2571 de
930 2541 1029 2580 ipsius
1053 2540 1172 2572 anxilio

219 2582 365 2622 persuasi
389 2581 602 2611 constantiam
625 2580 872 2612 invictissimam
896 2583 929 2613 in
950 2583 1037 2614 mille
1060 2582 1173 2614 mortis

220 2623 457 2656 discriminibus
480 2623 686 2653 retineamus.
732 2623 819 2654 Haec
848 2630 896 2656 est
920 2626 1004 2656 enim
1028 2626 1172 2657 fidelium

1213 279 1245 309 in
1272 279 1333 310 Dei
1366 280 1480 310 timore
1513 281 1758 318 ambulantium,
1793 287 1825 313 et
1858 282 1896 312 ab
1925 282 1994 312 eius
2025 286 2107 312 nutu
2138 285 2170 313 et

1213 321 1412 361 providentia
1447 323 1663 361 pendentium,
1699 328 1731 354 et
1765 325 1803 355 ab
1838 325 1906 355 cius
1941 325 2108 355 voluntate
2139 328 2170 355 et

1214 365 1373 395 mandatis
1405 365 1551 396 recedere
1582 368 1804 402 metuentium,
1837 374 2065 407 peccatumque
2095 366 2170 398 licet

1214 407 1244 437 in
1278 408 1367 437 nobis
1399 407 1547 438 habitans
1577 408 1648 438 odio
1674 409 1858 440 habentium
1885 420 2015 440 merces.
2061 408 2170 448 Quare

1214 449 1239 479 si
1265 449 1374 480 fideles
1398 456 1502 480 metus
1532 451 1645 490 aliquis
1670 452 1834 485 invaserit.
1866 452 1954 482 Deus
1978 451 2049 482 illos
2073 452 2170 482 vacil-

1214 491 1317 522 lantes
1340 492 1532 527 corroborat,
1557 499 1587 523 et
1610 493 1764 524 adversus
1787 495 1917 534 quaevis
1937 493 2078 534 pericula
2097 504 2170 525 con-

1214 535 1329 571 firmat,
1360 538 1398 564 ut
1422 535 1495 565 lieet
1517 535 1651 575 coelum,
1674 542 1767 573 terra,
1792 537 1950 567 elementa
1975 537 2092 574 omnia,
2116 537 2169 567 de-

1214 577 1310 616 nique
1331 587 1382 607 res
1404 587 1514 607 omnes
1538 583 1662 608 creatae
1686 579 1891 609 coniurarent
1909 579 2063 609 adversus
2085 581 2170 618 ipsos

1218 624 1250 649 et
1282 619 1417 650 salutem
1443 620 1598 659 ipsorum,
1632 626 1738 651 tamen
1770 622 1977 661 imperterriti
2007 628 2169 653 maneant.

1215 661 1432 700 Conspicuum
1458 662 1543 692 istud
1567 669 1615 693 est
1639 664 1784 703 exemplo
1808 664 2068 698 Philistaeorum,
2091 674 2169 703 quos

1214 704 1304 735 Deus
1328 715 1391 734 non
1417 710 1542 735 tantum
1567 710 1688 736 terrore
1712 707 1828 746 aliquo,
1859 707 1913 737 sed
1938 711 2027 737 tanto
2051 717 2170 746 pavore

1214 747 1368 785 perculsit
1389 751 1425 777 ut
1448 748 1581 778 rationis
1606 753 1637 778 et
1659 748 1765 779 iudicii
1790 760 1919 780 sensum
1943 759 2069 779 omnem
2093 749 2172 779 ami-

1214 789 1323 826 serint,
1347 789 1428 828 quod
1453 789 1529 820 olim
1554 791 1649 820 etiam
1674 791 1858 822 Madianitis
1878 792 2063 831 contigerat.
2087 791 2172 822 Nam

1214 831 1246 861 in
1279 832 1360 862 libro
1383 831 1530 863 Indicum
1561 833 1705 873 legimus,
1737 833 1889 864 Gedeone
1922 844 1992 864 cum
2017 834 2172 873 quadrin-

1215 875 1321 913 gentis
1352 874 1508 905 militibus
1538 876 1691 906 adversus
1715 876 1910 907 Madianitas
1941 877 2096 917 proelium
2121 887 2173 916 pa-

1215 923 1316 954 rante,
1340 927 1474 956 quorum
1499 919 1659 948 exercitus
1683 924 1751 949 erat
1774 919 1882 949 multis
1907 919 2072 949 hominum
2098 919 2170 949 mil-

1215 959 1298 990 libus
1331 960 1609 997 instructissimus,
1649 971 1711 991 non
1752 972 1868 1001 magno
1910 961 2015 992 labore
2051 961 2170 992 bellum

1216 1012 1284 1033 esse
1312 1002 1510 1032 confectum:
1541 1003 1797 1042 quandoquidem
1821 1014 1918 1043 quum
1944 1004 2026 1034 sola<
2051 1004 2170 1044 lampa-

1216 1044 1271 1075 des
1294 1044 1461 1075 Israelitae
1485 1050 1692 1083 ostentarent,
1723 1052 1752 1075 et
1777 1045 1870 1076 tubae
1893 1047 2077 1086 clangorem
2100 1047 2173 1077 ede-

1217 1092 1296 1121 rent,
1332 1097 1452 1127 suoque
1487 1087 1554 1118 loco
1584 1089 1804 1127 consisterent,
1839 1094 1869 1118 et
1900 1089 2173 1119 vociferarentur:

1217 1129 1354 1160 Gladius
1382 1129 1523 1160 Iehcvae
1556 1136 1587 1160 et
1616 1131 1791 1161 Gedeonisi
1828 1131 2022 1161 Madianitae
2054 1132 2173 1162 mutuis

1217 1183 1285 1202 sese
1316 1172 1516 1210 vulneribus,
1547 1173 1647 1203 veluti
1678 1174 1790 1213 panico
1822 1174 1928 1204 furore
1952 1174 2074 1213 perciti.
2099 1184 2173 1204 con-

1219 1215 1363 1246 fecerunt
1386 1214 1666 1253 Quemadmodum
1690 1216 1788 1256 igitur
1811 1221 1885 1247 tunc
1910 1218 2060 1256 temporis
2084 1216 2173 1247 Deus

1219 1258 1257 1288 ad
1284 1258 1393 1297 populi
1417 1258 1466 1288 sui
1490 1258 1711 1288 liberationem
1736 1266 1799 1288 tam
1825 1259 1978 1289 eximium
2005 1269 2084 1298 opus
2107 1259 2174 1289 edi-

1219 1300 1282 1331 dit:
1314 1301 1358 1331 sic
1382 1301 1477 1331 etiam
1503 1301 1540 1331 de
1566 1300 1662 1331 Saule
1686 1302 1748 1331 iam
1773 1308 1931 1334 narratur.
1961 1312 2023 1331 non
2047 1302 2174 1342 magnis

1219 1343 1342 1374 viribus
1360 1353 1440 1383 opus
1459 1343 1555 1374 fuisse
1575 1343 1613 1373 ad
1634 1343 1827 1383 frangendos
1846 1344 1963 1379 hostes
1985 1344 2039 1383 qui
2058 1348 2173 1383 sponte

1219 1386 1312 1417 fracti
1335 1390 1418 1421 sunt,
1444 1390 1533 1416 tanto
1556 1386 1661 1416 furore
1685 1386 1795 1425 perciti
1812 1392 1846 1416 ut
1861 1386 2016 1416 adversus
2040 1396 2072 1416 se
2089 1387 2174 1425 ipsos

1220 1429 1375 1468 impetum
1399 1428 1551 1463 facerent,
1582 1429 1766 1468 mutuisque
1797 1439 1865 1459 sese
1888 1428 2075 1459 vulneribus
2098 1438 2175 1459 con-

1219 1472 1368 1502 ficerent:
1400 1481 1498 1510 quum
1524 1481 1560 1501 ea
1583 1476 1665 1501 esset
1688 1471 1829 1501 confusio
1852 1481 2024 1510 rerumque
2047 1476 2173 1511 pertur-

1219 1514 1314 1553 batio,
1339 1518 1375 1543 ut
1394 1514 1528 1553 quisque
1541 1513 1698 1544 adversus
1721 1513 1853 1544 fratrem
1877 1513 2021 1553 gladium
2045 1523 2173 1544 exsere-

1220 1562 1277 1587 ret.
1314 1556 1365 1586 ΕΚ
1389 1556 1506 1595 quibus
1529 1562 1670 1596 apparet,
1697 1556 1801 1586 Deum
1825 1567 1889 1586 non
1912 1561 2037 1586 tantum
2062 1566 2174 1586 corum

1219 1600 1344 1630 animos
1375 1609 1531 1630 enervare
1562 1599 1614 1638 qui
1638 1598 1727 1638 prius
1747 1598 1949 1629 audacissimi
1972 1598 2173 1634 videbantur,

1219 1642 1274 1673 sed
1298 1642 1395 1672 etiam
1419 1641 1452 1671 in
1478 1641 1616 1672 furorem
1641 1647 1673 1672 et
1696 1641 1867 1672 amentiam
1892 1646 2029 1671 vertere.
2067 1640 2176 1680 Atque

1218 1685 1263 1715 ita
1276 1684 1356 1715 solet
1366 1685 1454 1715 Deus
1473 1684 1581 1715 hostes
1600 1684 1754 1714 adversus
1773 1694 1860 1714 suam
1881 1683 2046 1714 ecclesiam
2069 1683 2177 1714 coniu-

1219 1732 1304 1758 ratos
1335 1726 1454 1767 ulcisci,
1484 1732 1520 1757 ut
1548 1737 1677 1757 sensum
1708 1726 1770 1757 illis
1803 1726 1926 1765 eripiat,
1959 1732 2176 1765 terroremque

1218 1770 1369 1809 panicum
1392 1770 1564 1800 immittat:
1594 1774 1630 1800 ut
1653 1779 1749 1808 quum
1775 1769 1849 1799 totis
1872 1768 1994 1799 viribus
2016 1769 2175 1808 impetum

1219 1813 1252 1843 in
1285 1813 1419 1843 miseros
1450 1812 1554 1843 facere
1577 1812 1680 1851 parati
1704 1811 1831 1846 fuerint,
1861 1815 1892 1841 et
1915 1810 1993 1841 nihil
2018 1811 2079 1841 nisi
2103 1821 2175 1842 cru-

1220 1860 1328 1886 entam
1352 1865 1462 1886 necem
1487 1855 1652 1894 spirarint,
1684 1854 1804 1893 sibique
1834 1863 1970 1893 magnos
1994 1853 2176 1893 triumphos

1219 1898 1351 1938 polliciti
1373 1897 1503 1933 fuerint,
1538 1897 1766 1935 victoriamque
1799 1896 1982 1932 cecinerint,
2017 1895 2175 1935 sibiipsis

1220 1941 1395 1981 perniciem
1427 1939 1584 1975 adferant,
1615 1944 1646 1969 et
1672 1939 1706 1969 in
1732 1949 1765 1969 se
1796 1939 1879 1978 ipsos
1910 1938 2017 1969 furore
2040 1938 2175 1968 immani

1220 1984 1417 2014 desaeviant.
1473 1982 1580 2022 Atque
1624 1982 1682 2012 hoc
1722 1981 1879 2021 praedixit
1914 1980 2075 2011 Dominus
2119 1991 2176 2020 per

1220 2026 1408 2066 prophetam
1443 2025 1643 2059 Zachariam,
1686 2035 1800 2063 nempe
1834 2034 1867 2053 se
1901 2023 2099 2059 effecturum,
2141 2028 2177 2053 ut

1219 2069 1340 2100 ferrum
1364 2067 1511 2098 incudem
1536 2067 1701 2107 percutiat,
1733 2067 1789 2096 hoc
1813 2070 1869 2101 est,
1894 2066 1947 2105 qui
1969 2066 2078 2105 pravis
2101 2075 2175 2096 con-

1221 2112 1301 2142 siliis
1331 2115 1362 2142 et
1398 2110 1618 2140 molitionibus
1649 2109 1798 2148 populum
1831 2119 1923 2138 suum
1947 2107 2176 2148 aggredientur

1221 2158 1252 2184 et
1275 2154 1424 2184 ultimum
1450 2153 1585 2183 exitium
1610 2152 1826 2187 minabuntur,
1851 2156 1940 2181 tanto
1963 2161 2080 2189 pavore
2105 2161 2176 2190 per-

1221 2197 1387 2235 cellantur,
1421 2200 1455 2225 nt
1480 2195 1531 2225 vol
1555 2195 1650 2224 inviti
1674 2194 1705 2224 in
1732 2204 1765 2224 se
1788 2194 1872 2233 ipsos
1897 2193 2017 2223 ferrum
2042 2203 2176 2224 eonver-

1222 2244 1301 2271 tant.
1348 2239 1391 2269 Et
1420 2237 1530 2277 procul
1562 2237 1656 2267 dubio
1688 2237 1842 2266 mirabilis
1874 2241 1920 2265 est
1951 2235 2010 2266 hoc
2034 2242 2177 2274 tempore

1222 2288 1253 2313 et
1274 2281 1466 2312 miraculosa
1491 2279 1593 2310 modis
1616 2279 1763 2309 omnibus
1788 2278 1940 2309 eeclesiae
1964 2278 2176 2309 conservatio.

1222 2325 1305 2356 Nam
1331 2324 1410 2363 quis,
1435 2323 1495 2353 nisi
1522 2323 1619 2355 Deus,
1650 2332 1758 2351 eorum
1783 2322 1923 2351 furorem
1949 2320 2097 2357 cohibuit,
2122 2321 2177 2360 qui

1226 2367 1356 2399 caedem
1379 2371 1519 2396 nostram
1546 2370 1576 2394 et
1600 2363 1788 2404 sanguinem
1813 2362 1987 2393 sitiebant?
2013 2363 2089 2393 adeo
2112 2363 2178 2402 qui-

1224 2410 1295 2441 dem
1336 2414 1371 2438 ut
1406 2407 1585 2447 evaginatis
1628 2407 1691 2436 iam
1726 2405 1840 2446 gladiis
1874 2406 2029 2445 impetum
2063 2405 2178 2436 facturi

1224 2453 1353 2484 fuerint,
1384 2456 1415 2479 et
1444 2451 1532 2490 ligna
1555 2449 1686 2479 caedere
1716 2449 1755 2478 ad
1779 2447 1888 2478 fideles
1911 2447 2099 2479 cremandos
2121 2458 2178 2488 pa-

1225 2494 1309 2526 rati?
1356 2494 1423 2523 Nae
1448 2491 1617 2522 videbatur
1641 2491 1774 2522 eeclesia
1798 2491 1926 2521 iamiam
1954 2490 1993 2520 ad
2016 2490 2178 2521 lanienam

1225 2535 1387 2577 rapienda.
1435 2535 1476 2565 Et
1507 2533 1632 2572 quidem
1664 2533 1772 2564 hostes
1805 2533 1962 2563 coniurati
1998 2533 2178 2564 arctissimo

1226 2581 1309 2611 inter
1343 2588 1376 2608 se
1407 2577 1534 2608 vinculo
1568 2575 1813 2615 conspirationis
1844 2574 2046 2609 tenebantur,
2082 2580 2114 2606 et
2141 2576 2179 2607 de

1228 2622 1318 2654 nobis
1350 2620 1449 2651 caesis
1478 2624 1508 2650 et
1538 2618 1696 2658 oppressis
1727 2618 1922 2658 triumphum
1955 2617 2180 2657 instituebant,
