2551 3044
387 215 448 243 :513'
1202 208 1402 242 HOMIIAA
1432 211 1555 242 LXXI.

387 322 446 349 qm..
472 308 577 337 «lutam
603 305 661 345 ipsi
686 305 803 335 iustam
824 305 1021 336 occasi-niem
1042 303 1249 334 arbitrentur.
1288 303 1349 335 His

389 350 565 382 rationibus
595 357 664 379 sese
688 348 863 378 continuit:
890 346 1023 378 Davidis
1048 355 1159 377 necem
1183 346 1215 376 in
1238 346 1350 377 crasti-

388 404 466 426 num
498 401 591 422 mane
619 390 782 429 differens,
813 389 895 430 quod
927 390 1032 430 ipsum
1064 399 1080 419 e
1111 388 1177 420 suis
1201 387 1350 420 manibus

387 436 469 468 elabi
495 445 558 465 non
583 443 674 473 posse
697 432 850 464 crederet.
897 431 1188 462 verumenimvero
1213 430 1274 462 Dei
1299 441 1349 462 ar-

388 489 467 512 eana
501 476 704 518 providentia
736 476 799 507 ista
833 483 999 516 geruntur,
1039 484 1133 513 quem
1168 482 1226 504 nos
1261 483 1351 504 sacra

388 523 505 564 pagiua
541 519 630 550 docet
667 519 712 549 ita
741 519 903 549 inflectere
935 517 1102 548 hominum
1132 515 1349 556 improborum

388 563 597 605 cogitationes
618 567 649 591 et
670 567 804 599 mentes,
824 569 859 592 ut
879 558 1035 600 quidquid
1054 558 1238 597 moliantur,
1257 568 1351 599 quae-

387 617 512 647 cuuque
543 606 666 645 agitent
697 604 839 641 consilia,
871 604 901 633 in
927 603 1029 633 fumos
1053 601 1169 633 abeant
1191 608 1223 632 et
1247 602 1351 633 ventis

387 651 505 681 dentur
530 650 628 679 irrita.
675 646 895 686 Quamobrem
917 655 952 676 eo
977 644 1079 675 maior
1103 644 1196 675 nobis
1216 643 1351 675 fiduciae

388 695 420 724 in
444 693 510 723 Deo
530 690 734 722 collocandae
753 689 848 720 datur
867 689 998 724 occasio,
1019 697 1081 727 quo
1099 686 1350 718 evidentioribus

388 735 543 775 exemplis
565 732 710 764 videmus
732 733 836 772 ipsum
858 742 918 762 uon
943 736 1067 761 tantum
1082 739 1198 761 manus
1210 729 1350 761 hostium

388 788 517 810 suorum
543 777 585 806 ita
605 783 714 807 tenere
733 775 933 810 constrictas,
958 780 993 804 ut
1012 773 1082 804 sine
1101 773 1200 813 ipsius
1219 773 1351 812 permis-
1376 795 1377 803 ,

386 823 475 854 sione
496 832 534 851 ne
554 819 692 859 digitum
712 817 841 858 quidem
861 825 990 847 movere
1012 815 1151 856 possint:
1177 816 1231 846 sed
1253 816 1349 846 etiam

387 874 498 896 eorum
521 861 734 902 cogitationes
757 867 788 891 et
810 865 933 891 mentes
953 858 998 890 sic
1018 858 1189 894 inflectere,
1215 866 1249 888 ut
1271 857 1349 888 nihil

387 950 498 981 obrem
535 948 609 979 licet
647 946 753 978 David
784 946 816 977 in
848 944 998 985 graviora
1028 943 1172 984 pericula
1202 943 1351 974 inciderit

386 1002 481 1033 quam
513 1002 552 1022 ex
583 989 698 1030 quibus
721 995 876 1024 evaserat,
911 987 1123 1018 nihilominus
1147 992 1253 1017 tamen
1277 996 1350 1016 eum

385 1036 475 1067 Deus
495 1033 646 1074 protexit,
670 1039 701 1063 et
723 1031 851 1062 taudem
872 1041 911 1062 cx
931 1029 1079 1061 omnibus
1099 1029 1228 1069 eripuit.
1264 1029 1350 1059 Hinc

384 1079 591 1110 observemus
627 1076 732 1107 Deum
768 1073 957 1104 mortalibus
991 1083 1060 1103 esse
1090 1071 1351 1108 dissimillimum,

386 1122 439 1161 qui
471 1120 553 1151 ferre
585 1128 676 1159 opem
702 1116 920 1149 laborantibus
943 1114 1042 1147 semel
1066 1115 1091 1145 si
1115 1120 1256 1155 possunt,
1288 1124 1350 1144 non

387 1167 522 1204 possunt
545 1171 672 1202 semper
694 1164 889 1201 opportune:
919 1167 978 1189 nee
1001 1158 1028 1189 si
1052 1163 1196 1198 possunt,
1225 1167 1350 1204 semper

387 1206 506 1238 adsunt
529 1203 681 1246 periculis
704 1203 905 1244 urgentibus,
927 1200 982 1232 vel
1005 1199 1202 1238 fortitudine,
1228 1200 1277 1231 vel
1302 1210 1349 1229 vi-

388 1250 476 1280 ribus
499 1248 735 1279 destituuntur:
761 1245 897 1286 denique
915 1243 1101 1284 saepissime
1119 1242 1229 1274 fallere
1249 1242 1350 1273 homi-

389 1303 465 1323 num
497 1290 655 1322 auxilium
686 1289 834 1320 sciamus.
880 1287 951 1318 Non
982 1287 1027 1317 ita
1058 1296 1134 1317 vero
1160 1287 1256 1322 Deus,
1286 1285 1348 1324 qui,

389 1344 421 1366 ut
454 1334 498 1365 ait
528 1332 704 1373 apostolus:
739 1331 857 1362 Fidelis
880 1333 932 1369 est,
963 1331 990 1360 et
1012 1339 1072 1360 non
1090 1329 1239 1368 permittit
1261 1337 1351 1367 quen-

388 1388 481 1418 quam
513 1376 596 1407 ultra
630 1376 709 1406 vires
741 1374 861 1410 tentari,
897 1375 922 1402 et
955 1382 1023 1403 eum
1051 1373 1210 1403 tentatione
1232 1370 1351 1409 felicem

387 1421 440 1452 (Ιαί
470 1420 591 1451 witam.
636 1416 756 1457 Quare,
791 1426 889 1457 quum
914 1424 971 1446 nos
995 1414 1082 1445 mille
1106 1415 1216 1445 mortis
1239 1413 1349 1444 discri-

388 1464 476 1494 mina
506 1460 760 1497 circumdabunt,
795 1465 962 1490 teneamus
985 1457 1092 1489 Deum
1116 1457 1147 1488 iu
1172 1467 1269 1488 manu
1292 1455 1348 1486 ha—

388 1506 463 1537 bere
493 1514 606 1535 omnes
634 1503 748 1534 mortis
771 1502 886 1539 exitus,
921 1506 953 1531 et
975 1505 1041 1531 tam
1065 1500 1155 1531 facile
1179 1509 1237 1531 nos
1260 1498 1349 1530 mille

390 1547 537 1588 periculis
561 1556 656 1586 quam
681 1556 722 1577 ex
746 1555 810 1576 uno
833 1547 960 1575 tantum
984 1552 1076 1583 posse
1098 1542 1242 1579 liberare,
1265 1541 1348 1581 quod

389 1592 455 1631 ipse
487 1589 607 1620 Paulus
641 1587 733 1620 docet
762 1597 860 1627 quum
891 1586 935 1617 ait
966 1586 1071 1617 Deum
1097 1596 1154 1617 nos
1176 1596 1215 1616 ex
1239 1584 1348 1615 multis

389 1632 547 1664 mortibus
586 1636 782 1671 erepturum.
827 1629 895 1660 Nos
929 1628 1056 1669 quidem
1090 1628 1187 1659 semel
1222 1634 1348 1659 tantum

388 1686 481 1716 posse
502 1675 580 1706 mori
599 1679 722 1705 eertum
741 1677 799 1709 est,
823 1677 855 1703 et
873 1671 1002 1712 quidem
1021 1671 1136 1710 cuique
1155 1671 1348 1702 destinatam

388 1724 524 1749 mortem
548 1716 740 1753 naturalem,
765 1725 863 1754 quare
883 1714 922 1745 de
942 1720 1043 1745 morte
1063 1714 1118 1745 illa
1135 1724 1197 1745 non
1211 1713 1349 1753 loquitur

388 1760 518 1798 Paulus,
551 1769 648 1800 quum
684 1759 737 1796 ait,
772 1758 878 1788 Deum
914 1767 971 1788 nos
1005 1768 1021 1787 e
1053 1758 1162 1788 multis
1193 1755 1349 1787 mortibus

388 1804 611 1840 liberaturum,
641 1800 696 1833 sed
728 1800 766 1832 de
797 1799 1033 1831 afflictionibus.
1077 1800 1160 1831 Nam
1190 1799 1242 1830 ubi
1267 1799 1348 1838 peri-

387 1846 496 1878 culum
526 1844 653 1885 aliquod
683 1849 825 1883 apparet,
857 1843 968 1874 mortis
999 1848 1045 1873 est
1076 1843 1175 1874 veluti
1204 1842 1348 1872 nuntius:

388 1896 419 1920 at
432 1887 568 1919 subinde
584 1886 758 1918 multitudo
771 1896 872 1927 paene
886 1886 1013 1916 infinita
1025 1885 1162 1926 singulis
1178 1884 1349 1916 momentis

389 1931 603 1972 periculorum
635 1929 792 1970 exsurgit,
828 1928 906 1959 adeo
942 1934 977 1959 ut
1001 1927 1166 1960 videamur
1197 1933 1348 1967 tanquam

388 1974 507 2014 praeda
530 1973 677 2004 hostibus
700 1972 850 2012 expositi:
876 1970 931 2002 sed
956 1971 1046 2003 Deus
1067 1982 1124 2002 nos
1137 1969 1298 2002 custodire
1317 1976 1349 2001 et

387 2018 511 2057 eripere
535 2026 574 2047 ex
597 2015 661 2046 illis
682 2015 831 2046 omnibus
856 2020 974 2054 potest:
999 2020 1031 2045 et
1054 2014 1135 2045 hanc
1158 2013 1197 2044 ob
1220 2023 1348 2044 causam

386 2060 418 2091 in
443 2061 548 2100 ipsum
572 2058 702 2089 unicum
727 2068 798 2098 spes
821 2057 925 2088 omnis
945 2063 1053 2088 nostra
1073 2055 1271 2087 coniicienda
1291 2061 1347 2086 est.

471 2102 578 2141 Atque
610 2101 694 2132 hauc
725 2100 903 2131 doctrinam
936 2110 1049 2131 eruere
1073 2099 1225 2130 debemus
1248 2109 1287 2130 ex
1312 2109 1347 2129 eo

386 2144 468 2185 quod
491 2144 606 2175 dicitur
629 2143 709 2175 Saul
733 2143 858 2174 misisse
881 2142 1035 2174 satellites
1058 2142 1111 2182 qui
1137 2140 1271 2172 Davidis
1295 2141 1348 2171 do-

387 2197 476 2218 mum
507 2186 690 2217 obsiderent
720 2197 821 2226 usque
844 2184 884 2217 ad
907 2196 1011 2223 mane,
1047 2192 1081 2216 ut
1104 2184 1218 2215 deinde
1242 2184 1348 2224 ipsum

388 2230 616 2261 interficerent.
663 2229 714 2260 Ex
753 2239 815 2269 quo
850 2234 1014 2268 praeterea
1045 2226 1260 2267 colligendum
1291 2233 1347 2264 est,

387 2283 500 2313 parum
530 2282 598 2304 esso
630 2274 738 2303 firmas
768 2271 925 2303 amicitias
955 2271 1130 2306 hominum,
1169 2270 1228 2300 nisi
1262 2269 1348 2300 Deus

388 2317 527 2356 ipsorum
566 2315 690 2346 animos
721 2320 819 2355 regat.
867 2313 968 2345 Nemo
999 2314 1083 2345 onim
1116 2311 1234 2344 Davidi
1265 2312 1347 2342 ferre

388 2358 484 2389 audet
508 2369 615 2398 opem:
651 2357 709 2388 etsi
734 2368 797 2388 non
821 2357 953 2388 dubium
976 2363 1023 2388 est
1046 2356 1123 2396 quin
1147 2354 1348 2386 Ionathanus

388 2401 492 2432 officio
529 2410 586 2431 suo
618 2410 679 2431 nou
711 2400 856 2431 defuerit.
903 2399 1024 2431 Michol
1054 2405 1160 2430 autem
1192 2398 1299 2429 aberat
1330 2408 1348 2428 a

389 2443 483 2474 domo
506 2448 649 2483 paterna,
682 2448 716 2473 ut
738 2443 872 2475 consilia
895 2441 1051 2474 adversus
1075 2440 1233 2472 Davidem
1257 2440 1348 2480 igno-

389 2486 517 2517 raverit.
563 2485 723 2516 Conatum
755 2485 884 2526 quidem
915 2495 991 2517 sane
1022 2483 1239 2516 Ionathanum
1266 2482 1347 2513 veri-

389 2529 492 2560 simile
515 2532 563 2559 est
587 2529 686 2568 patris
709 2529 791 2559 iram
814 2528 949 2568 placare,
973 2532 1006 2559 et
1027 2525 1186 2558 Davidem
1206 2524 1253 2556 illi
1273 2535 1348 2556 con-

389 2571 496 2603 ciliare
532 2575 567 2601 ut
601 2577 674 2601 ante
709 2571 841 2603 fecerat:
883 2570 938 2602 sed
974 2570 1061 2602 Deus
1095 2579 1160 2600 non
1194 2567 1347 2609 permisit.

391 2614 512 2653 Nempe
543 2613 586 2643 ita
618 2613 717 2644 voluit
749 2613 907 2644 Davidem
936 2613 1074 2653 experiri
1100 2612 1207 2643 Deum
1232 2610 1347 2642 habere

396 2656 494 2687 :arias
523 2656 662 2687 rationes
686 2666 759 2688 suos
783 2656 944 2693 servandi,
972 2662 1004 2687 et
1027 2655 1117 2687 illum
1142 2660 1286 2685 avertere
1309 2653 1347 2684 ab

2301 215 2364 247 320

1402 316 1513 336 earum
1539 316 1644 337 rerum
1668 317 1730 355 spe·
1747 318 1827 348 quae
1851 309 1883 339 in
1909 308 2016 339 oculos
2035 314 2160 339 tantum
2181 309 2363 341 incurrunt.

1376 358 1377 379 ς
1403 347 1485 378 Nam
1511 348 1538 379 si
1561 347 1652 380 Deus
1675 359 1802 381 unlcam
1823 352 1855 381 in
1877 349 1966 382 nobis
1985 350 2129 382 tutandis
2148 356 2179 382 et
2198 352 2366 384 servandis

1403 391 1559 421 rationem
1579 398 1738 430 servaret,
1754 393 1854 433 ipsius
1875 395 1978 425 virtus
1997 400 2027 424 et
2045 394 2187 433 potentia
2200 393 2365 426 videretur

1402 433 1506 464 causis
1529 434 1678 465 secundis
1701 435 1813 466 affixa:
1843 435 1898 467 sed
1921 446 2020 476 quum
2044 435 2138 467 modo
2162 436 2245 467 hanc
2267 437 2364 468 ratio-

1404 486 1476 506 nem
1497 476 1560 506 init
1580 487 1636 508 nos
1656 477 1822 515 liberandi,
1842 478 1936 510 modo
1955 479 2044 510 illam
2064 478 2103 509 de
2121 489 2183 519 qua
2199 489 2364 519 nunquam

1403 519 1669 558 cogitaveramus,
1701 526 1770 551 tum
1799 521 1832 552 in
1857 522 1949 553 unico
1974 522 2041 552 Deo
2064 521 2213 553 fiduciam
2236 532 2364 553 omnem

1404 569 1546 592 nostram
1579 561 1734 594 collocare
1767 563 1928 603 discimus,
1969 576 2003 595 re
2037 564 2107 605 ipsa
2140 564 2242 596 edocti
2277 565 2366 596 mille

1404 604 1546 635 rationes
1580 605 1684 644 ipsum
1715 605 1832 638 habero
1862 617 1920 638 nos
1951 607 1982 638 in
2007 607 2245 648 angustissimis
2269 606 2365 638 rebus

1403 646 1589 679 adiuvandi.
1613 654 1643 678 et
1663 658 1703 678 ex
1721 649 1868 680 omnibus
1887 649 2036 689 periculis
2056 649 2216 686 servandi,
2240 650 2366 690 quoties

1403 689 1462 729 ipsi
1488 689 1656 720 videbitur.
1701 689 1917 723 Ionatlianum
1941 692 2039 732 igitur
2058 692 2203 723 videmus
2223 692 2254 723 in
2275 703 2365 731 prae-

1402 732 1506 763 sentia
1537 742 1601 762 non
1632 733 1770 772 potuisse
1793 734 1954 766 Davidem
1979 733 2140 771 adiuvare,
2171 735 2253 775 quod
2277 735 2366 766 Deus

1403 785 1465 805 nou
1489 775 1680 814 permiserit,
1705 782 1742 806 ut
1764 777 1878 808 salutis
1897 787 1993 818 quam
2014 777 2133 808 Davidi
2153 778 2367 818 praeparabat

1402 816 1505 857 gloria
1535 818 1640 848 omnis
1669 817 1707 849 ad
1740 818 1845 850 Deum
1877 820 1981 851 solum
2012 819 2140 859 rediret,
2171 825 2202 851 et
2232 821 2263 851 in
2295 820 2365 852 Deo

1403 859 1554 891 fiduciam
1588 870 1715 892 omnem
1746 862 1899 893 collocare
1931 862 2098 894 doceretur
2167 873 2244 893 uum
2278 874 2296 893 n
2323 862 2345 893 ll

388 907 510 948 possint
547 905 682 941 efficere,
722 904 780 934 nisi
817 902 901 942 quod
933 903 1000 941 ipse
1031 900 1180 932 voluerit.
1227 897 1377 940 Quam-³
2101 888 2108 900 ’
2145 873 2164 902 q
2301 873 2320 894 u
2349 873 2368 894 a

1402 913 1474 942 spes
1497 903 1536 932 ab
1557 902 1740 936 hominibus
1759 911 1937 945 appareret,
1961 905 2014 945 qui
2034 915 2099 936 non
2119 904 2243 946 indiget
2262 905 2368 936 alieno

1403 945 1533 983 auxilio,
1553 947 1676 985 quoties
1695 947 1755 987 ipsi
1775 958 1832 979 nos
1851 948 2006 978 adiuvare
2025 948 2057 978 in
2078 948 2238 988 angustiis
2254 948 2367 988 placet,

1402 987 1661 1028 quandoquidem
1697 989 1786 1021 solus
1823 991 1930 1022 omnia
1962 995 2074 1030 potest.
2121 992 2294 1021 Caeterum
2325 1001 2366 1022 ex

1402 1031 1609 1070 sequentibus
1643 1031 1770 1072 quidem
1803 1033 1970 1073 apparebit
2003 1033 2220 1064 Ionathanum
2255 1033 2363 1065 datam

1402 1073 1522 1104 Davidi
1552 1074 1647 1106 fidem
1673 1085 1736 1106 non
1761 1075 1907 1116 fregisse:
1944 1086 2018 1106 nam
2041 1086 2139 1115 quum
2165 1075 2285 1107 Miehol
2309 1075 2363 1107 ab·

1402 1123 1486 1148 esset
1517 1117 1610 1148 domo
1642 1124 1784 1158 paterna,
1814 1129 1879 1150 non
1903 1119 2007 1159 potuit
2031 1118 2177 1149 divinare
2200 1119 2302 1159 patris
2325 1118 2364 1150 de

1403 1159 1625 1191 interficiendo
1655 1160 1782 1192 Davide
1804 1161 1980 1199 consilium,
2012 1162 2082 1202 quis
2105 1161 2207 1202 igitur
2229 1161 2277 1192 illi
2300 1161 2363 1192 nisi

1402 1203 1604 1234 Ionathanus
1627 1203 1729 1243 patris
1751 1203 1947 1235 voluntatem
1972 1203 2116 1235 detexit?
2161 1204 2244 1235 Nam
2264 1214 2363 1244 quum

1402 1257 1435 1277 se
1466 1245 1548 1276 nihil
1583 1246 1667 1286 apud
1691 1252 1817 1287 patrem
1841 1257 1942 1287 neque
1966 1247 2237 1278 admonitionibus
2260 1256 2364 1287 neque

1402 1288 1706 1329 reprehensionibus
1719 1289 1991 1321 animadverteret
2002 1299 2200 1330 promovere,
2213 1295 2245 1321 et
2253 1295 2365 1321 contra

1405 1332 1469 1363 vim
1494 1331 1634 1363 militum
1670 1331 1709 1363 ad
1733 1332 1863 1364 caedem
1887 1332 2022 1363 Davidis
2052 1338 2271 1372 comparatam
2295 1342 2365 1364 esse

1403 1375 1509 1414 sciret,
1538 1374 1622 1414 quod
1646 1374 1732 1405 aliud
1757 1374 1804 1406 illi
1828 1376 1986 1415 superfuit
2008 1375 2185 1406 remedium
2209 1385 2305 1415 quam
2329 1380 2364 1406 ut

1404 1418 1565 1449 Davidem
1604 1418 1679 1458 fuga
1719 1417 1778 1449 sibi
1818 1417 1984 1449 consulere
2025 1417 2198 1449 suaderet?
2250 1418 2364 1458 Itaque

1402 1461 1506 1493 officio
1535 1471 1594 1492 suo
1622 1470 1686 1491 non
1717 1460 1820 1491 defuit
1847 1460 2057 1496 Ionathanus,
2088 1460 2145 1491 sed
2168 1467 2275 1491 tamen
2299 1470 2364 1492 non

1403 1509 1452 1535 est
1480 1504 1548 1535 eius
1578 1513 1675 1543 opera
1702 1502 1792 1534 Deus
1814 1502 1854 1534 ad
1877 1503 2012 1535 salutem
2038 1502 2172 1534 Davidis
2196 1514 2282 1541 usus,
2312 1503 2364 1535 cui

1403 1557 1466 1578 non
1491 1545 1579 1577 dedit
1601 1546 1786 1577 facultatem
1809 1545 1969 1577 servandi.

1489 1590 1660 1621 Caeterum
1683 1599 1764 1628 quae
1786 1588 1884 1620 verba
1907 1589 1941 1619 in
1965 1593 2056 1620 textu
2080 1595 2268 1629 sequuntur,
2291 1587 2364 1619 dili-

1402 1637 1516 1672 genter
1545 1631 1841 1669 animadvertenda,
1873 1631 1988 1671 quibus
2016 1631 2133 1663 dicitur
2155 1631 2274 1663 Michol
2298 1630 2365 1663 filia

1403 1675 1513 1707 Saulis
1542 1675 1720 1714 deposuisse
1750 1673 1904 1705 Davidem
1928 1684 1987 1713 per
2014 1674 2194 1714 fenestram:
2227 1677 2254 1705 et
2275 1673 2365 1705 illum

1401 1718 1516 1750 abiisse
1544 1720 1571 1749 et
1599 1717 1761 1757 aufuyisse
1789 1720 1817 1748 et
1848 1717 2002 1748 salvatum
2032 1727 2104 1748 esse.
2149 1716 2267 1748 Audax
2287 1726 2364 1748 sane

1403 1761 1546 1792 mulieris
1569 1761 1702 1791 facinus.
1749 1760 1801 1790 Ex
1825 1770 1886 1800 quo
1909 1765 2043 1800 apparet
2065 1759 2226 1797 mulieres,
2249 1759 2277 1791 si
2295 1759 2364 1791 ani-

1402 1814 1490 1835 mum
1521 1803 1560 1834 ad
1591 1803 1709 1834 bonum
1732 1802 1940 1842 appellerent,
1971 1802 2054 1834 sieut
2076 1802 2115 1833 ad
2139 1802 2269 1842 malum,
2297 1802 2364 1834 fore

1402 1846 1513 1878 multis
1543 1845 1718 1877 virtutibus
1748 1845 1903 1886 insignes.
1950 1846 1998 1877 Ac
2028 1845 2163 1886 proinde
2187 1845 2364 1877 simulatio-

1403 1900 1474 1920 nem
1506 1898 1628 1920 meram
1660 1898 1728 1919 esse
1751 1898 1850 1928 quum
1873 1898 1970 1919 sexus
1992 1888 2216 1919 infirmitatem
2239 1893 2363 1928 praete-

1401 1938 1494 1969 xunt,
1523 1936 1555 1963 et
1583 1941 1697 1963 sensus
1728 1931 1928 1968 tenuitatem,
1958 1941 2056 1971 quum
2086 1930 2125 1962 de
2156 1931 2265 1971 magni
2294 1941 2363 1962 mo-

1402 1975 1502 2006 menti
1526 1974 1622 2006 rebus
1644 1973 1760 2015 agitur.
1805 1973 1890 2005 Nam
1909 1984 1949 2005 ex
1968 1973 2027 2005 hoc
2046 1972 2114 2005 loeo
2133 1973 2212 2004 satis
2231 1979 2363 2014 apparet

1402 2023 1510 2049 acutas
1541 2027 1610 2048 esse
1640 2015 1802 2054 mulieres,
1837 2021 1869 2047 et
1898 2016 2001 2047 multa
2025 2025 2118 2055 saepe
2141 2015 2260 2047 audere
2281 2026 2362 2056 quae

1402 2060 1460 2091 viri
1492 2060 1654 2100 suscipere
1683 2059 1852 2090 horreant:
1887 2058 1967 2090 nihil
1997 2058 2059 2089 illis
2090 2058 2185 2089 nimis
2215 2058 2361 2099 arduum,

1402 2102 1481 2133 nihil
1504 2101 1717 2139 horrendum3
1741 2102 1815 2134 licet
1837 2102 1949 2133 mortis
1972 2100 2154 2132 adeundum
2179 2100 2361 2139 discrimen,

1401 2145 1482 2177 dolis
1506 2145 1574 2177 suis
1597 2145 1705 2176 omnia
1728 2144 1902 2175 metuenda
1924 2153 2084 2183 superare.
2130 2143 2185 2175 sio
2210 2143 2269 2175 hoc
2291 2143 2362 2176 loco

1400 2188 1521 2220 Michol
1557 2187 1717 2218 Davidem
1752 2187 1903 2218 maritum
1939 2197 1980 2218 ex
2009 2186 2188 2217 imminenti
2219 2187 2362 2226 periculo

1400 2231 1525 2271 eripuit.
1579 2230 1666 2261 Hinc
1706 2236 1838 2269 apparet
1878 2239 2006 2260 omnem
2039 2228 2138 2259 adimi
2173 2229 2362 2262 mulieribus

1400 2274 1639 2305 excusationem
1684 2271 1883 2303 infirmitatis
1923 2277 1954 2303 et
1995 2271 2225 2303 imbecillitatis
2260 2272 2287 2304 si
2320 2282 2360 2304 ex

1400 2317 1498 2346 animi
1518 2315 1653 2346 mollitia
1671 2314 1838 2355 refugiunt
1858 2314 1989 2353 labores,
2007 2324 2086 2354 quos
2105 2317 2214 2345 tamen
2233 2321 2271 2346 ut
2290 2315 2360 2346 Deo

1399 2359 1542 2389 serviant
1571 2364 1603 2390 et
1633 2357 1789 2398 proximis
1819 2356 1962 2388 debitum
1987 2357 2132 2395 reddant,
2160 2357 2266 2389 subire
2289 2357 2361 2389 illas

1400 2401 1575 2439 oportebat.
1617 2400 1790 2432 Caeterum
1810 2400 1869 2430 etsi
1890 2399 1968 2431 haec
1987 2401 2032 2430 ita
2050 2410 2084 2431 se
2103 2399 2231 2438 habent,
2250 2405 2358 2431 tamen

1400 2443 1598 2475 observanda
1614 2442 1675 2473 Dei
1690 2441 1892 2482 providentia
1905 2448 1971 2473 tam
1983 2442 2121 2474 infirmis
2135 2443 2359 2474 instrumentis

1400 2485 1437 2516 ad
1470 2497 1548 2525 opus
1581 2496 1676 2517 suum
1710 2485 1940 2525 perficiendum
1975 2485 2109 2516 utentis:
2146 2495 2249 2526 neque
2272 2486 2359 2517 enim

1399 2539 1496 2559 sexus
1518 2528 1573 2559 ille
1596 2527 1764 2559 muliebris
1787 2533 1892 2559 tantas
1915 2538 1955 2559 ex
1974 2539 2008 2559 se
2027 2529 2111 2559 vires
2131 2527 2272 2566 haberet,
2296 2529 2358 2560 nisi

1403 2570 1491 2601 Deus
1515 2571 1585 2602 illas
1609 2570 1781 2603 sufficeret.
1828 2570 2060 2602 Verumtamen
2081 2580 2175 2610 saepe
2194 2570 2284 2602 Deus
2302 2581 2359 2611 per

1400 2612 1550 2645 mulieres
1574 2613 1676 2645 multa
1700 2614 1854 2644 memoria
1877 2613 1974 2654 digna
1997 2613 2137 2654 perfecit,
2166 2612 2281 2653 quibus
2304 2623 2358 2645 ex-

1373 2672 1375 2674 *
1399 2656 1576 2687 citarentur
1603 2657 1656 2696 qui
1685 2656 1724 2687 ad
1755 2666 1805 2687 res
1835 2665 1968 2696 magnas
1997 2655 2215 2696 suscipiendas
2243 2661 2275 2688 et
2303 2666 2356 2697 ge-
