2551 3044
226 172 266 203 49
876 169 922 200 IN
947 169 971 200 I.
996 168 1082 200 LIB.
1109 166 1304 199 SAMUEL.
1330 167 1426 198 GAP.
1451 167 1543 198 XIV.
2146 172 2188 203 50

224 265 296 297 Deo
320 266 356 296 fit
378 275 452 296 reus
474 263 589 301 caedis,
620 262 702 303 quod
733 262 772 294 ab
803 263 882 294 irato
913 263 1018 293 animo
1047 266 1078 293 et
1107 261 1179 292 odio

224 308 320 349 pleno
350 307 570 347 proficiscatur
592 305 647 337 illa
675 305 822 336 offensio:
854 305 909 336 sed
933 305 1026 345 longe
1050 304 1180 344 gravius
1204 327 1205 346 ἢ

225 355 392 392 peccatum
416 354 464 381 est
483 349 608 380 devotio
627 348 866 385 exsecrationis,
891 358 986 388 quam
1006 346 1068 378 alia
1086 356 1179 387 quae-

226 394 277 425 vis
310 392 428 423 iniuria
461 392 544 422 ferro
587 391 637 422 vel
672 390 734 422 alia
775 391 889 430 quavis
930 390 1053 421 ratione
1086 389 1178 420 facta.

226 435 334 467 Maius
363 435 448 465 enim
481 433 590 464 odium
626 438 657 464 et
693 443 854 464 venenum
889 432 1040 463 lethalius
1073 435 1179 462 osten-

226 478 331 509 dimus
360 477 392 508 iu
423 486 505 512 eum,
537 486 630 516 quem
653 475 808 507 advocato
832 475 893 506 Dei
923 475 1058 513 nomine,
1089 483 1179 505 exse-

226 520 368 552 cratione
398 518 635 558 obstringimus,
665 529 760 558 quam
784 518 810 549 si
833 518 943 549 stricto
966 516 1071 558 gladio
1093 526 1178 547 mor-

226 569 292 594 tem
323 561 368 592 illi
396 562 629 592 intentaremus
659 571 752 600 quem
784 560 920 591 odimus.
965 560 1078 599 Itaque
1101 569 1177 598 qua-

226 614 349 644 cunque
368 603 496 634 tandem
516 603 634 634 iniuria
653 603 741 633 illum
762 603 947 641 afficiamus,
972 602 1057 633 nulla
1070 606 1178 632 tamen

226 652 292 678 tam
315 652 406 677 atrox
430 651 461 676 et
484 646 632 684 violenta,
656 655 751 685 quam
775 656 872 685 quum
895 643 1178 684 imprecationibus

226 695 281 721 aut
303 688 578 720 exsecrationibus
601 688 692 719 illum
716 687 919 719 devovemus.
948 687 1068 719 Odium
1092 686 1178 718 enim

226 732 300 773 plus
334 742 429 772 quam
463 730 653 762 diabolicum
688 735 719 761 et
752 730 908 762 furiosum
941 729 1178 761 exsecrationes

225 775 299 806 illae
320 773 469 814 produnt,
499 773 615 813 quibus
637 773 742 804 Deum
766 773 811 804 illi
835 773 979 812 cupimus
1002 772 1178 803 inimicum.

223 818 268 849 Et
296 823 403 848 tamen
433 826 529 856 quam
558 816 653 856 longe
683 815 809 855 lateque
838 820 925 855 patet
954 814 1047 846 hodie
1069 814 1176 845 istius-

223 860 310 891 modi
340 858 525 899 corruptio?
556 858 645 889 Nihil
680 858 791 889 audias
825 857 1023 898 frequentius
1055 857 1089 888 111
1123 866 1177 887 010

223 903 394 934 11οωί1111111
428 912 524 941 0113111
559 900 731 932 diabolicas
764 900 1022 940 imprecationes:
1059 899 1111 931 Dii
1145 903 1177 930 te

225 945 390 985 perduint,
426 944 471 974 Te
506 943 653 981 diabolus
687 943 827 974 auferat:
863 948 894 973 et
925 942 1040 973 similia
1073 941 1177 972 multa

223 998 304 1029 quae
327 987 496 1028 pestiferea
519 986 648 1027 linguae
671 986 751 1016 istae
770 991 914 1025 vomunt,
938 985 1024 1016 utin
1044 985 1176 1016 buccam

224 1031 380 1062 venerint.
435 1028 500 1061 Sed
534 1038 633 1068 parva
666 1028 728 1059 ista
761 1033 845 1064 sunt,
880 1028 994 1058 horum
1028 1031 1176 1067 respectu

224 1084 305 1113 quae
335 1071 425 1112 impii
448 1072 593 1102 homines
615 1071 648 1101 in
673 1071 778 1102 Deum
801 1071 906 1111 ipsum
928 1070 1108 1110 proiiciunt,
1141 1074 1177 1100 ut

224 1115 363 1147 audeant
386 1114 540 1146 conviciis
563 1114 669 1153 ipsum
689 1113 853 1151 lacessere,
876 1112 1071 1144 horrendum
1090 1112 1177 1144 dictu

224 1164 256 1189 ct
287 1156 416 1188 auditu:
448 1162 478 1187 et
512 1156 668 1187 adversus
698 1156 759 1187 Dei
794 1156 875 1187 filios
908 1155 1076 1196 insurgere
1110 1159 1175 1186 tam

223 1199 460 1236 contumeliose,
494 1204 560 1229 tam
592 1198 764 1230 crudeliter
798 1204 834 1229 ut
864 1198 1015 1238 pietatem
1049 1208 1174 1229 omnem

222 1243 383 1280 abiiciant‚
417 1247 449 1272 et
483 1241 615 1272 Domini
650 1241 749 1272 nostri
780 1240 853 1272 Iesu
883 1240 1005 1272 Christi
1039 1250 1175 1280 regnum

220 1290 366 1317 evertere
385 1284 567 1322 moliantur,
587 1288 618 1315 et
637 1284 768 1314 verbum
788 1284 889 1324 ipsius
908 1283 1042 1314 abolere.
1067 1282 1175 1322 Quare

221 1339 319 1369 quum
344 1333 434 1358 tanta
456 1327 498 1357 sit
522 1326 615 1357 hodie
635 1326 819 1357 mortalium
838 1326 994 1366 impietas,
1017 1335 1054 1357 eo
1073 1330 1176 1356 atten-

221 1371 286 1402 tius
314 1370 404 1401 nobis
439 1369 490 1401 hic
523 1368 755 1400 consideranda
789 1374 865 1400 sunt
899 1379 978 1408 quae
1009 1368 1047 1399 de
1076 1367 1174 1400 Saule

221 1413 386 1445 dicuutur:
419 1422 532 1452 nempe
562 1411 636 1443 licet
663 1422 780 1452 magna
811 1411 979 1442 videbatur
1001 1411 1046 1442 illi
1069 1411 1175 1442 oblata

219 1455 343 1488 occasio
366 1455 521 1495 populum
545 1455 705 1486 severiore
733 1454 841 1494 aliqua
864 1454 932 1494 lege
962 1454 994 1484 in
1016 1453 1119 1484 officio
1143 1458 1174 1484 et

218 1498 402 1530 humilitate
431 1497 601 1535 retinendi,
633 1507 695 1528 non
719 1496 789 1528 ideo
813 1502 919 1527 tamen
941 1496 1035 1536 culpa
1057 1505 1173 1534 carere,

220 1541 305 1581 quod
329 1551 366 1571 ea
388 1540 606 1571 exsecratione
630 1539 784 1579 populum
807 1539 1027 1577 obstrinxerit,
1050 1542 1082 1570 et
1104 1539 1173 1578 qui-

223 1584 294 1615 dem
325 1588 444 1614 temere
467 1588 500 1614 et
522 1581 712 1614 inconsulto.
758 1582 905 1613 Profecto
928 1591 1022 1612 omne
1044 1581 1173 1622 quidem

221 1627 439 1658 iuramentum
462 1625 715 1657 exsecrationem
738 1624 771 1655 in
801 1635 834 1656 se
857 1625 996 1656 continet
1019 1625 1043 1655 si
1068 1623 1174 1655 defici-

219 1680 309 1700 mus:
340 1668 396 1700 sed
418 1668 512 1708 longe
534 1667 613 1698 haec
639 1666 792 1698 differunt
815 1668 898 1698 inter
921 1677 962 1704 se,
994 1667 1173 1698 iuramento

220 1722 293 1744 cum
323 1711 454 1743 consilio
485 1716 517 1741 et
546 1710 669 1741 ratione
700 1710 782 1740 facto
811 1720 844 1740 se
867 1709 906 1740 ad
938 1709 1117 1740 faciendum
1139 1710 1172 1740 in

221 1760 384 1795 posterum
408 1753 548 1785 officium
573 1753 765 1792 astringere:
790 1757 820 1783 et
844 1758 964 1783 temere
986 1751 1173 1783 exsecratio-

221 1797 318 1828 nibus
347 1807 415 1828 sese
446 1796 612 1832 devovere,
647 1805 782 1835 quarum
816 1794 941 1825 nullum
972 1794 1095 1826 iustum
1124 1799 1173 1825 est

220 1839 476 1871 fundamentum.
521 1838 590 1869 Nae
612 1837 706 1868 valde
730 1838 775 1868 rei
798 1843 874 1868 sunt
896 1847 1002 1868 coram
1027 1837 1095 1868 Deo
1117 1837 1172 1877 qui

220 1893 254 1914 se
277 1881 479 1914 instiusmodi
503 1880 773 1912 exsecrationibus
796 1879 964 1918 devovent,
989 1880 1037 1911 vel
1056 1890 1093 1910 eo
1106 1880 1172 1911 solo

221 1925 349 1956 nomine
382 1924 466 1965 quod
497 1923 585 1954 Deus
619 1923 709 1954 testis
739 1923 911 1954 advocatus
941 1927 997 1954 est.
1041 1922 1111 1953 Imo
1140 1927 1172 1954 et

220 1967 361 1999 iudicem
394 1967 486 1998 illum
521 1966 668 1997 advocari
703 1972 825 1997 certum
859 1970 906 1996 est
941 1970 971 1996 et
1011 1965 1171 1997 vindicem

221 2010 392 2041 adversum
424 2020 479 2040 nos
509 2008 605 2048 ipsos,
634 2008 661 2038 si
693 2007 875 2038 mentiendo
904 2008 1058 2048 proximis
1088 2008 1170 2039 iniu-

219 2053 302 2084 riam
325 2052 503 2084 fecerimus.
534 2051 617 2082 Nam
640 2051 719 2081 istae
742 2056 818 2081 sunt
840 2051 1010 2082 iuramenti
1033 2051 1172 2091 plerum-

220 2106 282 2136 que
310 2094 477 2131 formulae,
506 2094 611 2125 Deum
636 2093 668 2124 in
693 2094 831 2124 animam
855 2103 957 2124 meam
981 2098 1093 2125 testem
1117 2094 1170 2125 ad-

220 2148 308 2169 voc0.
341 2137 395 2169 Sic
418 2138 459 2168 D.
483 2136 605 2168 Paulus
629 2135 779 2175 loquitur.
809 2136 915 2166 Deum
938 2136 1035 2176 igitur
1056 2140 1170 2168 testem

220 2180 413 2211 advocantes
436 2180 463 2211 si
486 2178 705 2216 defecerimus,
728 2189 859 2219 gravem
882 2179 1080 2218 punitionem
1104 2190 1170 2211 me—

222 2232 349 2254 remur:
390 2222 444 2253 sed
479 2223 505 2253 si
546 2226 663 2252 temere
698 2220 814 2260 aliquid
853 2221 1054 2253 execratione
1086 2222 1171 2254 facta

222 2266 464 2305 susceperimus,
489 2275 551 2295 non
576 2269 624 2294 est
646 2264 678 2293 in
703 2263 792 2294 nobis
810 2264 905 2295 situm
925 2269 960 2295 ut
978 2265 1170 2304 promissum

221 2307 308 2339 istud
346 2307 551 2338 temerarium
586 2305 717 2346 implere
758 2307 924 2346 possimus.
976 2306 1083 2346 Quare
1116 2308 1170 2348 qui

222 2355 342 2381 temere
375 2349 554 2380 istiusmodi
587 2349 862 2380 exsecrationibus
900 2359 968 2380 sese
1001 2349 1169 2388 devovent,

222 2392 284 2423 Dei
318 2403 434 2424 nomen
467 2390 649 2422 foedissime
678 2391 858 2430 profanant.
903 2391 1010 2431 Quare
1039 2392 1071 2424 in
1103 2404 1169 2424 me-

221 2436 356 2466 moriam
399 2434 580 2465 revocanda
623 2439 670 2464 est
714 2434 821 2474 gravis
865 2434 919 2465 1113
963 2436 1170 2467 comminatio

221 2477 376 2509 adversus
399 2487 452 2508 eos
475 2477 529 2516 qui
552 2475 613 2507 Dei
637 2486 751 2507 nomeu
774 2477 807 2507 in
831 2486 949 2508 vanum
972 2484 1148 2510 assumunt.

307 2521 350 2551 Et
377 2519 506 2559 quidem
536 2519 690 2550 hactenus
721 2518 759 2550 de
788 2520 958 2551 temeraria
985 2520 1040 2551 illa
1062 2521 1171 2553 Saulis

219 2562 431 2599 adiuratione,
463 2572 502 2593 ue
532 2561 669 2601 populus
692 2561 799 2592 cibum
821 2568 972 2603 gustaret.
1019 2562 1083 2595 Sed
1106 2564 1169 2595 alia

219 2616 261 2637 ex
285 2612 375 2646 parte
398 2609 517 2645 quanta
541 2603 648 2636 Saulis
670 2603 806 2635 levitas?
852 2605 934 2636 Nam
953 2604 1117 2638 Israelitae
1135 2608 1168 2638 in

319 2656 426 2684 Calvini
441 2663 533 2689 opera.
573 2655 629 2681 Vol.
648 2655 742 2681 XXX

1232 259 1460 301 persequendis
1494 261 1638 292 hostibus
1673 262 1734 293 huc
1767 263 1842 294 illuc
1877 263 2020 304 dispersi,
2054 264 2187 304 quinam

1232 309 1379 343 poterant
1416 303 1498 334 hanc
1528 304 1808 336 comminationem
1839 316 1950 337 omnes
1980 306 2184 347 intelligere?

1232 345 1300 377 Nae
1329 347 1537 386 imperatores
1567 352 1621 377 aut
1645 346 1739 378 duces
1763 349 1879 379 summi
1903 349 2102 380 exercituum
2127 350 2185 381 ali-

1231 388 1307 428 quid
1342 388 1544 429 prohibituri,
1580 394 1636 419 aut
1667 390 1782 421 milites
1812 390 1850 421 ad
1882 391 2040 431 praelium
2069 393 2184 424 instrui

1231 430 1374 469 edicturi,
1404 431 1429 462 si
1460 441 1595 471 maguus
1627 438 1673 462 cst
1703 434 1868 471 exercitus,
1897 440 1928 464 et
1958 434 2038 465 clam
2062 436 2185 467 moneri

1230 473 1349 505 milites
1381 473 1490 510 velint,
1524 479 1558 504 ut
1589 474 1639 505 vel
1672 474 1764 506 tubae
1795 475 1845 506 vel
1877 477 2022 516 tympani
2047 478 2184 517 strepitu

1230 521 1335 547 castra
1365 516 1465 546 nolint
1497 515 1671 553 admoneri,
1705 518 1834 549 mittant
1858 524 1959 550 certos
1983 523 2108 559 oportet
2130 520 2185 560 qui

1231 559 1334 599 duces,
1364 559 1575 595 centuriones,
1608 558 1793 591 decuriones
1824 561 2026 598 admoneant,
2057 567 2090 592 ut
2121 563 2185 593 sin-

1229 601 1297 642 guli
1319 611 1391 632 suos
1414 600 1580 632 edoceant:
1605 601 1689 641 quod
1714 603 1849 642 alioquin
1877 614 1916 634 ne
1940 605 2035 634 tertia
2054 604 2184 644 quidem

1230 644 1390 675 exercitus
1427 654 1508 683 pars,
1540 644 1565 674 si
1594 644 1698 683 palam
1729 645 1913 683 ediceretur,
1950 646 2038 677 ducis
2069 647 2183 678 volun-

1230 691 1329 717 tatem
1352 685 1554 717 intellectura
1575 692 1658 717 esset
1681 688 1777 718 variis
1800 688 1878 719 locis
1897 688 2057 729 dispersa:
2082 700 2184 729 quan-

1230 728 1400 769 doquidem
1432 739 1566 769 magnus
1597 739 1722 769 semper
1744 731 1776 760 111
1800 731 1912 762 castris
1935 731 2093 763 tumultus
2116 738 2182 763 est:

1230 776 1260 802 et
1290 771 1419 803 crebrae
1449 771 1660 809 velitationem,
1693 772 1766 803 belli
1797 778 1949 813 tempore.
1995 774 2096 805 Porro
2127 785 2184 814 po-

1229 814 1323 854 pulus
1355 813 1553 845 Israeliticus
1588 825 1651 845 non
1684 815 1908 846 continebatur
1940 816 2053 848 castris
2083 827 2183 857 quum

1229 856 1309 888 Saul
1340 856 1399 887 hoc
1429 856 1542 887 edixit:
1574 866 1610 887 ac
1640 857 1770 897 proinde
1801 858 1884 898 regis
1907 858 2047 890 edictum
2071 859 2183 891 audire

1229 910 1292 930 non
1327 899 1438 939 potuit,
1472 899 1542 930 aliis
1576 899 1609 929 111
1645 900 1734 938 113110,
1768 901 1838 932 31113
1871 901 1904 931 111
1934 901 2022 932 illam
2045 909 2182 942 partem,

1229 942 1335 973 hostes
1365 941 1638 982 persequentibus.
1684 942 1810 974 Interea
1842 951 1948 974 tamen
1980 942 2060 975 Saul
2089 954 2181 975 exse—

1228 985 1369 1016 cratione
1400 983 1570 1024 obstringit
1604 995 1655 1015 eos
1684 995 1792 1016 omnes
1822 986 1877 1026 qui
1907 986 2012 1017 cibum
2043 987 2181 1027 aliquem

1229 1032 1303 1059 ante
1344 1027 1575 1067 praescriptum
1616 1033 1742 1067 tempus
1779 1029 1988 1068 gustaverint.
2045 1028 2182 1061 Summa.

1227 1070 1334 1110 itaque
1373 1069 1482 1101 Saulis
1524 1071 1702 1100 temeritas:
1741 1076 1771 1101 et
1812 1071 1920 1111 gravis
1956 1071 2050 1112 culpa
2086 1082 2181 1112 quam

1228 1113 1335 1144 nullus
1368 1117 1554 1153 praetextus
1588 1113 1685 1152 possit
1719 1123 1880 1150 excusare,
1919 1114 1997 1153 quin
2031 1124 2106 1145 reus
2139 1115 2181 1145 sit

1228 1155 1349 1196 accepti
1371 1156 1405 1185 in
1428 1165 1549 1186 vanum
1573 1155 1634 1186 Dei
1658 1156 1804 1186 nominis.
1850 1155 1938 1195 Quin
1962 1156 2058 1187 etiam
2082 1156 2178 1188 Iona-

1227 1198 1346 1229 thanus
1364 1198 1397 1228 in
1418 1197 1502 1228 vitae
1521 1198 1695 1238 periculum
1716 1199 1775 1229 ista
1794 1199 2010 1230 exsecratione
2022 1199 2178 1231 adductus

1228 1244 1291 1272 est:
1325 1239 1395 1271 Deo
1425 1240 1578 1271 nimirum
1608 1241 1707 1281 patris
1738 1242 1946 1272 temeritatem
1971 1247 2002 1272 et
2025 1252 2178 1282 arrogan-

1228 1283 1306 1314 tiam
1345 1283 1389 1314 ita
1419 1283 1600 1314 ulciscente.
1646 1283 1766 1314 Idcirco
1796 1283 1993 1315 Ionathanus
2023 1284 2077 1323 ait,
2114 1287 2176 1316 tur-

1228 1326 1310 1357 bavit
1336 1327 1429 1365 pater
1461 1335 1546 1357 meus
1575 1328 1699 1366 terram,
1733 1326 1792 1356 hac
1821 1326 2055 1358 exsecratione:
2091 1326 2178 1366 Quid

1226 1368 1295 1399 ita?
1350 1368 1465 1408 Videte,
1498 1369 1612 1408 inquit,
1646 1371 1678 1399 ut
1708 1368 1876 1400 illuminati
1902 1372 1972 1400 sunt
2002 1369 2079 1400 oculi
2107 1370 2176 1408 mei,

1227 1421 1323 1451 quum
1338 1412 1461 1452 gustavi
1474 1421 1591 1451 parum
1608 1411 1708 1442 mellis
1726 1411 1826 1442 huius.
1870 1411 1982 1451 Neque
1999 1422 2076 1443 vero
2094 1413 2176 1452 cogi-

1227 1453 1361 1485 tandum
1389 1454 1495 1485 oculos
1524 1454 1695 1485 Ionathani
1722 1455 1765 1485 sic
1794 1454 2000 1492 illuminatos,
2038 1463 2073 1485 ut
2101 1454 2178 1486 olim

1227 1496 1344 1527 Adami
1367 1501 1399 1527 et
1421 1497 1510 1528 Evae
1529 1495 1678 1527 dicuntur
1695 1497 1806 1536 aperti,
1829 1502 1995 1537 postquam
2016 1496 2053 1527 de
2072 1497 2177 1529 fructu

1227 1539 1386 1580 prohibito
1417 1538 1644 1571 comedissent:
1675 1549 1827 1579 suamque
1851 1546 1917 1569 tum
1942 1539 2176 1579 turpitudinem

1226 1582 1445 1622 agnovissent,
1476 1582 1564 1613 cuius
1587 1582 1657 1612 illos
1679 1581 1862 1621 puduisset:
1893 1581 1998 1612 aliena
2021 1583 2104 1613 enim
2129 1589 2176 1614 est

1226 1635 1357 1665 prorsus
1385 1625 1445 1656 ista
1476 1625 1646 1664 expositio:
1676 1624 1729 1655 sed
1753 1624 1925 1654 illuminati
1948 1624 2098 1656 dicuntur
2121 1626 2175 1665 qui

1226 1672 1321 1698 antea
1339 1678 1380 1698 ex
1399 1668 1516 1698 virium
1530 1667 1689 1698 debilitate
1703 1665 1931 1706 quodammodo
1944 1667 2173 1698 caecutiebant.

1225 1710 1276 1741 Ex
1308 1721 1368 1750 quo
1392 1711 1494 1750 magis
1518 1715 1649 1750 apparet
1671 1719 1765 1749 quam
1788 1710 1898 1749 iniqua
1921 1719 2080 1749 quamque
2104 1720 2174 1740 cru-

1225 1752 1303 1784 delis
1333 1752 1389 1783 illa
1417 1753 1603 1784 exsecratio.
1648 1752 1847 1783 Ionathanus
1870 1752 1955 1782 enim
1979 1752 2098 1791 praelio
2122 1763 2175 1783 su-

1224 1796 1328 1835 perior
1362 1796 1464 1827 factus
1499 1802 1575 1832 erat,
1611 1806 1670 1826 non
1705 1805 1781 1825 sane
1815 1795 1845 1825 vi
1877 1805 1942 1830 sua,
1976 1795 2092 1835 quippe
2121 1796 2175 1835 qui

1223 1839 1289 1869 solo
1312 1839 1484 1870 comitatus
1507 1838 1664 1878 armigero
1687 1843 1717 1868 et
1741 1836 1867 1877 quidem
1886 1838 2011 1874 inermi,
2035 1842 2081 1867 tot
2101 1837 2171 1868 hos-

1223 1881 1304 1912 tium
1327 1881 1474 1912 cohortes
1496 1891 1666 1921 aggressus
1689 1886 1772 1910 erat:
1793 1879 1846 1911 sed
1869 1879 1958 1909 Deus
1980 1879 2026 1909 illi
2050 1880 2173 1911 animos

1222 1924 1373 1964 viresque
1400 1923 1440 1954 ad
1462 1923 1618 1963 fugandos
1642 1922 1876 1962 caedendosque
1899 1922 2007 1953 hostes
2030 1921 2168 1953 dederat.

1222 1967 1320 1997 Pater
1350 1977 1424 1997 vero
1454 1966 1554 2006 ipsius
1583 1966 1634 2006 qui
1663 1971 1755 1996 antea
1785 1975 1818 1996 se
1848 1970 1936 1995 metu
1958 1964 2042 1995 intra
2065 1972 2170 1996 castra

1222 2009 1431 2047 continuerat,
1465 2014 1496 2039 et
1525 2008 1563 2039 ad
1595 2009 1731 2039 hostium
1754 2012 1955 2047 conspectum
1979 2014 2170 2047 expaverat:

1222 2052 1283 2082 iam
1312 2062 1444 2093 magnos
1474 2052 1598 2082 animos
1621 2061 1694 2090 prae
1718 2061 1750 2081 se
1773 2050 1843 2087 fert,
1877 2049 1930 2080 ubi
1954 2059 2021 2080 esse
2043 2049 2077 2079 in
2102 2056 2170 2081 tuto

1223 2095 1330 2125 omnia
1371 2094 1475 2125 videt:
1519 2099 1550 2124 et
1588 2094 1741 2125 victorem
1778 2092 1989 2123 exsecrationi
2023 2091 2169 2128 devovet,

1222 2148 1360 2177 eumque
1392 2147 1484 2177 quem
1516 2136 1604 2167 Deus
1628 2136 1722 2166 huius
1747 2135 1895 2167 victoriae
1919 2135 2097 2174 principem
2121 2134 2168 2165 fe-

1221 2186 1315 2211 cerat.
1362 2180 1449 2220 Ergo
1481 2179 1558 2210 satis
1587 2184 1717 2219 apparet
1752 2188 1845 2217 quam
1874 2177 1983 2217 iniqua
2011 2186 2169 2216 quamque

1221 2222 1359 2254 crudelis
1393 2222 1488 2253 fuerit
1519 2223 1580 2252 ista
1609 2221 1716 2252 Saulis
1744 2231 1814 2251 cum
1845 2219 2065 2251 exsecratione
2095 2230 2169 2250 con-

1220 2266 1330 2297 iuncta
1348 2264 1536 2301 maledictio,
1555 2274 1619 2303 qua
1637 2268 1857 2303 praeterquam
1877 2262 1960 2301 quod
1978 2262 2039 2292 Dei
2051 2272 2168 2292 nomen

1219 2308 1415 2345 laedebatur,
1447 2308 1541 2338 etiam
1572 2306 1731 2337 innocenti
1764 2304 1942 2336 Ionathano
1971 2315 2096 2335 summa
2119 2305 2169 2334 in-

1219 2351 1303 2382 iuria
1325 2350 1530 2387 inferebatur,
1561 2349 1613 2389 qui
1637 2349 1730 2388 longe
1753 2347 1848 2384 aliud,
1872 2357 1986 2387 nempe
2008 2357 2169 2378 summam

1219 2394 1257 2425 ab
1292 2394 1369 2433 ipsis
1397 2392 1518 2433 angelis
1549 2398 1580 2422 et
1609 2391 1788 2422 hominibus
1817 2390 1942 2420 laudem
1974 2389 2166 2420 merebat-ur.

1218 2436 1435 2467 Nihilominus
1467 2440 1572 2465 tamen
1603 2444 1746 2464 servasse
1776 2432 1926 2472 populum
1957 2443 2051 2463 suum
2076 2432 2167 2463 Deus

1194 2467 1195 2504 i
1219 2479 1345 2510 dicitur.
1376 2478 1426 2508 Ex
1447 2487 1506 2517 quo
1530 2476 1682 2507 discimus
1702 2475 1775 2506 licet
1793 2476 1825 2505 in
1844 2475 1955 2506 multis
1974 2473 2052 2506 Saul
2071 2474 2171 2505 offen-

1194 2521 1195 2552 1
1220 2522 1310 2558 derit,
1341 2526 1372 2550 et
1403 2519 1602 2550 Ionathanus
1632 2519 1664 2549 in
1686 2519 1771 2549 vitae
1795 2517 1963 2548 discrimen
1987 2517 2088 2549 edicto
2112 2516 2168 2547 illo

1194 2553 1195 2579 l
1220 2563 1327 2596 Saulis
1350 2563 1483 2600 venerit,
1507 2572 1524 2592 a
1548 2571 1610 2601 quo
1634 2561 1780 2592 recedere
1803 2560 1956 2591 noluerit:
1990 2560 2095 2591 Deum
2118 2565 2169 2590 ta-

1193 2614 1196 2639 1
1220 2617 1292 2638 111011
1324 2605 1463 2636 voluisse
1493 2608 1678 2635 convertere
1709 2603 1829 2634 malum
1858 2604 1892 2633 in
1920 2602 2050 2640 bonum,
2084 2601 2171 2642 quod

1952 2653 1967 2678 4
