2551 3044
224 215 282 246 257

224 309 281 339 hoc
301 308 366 339 loco
385 308 477 339 facile
495 307 683 348 colligimus,
707 317 770 337 non
789 316 900 338 omnes
919 306 1074 337 amicitias
1094 315 1170 336 con-

224 351 379 388 demnari,
410 356 447 381 ut
475 351 569 381 multi
599 349 736 387 fanatici,
767 349 841 380 dum
870 348 969 380 videri
999 348 1109 379 volunt
1131 348 1171 378 ad

224 404 382 425 summam
404 393 562 432 quandam
583 392 757 429 scientiam,
777 398 808 423 et
825 392 864 422 ad
883 391 1061 432 angelicum
1074 401 1170 430 quan-

225 437 296 467 dam
316 436 541 476 perfectionem
564 436 696 472 venisse,
720 435 833 466 docent
848 440 993 474 oportere
1006 433 1170 473 aequalem

224 489 292 510 esse
326 488 402 517 erga
432 487 543 508 omncs
572 478 754 516 caritatem,
788 484 817 508 et
848 476 986 516 reliquas
1015 475 1172 507 amicitias

227 521 284 552 Dei
320 521 381 560 legi
413 530 602 559 repugnare.
647 520 714 551 Nae
744 518 920 551 istiusmodi
952 518 1095 549 homines
1117 517 1171 548 ad-

227 573 335 594 versus
371 563 474 602 ipsum
512 562 617 593 Deum
653 573 795 602 pugnare
830 561 910 593 velle
943 561 1102 598 videntur,
1140 565 1172 591 et

224 606 345 638 coelum
379 611 483 635 terrae
513 605 724 636 commiscere.
769 604 984 643 Quamobrem
1013 603 1171 634 discamus

225 650 284 679 ista
314 648 398 678 inter
427 657 461 678 se
484 647 616 678 minime
639 657 791 687 pugnare,
823 656 933 677 omnes
955 656 1064 677 amore
1085 655 1171 677 com-

224 690 327 730 plecti,
348 695 384 720 ut
406 689 496 719 Deus
520 690 616 726 iubet,
640 695 671 720 et
694 695 800 720 tamen
824 688 999 728 peculiares
1018 687 1170 728 quasdam

223 733 378 763 amicitias
401 738 433 762 et
456 733 608 762 arctiores
631 742 702 763 cum
721 731 910 771 quibusdam
929 732 1045 762 colere:
1069 740 1171 770 neque

223 776 326 806 Deum
353 774 531 814 improbare
555 775 580 805 si
605 774 673 814 quis
697 773 931 805 necessitudine
966 774 1071 813 aliqua
1094 782 1169 803 con-

223 819 378 857 iungatur
411 827 483 848 cum
517 827 553 847 eo
587 827 681 856 quem
716 816 775 847 sibi
810 826 934 847 morum
965 815 1170 847 similitudine

223 871 330 900 parem
361 860 524 898 repererit,
558 859 686 898 quicum
710 869 768 889 sua
791 858 924 890 consilia.
945 858 1171 889 communicet:

222 902 314 933 modo
349 903 524 933 retineatur
557 903 588 931 in
622 902 692 932 istis
722 901 850 932 modus:
885 906 916 932 et
946 912 985 932 ne
1014 901 1172 932 amicitiae

222 950 390 985 praetextu
413 944 504 975 alteri
529 954 706 986 noceamus,
730 954 825 983 quem
848 943 984 975 candide
1007 943 1172 974 nobiscum

222 998 317 1028 agere
346 986 535 1017 viderimus:
573 992 604 1016 et
635 997 673 1017 ne
704 987 842 1026 reliquos
871 986 1089 1026 despiciamus,
1119 987 1172 1025 qui

223 1041 286 1061 non
317 1035 413 1060 erunt
442 1028 606 1060 nobiscum
636 1034 701 1059 tam
731 1035 818 1060 arcta
840 1029 1073 1060 necessitudine
1096 1039 1170 1060 con-

222 1073 332 1111 iuncti,
368 1076 422 1102 aut
452 1071 541 1111 parvi
572 1082 648 1111 prae
678 1071 746 1102 istis
776 1071 984 1102 familiaribus
1007 1071 1170 1103 faciamus.

224 1115 309 1147 Sane
339 1115 366 1146 si
389 1115 458 1144 istis
482 1114 647 1145 affectibus
671 1114 881 1150 moderemur,
913 1120 944 1144 et
965 1124 1057 1154 quam
1081 1113 1171 1153 posui

221 1158 365 1198 regulam
397 1167 577 1196 sequamur,
611 1157 712 1187 Deum
744 1167 807 1187 non
838 1156 1016 1196 improbare
1046 1162 1171 1187 nostras

222 1200 377 1231 amicitias
400 1199 562 1229 sciendum
588 1205 644 1230 est.

305 1242 477 1272 Praeterea
510 1242 656 1281 sequitur
686 1241 816 1272 Saulem
846 1251 953 1272 secum
984 1241 1171 1272 assumsisse

222 1284 389 1320 Davidem,
413 1284 463 1314 his
487 1284 606 1315 verbis:
634 1284 775 1323 Tulitque
797 1294 864 1315 eum
889 1283 967 1315 Saul
988 1285 1022 1314 in
1039 1284 1088 1315 die
1106 1283 1171 1321 illa,

220 1331 246 1359 et
273 1337 331 1359 non
362 1327 504 1357 concessit
534 1327 562 1357 ei
590 1329 622 1357 ut
650 1329 847 1357 reverteretur
876 1327 909 1357 in
930 1327 1052 1358 domum
1068 1326 1172 1366 patris

220 1371 279 1401 sui.
325 1369 413 1408 Quin
444 1370 538 1399 etiarn
563 1370 669 1409 posuit
689 1379 756 1399 eum
777 1379 869 1408 super
891 1370 974 1400 viros
996 1369 1078 1400 belli:
1107 1379 1171 1399 non

220 1412 347 1452 quidem
378 1413 603 1451 imperatorem
634 1413 793 1442 exercitus
816 1412 899 1449 fecit,
929 1422 1002 1442 nam
1026 1417 1061 1442 ut
1083 1412 1171 1442 vide-

223 1456 327 1486 bimus
363 1454 472 1485 Abner
505 1454 694 1493 dignitatem
730 1464 855 1494 semper
888 1455 1021 1485 retinuit
1054 1455 1170 1485 summi

221 1498 308 1528 ducis
332 1503 364 1527 ct
386 1497 596 1536 imperatoris.
644 1497 764 1527 Verum
789 1502 894 1527 tamen
918 1496 1024 1527 David
1045 1497 1171 1537 quibus-

221 1541 292 1571 dam
316 1540 414 1579 copiis
434 1540 611 1578 praefectus
631 1539 698 1570 fuit.
744 1539 871 1569 Deinde
892 1538 969 1570 Saul
989 1540 1056 1570 eius
1075 1549 1171 1579 opera

221 1584 254 1614 in
274 1583 382 1613 multis
399 1592 474 1612 usus
493 1588 548 1619 est,
569 1581 754 1621 dimisitque
773 1581 811 1611 ad
833 1583 939 1612 omnia
958 1593 1014 1613 sua
1034 1583 1169 1622 negotia,

221 1625 335 1665 quibus
365 1625 412 1654 illi
442 1625 579 1664 gratiam
609 1630 640 1655 et
670 1625 873 1655 autoritatem
905 1624 987 1663 apud
1018 1625 1170 1665 populum

221 1667 411 1699 conciliaret.
456 1667 495 1697 In
518 1667 587 1698 istis
611 1672 717 1697 autem
743 1667 859 1697 dicitur
882 1666 988 1697 David
1011 1677 1080 1698 sese
1098 1678 1169 1707 ges-

220 1712 299 1741 sisse
322 1710 499 1749 prudenter,
529 1720 610 1749 quae
635 1720 695 1740 vox
720 1711 750 1739 iu
776 1709 913 1740 hebraea
935 1709 1044 1750 lingua
1067 1710 1169 1750 dupli-

220 1763 287 1784 cem
307 1752 402 1782 habet
421 1753 699 1792 significationem.
746 1752 893 1782 Primum
911 1752 995 1782 enim
1016 1753 1169 1792 accipitur

221 1806 278 1835 pro
300 1795 460 1834 sapienter
483 1805 516 1825 se
539 1804 667 1835 gerere:
690 1800 722 1825 et
746 1794 859 1825 deinde
882 1805 938 1834 pro
956 1795 1077 1826 felicem
1097 1806 1169 1826 suc-

220 1848 342 1869 cessum
363 1837 487 1868 habere.
534 1838 614 1867 Nam
636 1838 713 1868 haec
732 1837 793 1867 duo
813 1837 893 1867 solet
913 1837 999 1868 Deus
1018 1838 1048 1868 in
1068 1838 1169 1869 servis

217 1881 283 1912 suis
306 1880 516 1919 coniungere:
551 1890 665 1919 nempe
690 1880 721 1910 in
747 1880 841 1910 rebus
866 1880 1012 1919 gerendis
1035 1879 1171 1919 pruden-

214 1924 301 1958 tiam,
336 1929 368 1952 et
390 1922 510 1953 felicem
537 1933 718 1953 successum
744 1923 928 1961 exitumque
950 1923 1168 1954 consiliorum.

216 1966 329 2005 Itaque
350 1976 410 1995 vox
430 1965 579 1995 Hebraea
598 1965 767 2004 aliquando
788 1974 843 2004 pro
863 1964 1013 1995 felicitate
1032 1972 1064 1996 et
1083 1976 1169 2004 pros-

218 2009 351 2048 peritate
364 2008 511 2038 sumitur.
545 2008 689 2046 Denique
706 2007 862 2037 Davidem
879 2007 997 2038 indicat
1011 2009 1169 2047 scriptura

218 2057 283 2081 tam
307 2050 481 2090 prudenter
505 2050 631 2089 negotia
651 2050 759 2080 Saulis
779 2049 1026 2088 administrasse,
1050 2057 1085 2081 ut
1104 2051 1167 2082 fac-

218 2099 268 2124 tus
299 2093 341 2123 sit
370 2093 517 2123 omnibus
547 2093 678 2129 amicus,
709 2097 834 2122 etcum
860 2091 957 2123 Saule
980 2094 1170 2124 remanserit

217 2146 280 2166 non
309 2135 445 2174 amplius
469 2145 616 2165 reversus
640 2134 768 2165 domum
792 2140 966 2174 paternam.
1012 2136 1082 2167 Etsi
1104 2137 1168 2167 iam

218 2178 345 2209 fovebat
364 2178 470 2208 animo
491 2176 569 2208 Saul
590 2176 696 2207 odium
718 2176 806 2213 illud,
832 2187 893 2216 quo
913 2177 1058 2217 deinceps
1077 2179 1167 2209 illum

219 2226 328 2260 aperte
360 2225 572 2259 persequutus
596 2226 652 2252 est.
686 2230 726 2249 ex
748 2218 869 2250 invidia
892 2226 994 2251 ortum
1019 2221 1079 2252 iam
1100 2226 1166 2252 tum

219 2273 318 2302 quum
352 2273 371 2292 a
400 2262 494 2292 caede
529 2261 675 2293 Goliathi
709 2261 748 2292 ad
782 2263 886 2301 ipsum
916 2263 954 2294 ab
977 2264 1168 2302 imperatore

221 2306 349 2335 Abnero
383 2304 495 2335 ductus
529 2310 591 2335 est:
625 2304 739 2334 deinde
773 2309 900 2335 auctum
937 2305 1082 2338 laudibus
1105 2307 1168 2338 illis

219 2347 334 2386 quibus
364 2346 522 2377 Davidem
554 2347 702 2377 mulieres
727 2347 800 2377 illae
821 2357 893 2378 cum
918 2349 1093 2388 virginibus
1116 2360 1169 2380 ex-

221 2390 373 2426 tulerunt,
396 2400 492 2428 quum
514 2388 605 2421 Sauli
624 2400 642 2420 a
661 2389 780 2429 praelio
799 2392 970 2421 revertenti
989 2402 1061 2422 cum
1083 2398 1166 2432 tym-

220 2433 319 2471 panis,
354 2432 447 2467 tibiis,
484 2432 626 2469 citharis,
661 2438 691 2462 et
724 2431 794 2462 aliis
826 2432 1002 2464 istiusmodi
1035 2435 1167 2466 musicis

220 2474 450 2511 instrumentis,
473 2474 604 2506 choreas
627 2478 758 2514 agentes
781 2475 1002 2516 occurrissent,
1031 2482 1063 2507 et
1086 2477 1167 2508 dice-

219 2523 299 2553 rent,
322 2516 400 2547 Saul
417 2516 569 2556 interfecit
587 2517 680 2554 mille,
700 2516 807 2548 David
824 2520 923 2549 autern
940 2519 1038 2550 decem
1055 2520 1165 2551 millia.

218 2560 343 2590 Recens
372 2559 457 2589 istud
489 2559 605 2590 vulnus
635 2560 767 2591 accessit
797 2560 961 2599 superiori,
991 2561 1075 2601 quod
1100 2570 1165 2593 tam

216 2602 279 2632 alte
299 2602 331 2631 in
350 2602 450 2641 ipsius
469 2601 573 2632 haesit
586 2608 723 2641 pectore,
748 2608 784 2633 ut
796 2613 958 2642 nunquam
971 2614 1165 2645 concoquere

217 2645 364 2685 potuerit.
410 2643 568 2683 Equidem
591 2644 682 2675 illum
703 2645 803 2676 fateor
820 2651 912 2676 antea
930 2646 1025 2678 fuisse
1044 2657 1062 2677 a
1081 2647 1165 2679 malo

288 2695 394 2721 Caluini
412 2702 502 2727 opera.
541 2694 599 2720 Vol.
615 2694 711 2720 XXX.

845 213 891 244 IN
913 213 939 244 I.
964 213 1050 243 LIB.
1076 212 1272 245 SAMUEL.
1297 214 1392 247 OAP.
1424 216 1551 247 XVIII.

2119 220 2182 251 258

1221 308 1335 347 spiritu
1355 309 1529 348 agitatum:
1547 310 1601 341 sod
1621 311 1671 341 aio
1690 321 1752 342 non
1771 310 1870 342 fuisse
1889 315 1966 343 tuuc
1986 312 2018 342 in
2038 312 2179 352 aliquem

1223 350 1412 381 nominatim
1448 353 1529 383 malo
1564 354 1688 391 anim0
1731 353 1784 384 sed
1819 354 1926 393 potius
1957 354 2060 385 instar
2091 355 2179 387 ferae

1222 392 1385 423 cuiusdam
1411 394 1554 425 fraenum
1579 395 1767 432 arrodcntis,
1798 396 1880 436 quod
1906 396 1996 428 Deus
2028 407 2084 437 per
2107 407 2178 437 pro

1223 435 1352 473 phetam
1384 435 1431 466 illi
1465 437 1677 476 significasset
1710 438 1777 470 fore
1808 445 1844 469 ut
1874 449 1975 479 regno
1997 440 2179 471 excideret:

1223 478 1331 516 itaque
1354 478 1460 509 animo
1480 479 1618 510 furorem
1642 491 1735 511 suum
1760 482 1985 521 concoquebat,
2008 482 2091 522 quod
2113 492 2177 514 non

1224 519 1356 550 haberet
1389 521 1545 552 obiectum
1580 523 1740 562 peculiare
1772 524 1803 554 in
1840 524 1925 563 quod
1959 535 2053 555 suum
2089 525 2177 556 virus

1223 566 1393 593 evomeret.
1430 563 1474 593 At
1493 574 1591 603 quum
1611 565 1745 596 Davidis
1763 567 1901 606 gratiam
1922 572 1953 597 et
1971 567 2177 598 autoritatem

1222 614 1318 644 quam
1341 605 1437 636 caede
1460 606 1604 637 Goliathi
1628 608 1840 647 acquisiverat
1862 609 2099 647 animadvertit,
2124 610 2182 640 in-

1222 646 1310 677 vidia
1339 648 1487 687 ringitur,
1522 657 1551 679 et
1576 650 1718 681 fraenum
1743 650 1895 682 arrodens
1919 651 2075 682 invidiam
2101 662 2178 684 con-

1222 690 1338 729 coquit,
1362 690 1453 721 illum
1476 701 1543 722 esse
1566 692 1746 723 coniectura
1769 694 1948 732 suspicatus
1969 704 2062 733 quem
2089 694 2179 726 Deus

1223 742 1435 763 successorem
1467 735 1556 774 regui
1588 734 1776 775 designavit.
1822 736 1910 767 Hinc
1940 737 2040 776 igitur
2070 736 2180 768 Saulis

1223 774 1341 814 odium,
1366 775 1447 814 quod
1471 777 1528 807 etsi
1553 777 1778 816 dissimulavit,
1803 784 1908 809 tamen
1934 778 2018 818 apud
2043 789 2076 810 se
2099 779 2181 810 aluit

1223 821 1256 847 et
1286 817 1375 848 fovit.
1420 817 1637 856 Quamobrem
1667 820 1752 859 quod
1782 820 1941 851 Davidem
1972 831 2080 852 secum
2111 832 2181 853 esse

1225 859 1333 896 voluit,
1354 860 1435 899 quod
1457 861 1648 893 militaribus
1668 863 1765 902 copiis
1785 863 1947 902 praefecit,
1967 869 1999 895 et
2017 864 2055 894 ad
2077 865 2180 895 multa

1224 902 1352 941 negotia
1375 903 1529 940 adhibuit,
1554 914 1641 934 mera
1665 906 1723 935 ruit
1746 905 1925 945 hypocrisis
1948 912 1979 936 et
2002 907 2179 944 simulatio,

1224 950 1259 975 ut
1281 955 1317 975 6
1340 950 1507 984 praetextu
1531 946 1653 978 facilius
1677 948 1839 978 incautum
1864 948 2079 988 opprimeret:
2110 960 2179 981 ma-

1224 987 1310 1018 xime
1340 988 1484 1019 irritatus
1512 989 1566 1019 illo
1596 990 1766 1020 mulierum
1797 1001 1930 1021 occursu
1955 997 1985 1022 et
2009 992 2180 1031 applausu,

1197 1048 1198 1052 =
1223 1031 1256 1060 in
1280 1040 1340 1069 quo
1364 1040 1489 1061 summa
1512 1032 1611 1070 ipsius
1634 1033 1781 1072 apparuit
1804 1033 2012 1073 ingratitudo.

1307 1073 1522 1104 Transeamus
1542 1075 1640 1114 igitur
1660 1075 1698 1105 ad
1719 1086 1754 1105 ea
1775 1085 1855 1114 quae
1872 1076 1911 1106 de
1926 1076 1987 1106 isto
2003 1076 2183 1108 mulierum

1223 1125 1356 1146 occursu
1380 1122 1608 1153 memorantur,
1634 1117 1683 1148 his
1703 1118 1822 1148 verbis:
1847 1117 1945 1149 Porro
1963 1128 2058 1157 quum
2078 1129 2183 1151 rever-

1223 1160 1333 1188 teretur
1355 1168 1502 1197 percusso
1526 1158 1694 1190 Plcz'listaeo
1717 1160 1831 1197 David,
1862 1170 1998 1199 effressae
2019 1165 2092 1192 sunt
2117 1172 2182 1193 mu-

1223 1200 1312 1231 lieres
1339 1200 1375 1231 de
1397 1202 1552 1232 universis
1575 1201 1700 1233 urbibus
1723 1202 1833 1241 Israel,
1863 1205 2028 1240 cantantes,
2059 1204 2183 1235 choros-

1224 1252 1280 1282 que
1312 1243 1452 1274 ducentes
1484 1244 1517 1274 in
1551 1254 1704 1275 occursum
1735 1245 1812 1275 Saul
1840 1246 1932 1285 reyis,
1967 1246 2001 1276 in
2023 1247 2184 1285 tympanis

1224 1285 1356 1316 laetitiae
1378 1288 1403 1316 et
1426 1286 1458 1316 in
1480 1287 1592 1318 sistris.
1627 1287 1674 1318 De
1693 1287 1822 1319 vocibus
1845 1288 1991 1318 hebraeis
2010 1299 2076 1319 non
2097 1290 2182 1320 exis-

1224 1329 1301 1358 timo
1332 1339 1528 1368 magnopere
1557 1329 1775 1366 laborandum,
1812 1330 1927 1369 quibus
1962 1331 2012 1361 vel
2046 1331 2181 1363 choreae

1226 1370 1276 1401 vel
1310 1372 1475 1401 cantiones
1509 1371 1682 1411 significari
1715 1378 1862 1412 possunt:
1901 1373 2019 1404 sufficit
2044 1375 2130 1404 enim
2155 1374 2183 1405 si

1224 1423 1323 1452 quum
1341 1413 1379 1444 de
1396 1414 1607 1445 exsultatione
1630 1415 1801 1445 mulierum
1825 1415 1864 1445 fit
1887 1416 2015 1453 mentio,
2044 1417 2184 1448 sciamus

1223 1466 1276 1486 eas
1300 1456 1427 1487 venisse
1452 1456 1484 1487 in
1507 1467 1671 1488 occursum
1697 1456 1804 1489 Saulis
1824 1464 1859 1488 ut
1879 1457 1949 1488 Deo
1969 1458 2082 1489 laudes
2102 1459 2183 1490 acci

1225 1503 1337 1529 nerent
1368 1509 1425 1539 pro
1456 1499 1638 1539 ingentibus
1668 1499 1848 1536 beneFactis,
1879 1501 1996 1539 quibus
2025 1501 2183 1540 populum

1224 1541 1382 1575 affecerat.
1408 1546 1440 1572 et
1462 1541 1500 1572 de
1525 1542 1666 1573 hostibus
1690 1542 1912 1582 triumphandi
1935 1544 2105 1573 materiam
2127 1543 2182 1574 de-

1224 1583 1324 1614 derat.
1369 1584 1471 1615 Porro
1501 1590 1566 1615 tam
1590 1585 1648 1615 hoc
1671 1585 1738 1616 loco
1761 1595 1856 1624 quam
1879 1587 1997 1624 passim
2022 1586 2054 1615 111
2079 1587 2179 1617 sacris

1224 1626 1364 1657 insolens
1394 1632 1425 1657 et
1457 1627 1611 1658 absonum
1636 1627 1808 1665 videretur,
1839 1627 1989 1658 mulieres
2012 1636 2067 1658 aut
2093 1636 2179 1668 tym-

1223 1679 1342 1708 panum
1365 1675 1420 1700 aut
1442 1669 1505 1700 alia
1527 1671 1648 1701 musica
1671 1670 1887 1700 instrumenta
1909 1670 2064 1709 pulsasse,
2094 1671 2181 1710 quod

1223 1711 1292 1742 istis
1315 1712 1509 1751 temporibus
1534 1718 1566 1743 et
1586 1713 1768 1752 regionibus
1788 1713 1846 1743 hoc
1865 1722 1930 1742 non
1950 1713 1991 1743 sit
2011 1713 2179 1744 usitatum.

1222 1753 1287 1784 Sed
1317 1758 1460 1794 tempora
1490 1760 1522 1785 et
1544 1756 1689 1795 regiones
1712 1756 1778 1786 suis
1800 1755 1940 1786 moribus
1963 1762 1995 1785 et
2018 1756 2180 1787 institutis

1223 1796 1387 1837 vixerunt,
1411 1808 1491 1837 quae
1514 1798 1592 1837 ipsis
1614 1797 1820 1837 relinquenda
1842 1802 1926 1828 sunt.
1972 1797 2051 1827 Fuit
2069 1804 2179 1829 autem

1223 1839 1356 1878 vulgare
1388 1846 1419 1870 et
1450 1841 1602 1870 usitatum
1632 1841 1665 1871 in
1695 1840 1903 1871 orientalibus
1932 1840 2119 1880 regionibus
2145 1846 2180 1871 ut

1222 1882 1375 1913 mulieres
1398 1884 1518 1913 musica
1542 1883 1753 1914 instrumenta
1776 1886 1970 1913 tractarent:
2003 1883 2086 1921 quod
2111 1893 2177 1914 ma-

1222 1924 1309 1955 xime
1344 1926 1379 1955 fit
1412 1926 1618 1964 conspicuum
1647 1936 1685 1955 ex
1716 1936 1753 1956 ea
1783 1925 1915 1955 historia
1947 1935 2041 1964 quam
2067 1935 2175 1957 sacrae

1222 1967 1399 2007 scripturae
1422 1967 1461 1998 de
1484 1968 1588 1999 Maria
1611 1968 1711 1998 Mosis
1729 1978 1837 1998 sorore
1857 1973 2046 1998 memorant.
2094 1968 2177 1999 Nam

1222 2009 1338 2040 dicitur
1362 2010 1464 2041 Maria
1488 2017 1557 2050 post
1587 2010 1809 2041 admirandum
1833 2011 1930 2040 maris
1959 2010 2048 2040 rubri
2073 2017 2179 2042 trans-

1222 2053 1319 2089 itum,
1362 2058 1502 2083 assumto
1538 2060 1690 2093 tympano
1724 2063 1792 2083 sese
1823 2052 1954 2091 reliquis
1989 2052 2180 2084 mulieribus

1221 2094 1333 2126 ducem
1365 2096 1557 2134 praebuisse,
1581 2101 1611 2126 et
1635 2095 1760 2125 divinas
1780 2095 1888 2125 laudes
1908 2094 2040 2125 musicis
2062 2096 2178 2128 inst-ru-

1221 2138 1337 2168 mentis
1368 2138 1562 2175 decantasse,
1595 2142 1627 2168 et
1647 2138 1765 2178 gratias
1788 2147 1845 2177 pro
1868 2137 1968 2168 tantis
1991 2147 2009 2167 a
2033 2136 2102 2168 Deo
2125 2148 2177 2170 ac-

1221 2180 1321 2219 ceptis
1342 2180 1501 2211 beneficiis
1526 2180 1636 2220 egisse,
1682 2180 1828 2211 Profecto
1852 2189 1915 2209 non
1940 2180 2071 2210 fuerunt
2095 2180 2177 2212 istae

1220 2222 1332 2253 inanes
1354 2224 1495 2261 naeniae,
1518 2233 1620 2262 neque
1643 2234 1682 2253 ex
1705 2222 1954 2262 intemperantia
1978 2222 2113 2260 quadam
2134 2224 2176 2253 ri-

1220 2264 1342 2296 diculae
1364 2266 1550 2296 saltationes
1573 2271 1607 2296 et
1627 2265 1769 2299 choreae,
1800 2264 1909 2303 quales
1932 2263 2027 2294 hodie
2049 2265 2176 2304 profani

1220 2307 1365 2338 homines
1397 2308 1518 2348 agitare
1547 2308 1659 2339 solent.
1707 2307 1769 2339 Sed
1793 2307 1903 2345 seriae,
1936 2306 2050 2346 quibus
2074 2308 2175 2338 conti-

1219 2351 1380 2380 nebantur
1409 2351 1536 2381 divinae
1566 2350 1685 2386 laudes,
1720 2360 1797 2389 quas
1820 2349 1859 2379 ad
1883 2355 1997 2380 cantus
2018 2356 2049 2380 et
2072 2349 2175 2381 tibici-

1220 2402 1291 2422 nem
1306 2394 1592 2432 prosequebantur:
1607 2391 1873 2431 quemadmodum
1887 2402 1925 2422 ex
1940 2392 2041 2430 ipsius
2051 2392 2176 2424 Mariae

1218 2435 1341 2465 cantico
1365 2436 1441 2466 satis
1465 2441 1604 2474 apparet,
1628 2435 1719 2465 cuius
1742 2441 1968 2474 argumentum
1994 2440 2072 2464 sunt
2091 2435 2174 2466 divi-

1219 2487 1278 2508 nae
1302 2478 1538 2517 promissiones,
1570 2478 1684 2516 quibus
1707 2477 1819 2507 innixa
1848 2476 1953 2507 Maria
1983 2482 2048 2507 tam
2072 2477 2174 2508 admi-

1218 2519 1350 2550 randam
1371 2520 1590 2550 liberationem
1610 2519 1821 2559 praedicabat.
1850 2519 1938 2550 Sane
1956 2529 2019 2549 non
2041 2519 2174 2551 dubium

1218 2567 1273 2600 est,
1308 2563 1385 2601 quin
1421 2563 1507 2593 Deus
1540 2562 1586 2593 illi
1621 2563 1758 2593 musicae
1794 2561 1976 2601 praefuerit.
2023 2561 2106 2593 Nam
2142 2569 2174 2594 et

1218 2605 1350 2644 ipsemet
1373 2615 1429 2644 per
1449 2606 1594 2644 spiritum
1618 2615 1712 2636 suum
1736 2604 1858 2635 Mariae
1881 2604 2060 2635 dictaverat
2077 2615 2174 2646 argu-

1217 2654 1370 2684 mentum,
1401 2647 1484 2687 quod
1515 2658 1551 2678 ea
1580 2652 1754 2687 praeeunte
1783 2647 1925 2686 reliquae
1948 2647 2100 2679 mulieres
2123 2658 2173 2680 se-

1939 2696 1971 2722 17
