2551 3044
206 188 264 220 121

204 285 283 316 catis
306 286 383 316 satis
406 285 523 317 factum
547 286 744 317 existimans.
785 285 899 317 Nonne
923 295 999 317 vero
1023 285 1097 316 hinc
1120 285 1157 316 fit

204 328 412 368 conspicuum
436 328 495 368 ipsi
520 329 589 359 Deo
614 328 729 360 bellum
751 328 856 367 indici,
880 332 921 365 et,
945 338 1027 368 quae
1046 327 1156 358 Domi-

204 381 266 401 nus
300 379 409 402 noster
448 371 539 402 Iesus
577 371 726 402 Christus
766 376 966 402 sacramenta
1006 371 1154 407 instituit,

204 413 317 452 quibus
338 413 377 444 ad
400 414 503 453 ipsum
528 413 764 450 deduceremur,
795 424 918 445 summa
943 414 974 444 vi
997 412 1154 444 convelli?

204 455 419 494 Quamobrem
440 456 582 496 papistae
602 456 721 487 iactent
740 456 813 487 licet
831 466 988 488 summam
1008 455 1155 487 obedien-

204 498 298 534 tiam,
333 498 543 529 nihilominus
574 505 679 529 tamen
719 509 844 539 semper
874 499 1088 529 incantatores
1123 502 1153 528 et

204 540 337 571 venefici
361 540 500 580 audient,
531 541 781 581 quotiescunque
804 541 924 582 templa
947 551 1004 572 sua
1026 540 1077 571 vel
1101 550 1153 580 po-

203 583 267 614 tius
297 583 463 622 lupanaria
493 583 721 623 ingrediuntur
756 584 886 615 missam
916 584 1003 614 illam
1027 583 1153 620 facturi,

203 635 265 665 qua
289 630 373 656 totus
395 632 449 656 aer
472 625 631 665 polluitur,
655 626 911 666 quandoquidem
933 636 990 666 pro
1013 636 1049 657 eo
1072 625 1153 665 quod

201 667 358 698 Dominus
383 673 489 698 noster
512 668 603 699 Iesus
626 668 777 700 Christus
800 669 948 705 instituit,
972 678 1047 700 suas
1069 667 1153 699 blas-

200 709 344 750 phemias
375 714 543 749 reponunt,
572 716 603 740 81
633 711 792 751 reliquum
818 711 878 742 Dei
908 711 1030 742 cultum
1055 710 1152 741 foedis

201 757 232 783 et
255 753 360 793 impiis
382 752 496 784 ritibus
519 752 676 792 polluunt.
710 753 797 785 Sane
822 754 909 785 Deus
934 764 996 784 non
1020 752 1153 784 obscure

202 794 351 835 loquutus
374 799 430 832 est,
455 805 554 835 quum
579 805 612 826 se
636 796 738 827 vetuit
758 796 825 827 ulla
845 807 951 828 rerum
970 800 1151 828 creatarum

201 837 340 878 imagine
371 838 445 868 viva
475 837 528 868 vel
559 842 684 868 mortua
714 839 957 878 repraesentari.
1002 838 1065 870 Sed
1090 837 1152 875 isti,

200 878 306 911 Deum
330 890 364 911 se
387 890 480 911 nosse
504 891 568 911 non
592 890 683 920 posse
706 880 824 919 dicunt,
846 882 910 912 nisi
934 881 1041 921 aliqua
1064 880 1151 912 simi-

200 922 335 953 litudine
357 927 623 962 repraesentetur.
669 923 781 964 Itaque
814 924 925 955 volunt
954 924 1070 954 idiotas
1095 923 1151 954 ha-

200 964 275 996 bere
287 965 452 1006 imagines,
471 965 586 1005 quibus
598 964 689 996 Deus
710 972 969 1006 repraesentetur
987 970 1018 997 et
1041 966 1151 1002 sancti,

199 1008 253 1047 qui
276 1018 332 1048 pro
354 1008 432 1048 ipsis
454 1007 538 1048 apud
562 1007 667 1038 Deum
692 1008 905 1046 intercedunt,
936 1008 1020 1049 quod
1051 1019 1088 1039 ea
1111 1009 1152 1040 sit

199 1050 366 1082 hominum
388 1050 571 1091 ignorantia
594 1055 624 1081 et
647 1051 770 1091 ingenii
794 1056 916 1092 stupor,
946 1056 982 1082 ut
1012 1056 1077 1081 tam
1100 1061 1150 1081 ar-

199 1092 278 1125 duas
308 1103 360 1124 res
389 1093 451 1124 nisi
480 1092 669 1132 quibusdam
693 1094 889 1134 imaginibus
910 1093 1151 1134 apprehendere

199 1146 263 1167 non
295 1136 425 1176 possint.
470 1135 584 1166 Nonne
614 1146 690 1166 vero
720 1137 890 1168 manifesta
925 1137 986 1167 ista
1020 1136 1151 1167 rebellio

199 1183 255 1215 est,
289 1189 387 1218 quum
416 1178 486 1208 Deo
520 1178 728 1218 sapientiores
762 1189 831 1210 esse
865 1179 988 1216 volunt,
1021 1184 1051 1210 et
1083 1179 1151 1210 eius

198 1225 367 1262 praecepta
378 1220 555 1261 negligant,
575 1221 773 1261 gloriamque
786 1221 1003 1253 imminuant?
1027 1221 1150 1252 Verum

198 1274 256 1304 age
279 1263 488 1295 concedamus
512 1263 589 1303 ipsis
612 1263 750 1303 aliquam
775 1264 806 1295 in
832 1265 901 1295 istis
924 1265 991 1295 suis
1014 1264 1151 1305 gesticu-

197 1306 368 1338 lationibus
392 1316 459 1336 esse
483 1305 585 1336 divini
608 1306 711 1337 cultus
742 1307 890 1346 speciem,
922 1317 1025 1347 neque
1053 1307 1150 1338 fuisse

197 1349 296 1380 aDeo
319 1348 520 1389 prohibitam,
545 1349 645 1379 veluti
669 1359 766 1389 quum
791 1349 1002 1380 auricularem
1027 1350 1149 1381 confes-

197 1391 320 1423 sionem
344 1391 493 1427 retinent,
528 1395 558 1421 et
587 1391 688 1422 multa
716 1392 832 1422 similia
855 1396 1044 1428 commenta,
1068 1402 1149 1432 quae

197 1433 339 1466 dicamus
369 1444 436 1465 esse
464 1437 538 1472 μέσα
573 1439 606 1465 01
634 1433 867 1466 indifferentia:
903 1435 1007 1475 legem
1040 1438 1147 1466 tamen

197 1476 382 1508 diabolicam
401 1476 603 1508 conscientiis
622 1477 787 1508 hominum
807 1478 928 1516 imponi
948 1481 1071 1508 certum
1090 1481 1146 1509 est.

195 1519 308 1559 Neque
331 1519 415 1550 enim
439 1519 583 1550 confiteri
606 1524 709 1560 potest
732 1520 899 1560 quisquam
932 1524 1059 1560 peccata
1081 1530 1147 1558 sua,

197 1562 258 1593 nisi
288 1562 370 1594 serio
400 1561 525 1592 illorum
556 1572 651 1593 sensu
682 1562 850 1599 afficiatur,
882 1567 913 1593 et
943 1573 1048 1594 eoram
1079 1563 1147 1594 Deo

195 1615 252 1645 pro
283 1604 346 1635 illis
375 1609 491 1645 gemat,
521 1604 711 1644 veniamque
740 1604 937 1644 deprecetur.
982 1606 1026 1636 At
1050 1616 1147 1645 quum

195 1647 321 1688 singula
343 1657 401 1678 sua
419 1650 557 1687 peccata,
576 1647 674 1678 semel
694 1648 865 1687 quotannis
883 1648 1026 1679 confiteri
1038 1649 1147 1679 miseri

195 1694 361 1730 cogantur,
391 1693 423 1720 et.
445 1690 572 1730 quidem
596 1689 723 1728 indicta,
754 1690 785 1720 ni
810 1690 873 1727 fiat,
903 1700 1004 1730 poena
1026 1691 1148 1731 peccati

195 1732 347 1770 mortalis,
378 1732 468 1764 cuius
497 1732 585 1763 nulla
615 1733 656 1763 sit
686 1743 826 1772 unquam
858 1733 1009 1770 remissio,
1040 1744 1147 1765 nonne

194 1775 364 1806 manifesta
386 1780 434 1806 est
457 1774 585 1806 divinae
608 1775 788 1807 autoritatis
812 1775 1000 1816 usurpatio?
1045 1776 1147 1808 Cuius

195 1817 289 1855 enim,
312 1817 450 1856 obsecro,
473 1824 522 1849 est
545 1818 706 1850 coelorum
729 1817 852 1848 aditum
876 1817 1047 1850 claudere?
1084 1818 1146 1850 Oui

193 1860 321 1891 mortali
355 1860 401 1891 rei
435 1865 559 1892 creatae
594 1860 668 1892 data
701 1860 762 1891 ista
802 1860 965 1900 potestas?
1019 1862 1146 1893 Deinde

190 1907 329 1943 quantus
362 1903 566 1935 conscientiis
600 1903 769 1943 scrupulus
809 1903 967 1942 iniicitur,
1007 1909 1145 1945 quantus

190 1946 274 1986 ignis
308 1945 493 1977 accenditur
523 1956 586 1986 quo
617 1946 647 1977 in
679 1945 929 1986 profundissima
955 1946 1070 1987 abysso
1094 1957 1144 1978 ar-

194 1988 299 2026 deant,
333 1999 433 2028 quum
467 1988 639 2028 quotannis
674 1988 781 2019 omnia
812 1992 940 2028 peccata
973 1990 1144 2021 confitendi

193 2031 365 2062 necessitas
388 2031 583 2071 imponitur?
628 2031 729 2070 Euge,
753 2031 824 2071 quis
847 2031 1048 2063 millesimam
1073 2042 1144 2073 pec-

193 2077 337 2105 catorum
359 2083 490 2105 suorum
513 2078 635 2113 partem
655 2073 754 2109 novit,
778 2078 811 2104 et
829 2074 981 2105 memoria
999 2080 1144 2115 repetere

193 2115 319 2157 potest?
364 2116 464 2147 Nulla
486 2116 572 2147 enim
596 2116 663 2147 dies
686 2116 848 2156 praeterit,
878 2117 955 2157 quin
978 2127 1144 2158 peccemus

192 2159 227 2190 in
249 2159 375 2190 multis:
407 2158 478 2198 quis
507 2169 582 2199 ergo
613 2169 696 2190 anno
719 2159 825 2199 elapso
849 2164 968 2199 repetet
990 2161 1143 2192 memoria

194 2206 224 2232 et
252 2201 450 2232 enumerabit
485 2201 613 2242 singula
646 2206 775 2242 peccata
807 2212 874 2240 sua,
905 2212 1003 2242 quum
1033 2204 1143 2235 miseri

193 2243 424 2275 homunciones
454 2244 555 2275 simus
585 2244 812 2275 lumbricorum
836 2244 938 2276 instar
961 2245 1049 2276 humi
1072 2257 1144 2287 rep-

193 2292 307 2323 tantes,
339 2290 370 2317 et
399 2286 453 2326 qui
482 2297 547 2317 non
571 2287 720 2317 novimus
743 2291 848 2317 atrum
873 2287 911 2318 ab
934 2287 1005 2319 albo
1028 2292 1144 2320 natura

193 2328 414 2369 distinguere?
459 2328 528 2359 Nae
558 2329 726 2360 manifesta
750 2330 782 2359 in
805 2329 874 2360 istis
897 2330 1036 2369 rebellio,
1066 2342 1143 2372 quo-

193 2371 280 2402 niam
313 2371 400 2402 Deus
429 2371 618 2411 gravissime
648 2371 793 2408 laeditur,
824 2382 945 2412 suoque
973 2373 1042 2405 iure
1071 2384 1144 2415 spo-

193 2413 299 2450 liatur,
333 2418 364 2444 et
399 2423 455 2444 sua
490 2418 654 2453 potestate,
688 2424 783 2454 quam
818 2414 876 2446 sibi
910 2415 962 2447 isti
997 2416 1144 2448 homines

192 2455 380 2494 vendicant,
413 2455 603 2496 plebemque
636 2456 697 2487 Dei
731 2457 909 2488 miserrime
948 2459 1142 2491 excruciant.

191 2499 398 2539 Quapropter
426 2499 544 2530 iactent
573 2498 619 2529 illi
649 2499 770 2530 cultum
795 2499 939 2532 divinum
963 2512 1016 2532 ore
1039 2503 1142 2542 pleno,

192 2542 389 2574 contrarium
419 2547 525 2571 tamen
555 2552 684 2581 prorsus
714 2546 859 2582 apparet,
887 2543 1142 2584 quandoquidem

193 2584 296 2617 cultus
325 2583 380 2614 ille
410 2584 461 2614 vel
484 2584 590 2624 potius
613 2585 795 2625 superstitio
818 2585 906 2617 nullo
928 2587 1022 2618 modo
1044 2588 1142 2619 verbo

193 2627 255 2659 Dei
289 2627 410 2665 nititur,
445 2636 480 2658 ac
513 2626 645 2667 proinde
678 2638 767 2658 mera
794 2632 919 2659 tantum
949 2629 1143 2662 idolomania

860 191 907 223 IN
929 191 954 222 Ι.
979 191 1066 223 LIB.
1092 190 1287 223 SAMUEL.
1311 192 1407 224 CAP.
1431 193 1506 224 XV.

2109 200 2169 231 122

1210 289 1266 316 est.
1312 286 1420 326 Atque
1443 297 1476 318 sc
1500 288 1544 319 ita
1567 300 1633 320 rom
1659 290 1786 330 habere,
1816 292 1877 323 iam
1903 297 1978 323 ante
2001 293 2166 327 docuimus

1208 327 1312 358 Isaiae
1343 329 1534 368 testimonio,
1565 332 1670 363 Deum
1702 344 1758 364 suo
1791 335 1858 365 iure
1886 335 2039 374 fraudari,
2067 347 2165 376 quum

1209 370 1307 417 alium
1331 372 1391 411 ipsi
1415 372 1536 403 cultum
1556 385 1650 414 quam
1671 376 1723 416 qui
1744 377 1841 408 verbo
1863 378 1963 417 ipsius
1983 379 2167 411 continetur

1208 412 1407 450 exhibemus,
1439 415 1522 454 quod
1553 417 1652 447 solum
1685 418 1775 449 illum
1807 431 1875 451 esse
1899 426 2045 452 nostrum
2071 421 2164 462 legis-

1208 455 1341 486 latorem
1365 463 1518 496 oporteat.
1564 459 1729 498 Quaenam
1754 472 1828 502 ergo
1853 463 1913 493 ista
1945 464 2085 494 amentia
2108 470 2165 503 est,

1208 508 1416 539 quaeeunque
1438 499 1469 530 in
1494 508 1632 532 mentem
1659 505 1815 542 venerint,
1840 505 1908 536 Deo
1932 506 2111 537 adscribere
2131 508 2164 539 in

1208 540 1347 572 cultum:
1378 545 1411 572 et
1441 541 1526 573 hunc
1556 548 1611 575 aut
1642 545 1730 576 illum
1756 548 1844 587 sequi
1869 548 2031 579 doctorem
2055 550 2164 589 potius

1207 593 1302 623 quam
1327 584 1442 621 Deum,
1474 589 1505 615 et
1536 586 1812 626 ignorantissimos
1843 601 1982 630 quosque
2006 593 2073 622 fieri
2099 602 2166 623 om-

1207 626 1297 656 nium
1321 625 1574 659 audacissimos?
1619 630 1712 661 Unde
1737 642 1811 663 vero
1834 633 1928 664 duxit
1959 634 2087 664 initium
2114 635 2165 666 hic

1207 678 1305 705 error,
1335 672 1373 699 ut
1401 669 1554 709 quidquid
1584 671 1730 704 homines
1763 676 2005 713 somniaverint,
2040 677 2162 708 cultum

1207 710 1277 741 Deo
1300 715 1429 751 gratum
1454 713 1649 751 existiment,
1681 717 1740 746 nisi
1764 728 1802 748 ex
1828 719 1907 749 falsa
1930 720 1978 749 sui
2002 719 2161 759 opinione,

1206 763 1268 792 qua
1298 755 1333 783 fit
1363 759 1398 784 ut
1429 755 1563 795 quisque
1593 757 1651 787 sibi
1682 759 1782 799 fingat
1817 761 1938 792 idolum
1972 762 2161 802 proprium?

1206 795 1274 826 Nos
1288 806 1363 827 vero
1383 797 1522 828 sciamus
1541 801 1791 841 quotiescunque
1812 804 1973 834 reiicimus
1986 805 2163 845 praescrip-

1206 843 1274 868 tum
1298 848 1316 868 a
1334 838 1405 869 Deo
1429 840 1560 877 cultum,
1586 843 1676 874 toties
1701 844 1734 874 in
1748 844 1852 876 Deum
1877 856 2016 886 peccare,
2040 852 2071 878 et
2095 853 2163 878 tan-

1207 881 1340 912 tundem
1365 881 1403 912 de
1427 882 1527 922 ipsius
1553 884 1670 916 honore
1693 892 1724 917 et
1747 887 1847 927 gloria
1868 889 2054 920 detrahere:
2077 891 2160 929 quod

1206 933 1257 954 res
1280 928 1404 955 creatas
1428 925 1459 955 in
1484 926 1585 965 ipsius
1613 927 1715 959 locun]
1746 932 1987 962 substituamus.
2033 932 2159 964 Trium-

1205 966 1307 1006 phent
1337 967 1444 1007 itaque
1475 970 1617 1008 papistae
1647 970 1685 1001 de
1715 982 1772 1003 suo
1804 973 1858 1004 illo
1888 974 1975 1004 cultu
2005 979 2162 1014 quantum

1205 1009 1326 1057 volent,
1361 1014 1392 1040 et
1426 1020 1500 1041 suas
1534 1012 1649 1043 stultas
1683 1015 1846 1054 opiniones
1879 1023 2064 1056 sequantur,
2100 1018 2162 1049 Dei

1206 1052 1365 1091 sapientia
1398 1062 1463 1083 non
1495 1056 1644 1092 contenti,
1679 1067 1792 1088 verum
1825 1065 1932 1090 tamen
1962 1059 2033 1090 illos
2057 1065 2160 1091 totum

1205 1094 1266 1125 Dei
1290 1095 1412 1125 cultum
1437 1102 1467 1125 et
1497 1096 1668 1129 obscurare
1692 1104 1724 1129 et
1746 1106 1930 1139 pervertere
1954 1107 2076 1133 eertum
2102 1108 2158 1134 est.

1205 1136 1329 1168 Idcirco
1352 1137 1511 1169 Dominus
1542 1146 1649 1171 noster
1678 1141 1768 1173 Iesus
1792 1143 1942 1175 Christus
1967 1145 2015 1176 15.
2040 1145 2157 1177 Matth.

1204 1179 1387 1211 Pharisaeis
1406 1181 1629 1222 exprobrabat,
1650 1184 1720 1214 illos
1741 1185 1806 1216 suis
1820 1186 2044 1218 traditionibus
2058 1187 2159 1227 legem

1204 1222 1267 1253 Dei
1301 1222 1430 1254 violare.
1476 1224 1557 1255 Nam
1587 1226 1836 1268 quotiescunque
1865 1229 2016 1260 mortales
2043 1230 2159 1262 stultas

1204 1275 1277 1296 suas
1310 1265 1554 1305 imaginationes
1589 1269 1825 1308 amplectuntur
1857 1276 1888 1301 et
1928 1272 1961 1302 111
1997 1283 2055 1303 11811
2089 1283 2158 1304 esse

1203 1307 1325 1345 volunt,
1349 1308 1410 1339 Dei
1434 1309 1632 1341 maiestatem
1665 1312 1723 1343 sibi
1755 1313 1906 1345 vilescere
1937 1315 2014 1345 satis
2049 1321 2158 1354 aperte

1202 1354 1372 1381 testantur.
1416 1351 1461 1382 Et
1484 1362 1522 1383 ex
1546 1352 1602 1384 hoe
1632 1354 1717 1385 fonte
1748 1355 1829 1386 alius
1859 1367 1947 1387 error
1976 1363 2155 1396 promanat.

1201 1392 1285 1424 Nam
1309 1393 1362 1424 ubi
1382 1393 1442 1425 sibi
1461 1394 1521 1425 hoc
1541 1395 1753 1435 indulserunt,
1773 1398 1868 1429 etiam
1889 1398 1947 1430 sibi
1962 1400 2158 1439 persuadent

1201 1435 1271 1466 Deo
1301 1440 1429 1476 gratum
1459 1443 1686 1479 acceptumque
1722 1450 1790 1471 esse
1825 1446 1970 1481 oportere
2003 1442 2158 1482 ququuid

1201 1479 1374 1509 commenti
1396 1479 1524 1510 fuerint.
1570 1481 1658 1520 Quin
1682 1483 1776 1513 etiam
1801 1483 1940 1515 inventis
1963 1485 2030 1515 suis
2054 1490 2158 1516 tauto-

1201 1531 1275 1560 pere
1299 1521 1486 1561 gloriantur,
1516 1527 1551 1553 ut
1574 1534 1649 1563 prae
1672 1524 1735 1555 illis
1758 1525 1881 1566 reliqua
1904 1527 2013 1558 inania
2036 1527 2099 1558 sint
2124 1533 2155 1558 et

1200 1563 1313 1595 futilia.
1349 1563 1413 1595 Sed
1438 1564 1496 1596 hoc
1519 1571 1630 1597 contra
1654 1567 1825 1598 tenendum
1850 1574 1905 1606 est,
1930 1580 1982 1600 eos
2005 1569 2080 1601 licet
2092 1570 2154 1601 Dei

1200 1606 1322 1638 cultum
1354 1606 1524 1648 diligenter
1554 1608 1776 1648 observarent,
1811 1610 2018 1643 nihilominus
2046 1617 2153 1644 tamen

1200 1649 1260 1689 ipsi
1293 1650 1541 1690 permixtionem
1575 1652 1663 1683 illam
1699 1653 1871 1692 displicere.
1923 1654 2033 1694 Neque
2067 1656 2154 1686 enim

1199 1691 1306 1722 Deum
1330 1692 1433 1724 colere
1452 1693 1619 1734 quisquam
1643 1695 1701 1726 rite
1720 1700 1832 1735 potest,
1852 1696 1913 1727 nisi
1935 1697 2034 1728 verbo
2052 1697 2152 1737 ipsius

1199 1734 1232 1765 in
1256 1734 1394 1765 solidum
1419 1736 1607 1776 acquiescat.
1652 1737 1716 1776 Qui
1740 1749 1814 1769 vero
1845 1739 1930 1770 intra
1952 1739 2013 1770 hos
2036 1739 2153 1772 limites

1199 1787 1265 1808 non
1296 1788 1329 1808 se
1359 1778 1512 1815 continet,
1544 1790 1579 1810 eo
1610 1779 1738 1811 devenit
1768 1781 1950 1821 impietatis,
1986 1786 2021 1813 ut
2055 1793 2153 1822 supra

1200 1819 1304 1850 Deum
1338 1830 1448 1860 sapere
1476 1821 1630 1853 videatur.
1676 1823 1791 1854 Nonne
1821 1824 1905 1854 enim
1929 1824 1999 1855 Deo
2029 1825 2151 1856 socium

1200 1861 1275 1893 dare
1299 1867 1346 1894 est
1369 1863 1469 1903 ipsius
1493 1866 1695 1896 autoritatem
1719 1866 1857 1904 reiicere,
1881 1867 1970 1906 quasi
1995 1877 2060 1897 non
2083 1877 2151 1898 am—

1198 1905 1282 1944 plius
1305 1916 1341 1936 eo
1364 1906 1578 1946 gubernatore
1602 1912 1633 1938 et
1656 1908 1837 1948 legislatore
1856 1919 1934 1948 opus
1952 1908 2150 1941 habeamus?

1198 1947 1348 1988 Denique
1378 1959 1418 1979 ex
1449 1960 1546 1990 supra
1575 1950 1667 1981 dictis
1697 1956 1829 1991 apparet
1859 1952 2059 1983 verissimam
2083 1963 2151 1984 esse

1199 1989 1358 2022 Samuelis
1393 1991 1476 2023 hanc
1510 1993 1718 2030 sententiam,
1761 2004 1828 2024 esse
1862 1994 1950 2033 quasi
1984 1999 2151 2034 peccatum

1197 2033 1363 2071 ariolandi,
1388 2034 1535 2066 recedere
1558 2045 1576 2065 a
1600 2036 1731 2066 Domini
1754 2035 1917 2067 mandato:
1951 2046 1986 2067 ac
2018 2038 2150 2077 proinde

1197 2080 1282 2107 totus
1305 2076 1359 2107 ille
1383 2077 1488 2108 cultus
1512 2077 1643 2109 fictitius
1666 2079 1780 2109 merito
1803 2079 1992 2110 veneficium
2017 2085 2049 2110 et
2073 2080 2151 2111 divi-

1197 2119 1283 2149 natio
1307 2119 1369 2150 dici
1392 2123 1505 2159 potest.
1551 2120 1714 2160 Quidquid
1738 2121 1822 2152 enim
1846 2121 1996 2152 mortales
2022 2123 2151 2163 fingunt

1196 2165 1319 2192 certum
1349 2167 1396 2193 est
1426 2162 1465 2193 ab
1495 2167 1604 2194 autore
1635 2163 1759 2194 diabolo
1782 2164 1954 2203 proficisci:
1986 2169 2016 2195 et
2039 2175 2056 2195 a
2079 2164 2150 2196 Deo

1197 2204 1305 2244 procul
1330 2204 1477 2236 recedere
1501 2206 1554 2245 qui
1578 2206 1737 2238 doctorem
1762 2206 1850 2236 illum
1875 2206 1965 2237 audit
1988 2211 2020 2238 et
2043 2208 2150 2248 sequi-

1197 2251 1258 2277 tur.
1303 2246 1386 2278 Nam
1420 2258 1518 2287 quum
1553 2249 1670 2279 veritas
1705 2253 1736 2279 et
1770 2248 1971 2280 mendacium
2001 2250 2085 2281 inter
2115 2260 2149 2280 se

1196 2293 1352 2330 pugnent,
1387 2290 1440 2329 qui
1475 2301 1537 2321 non
1572 2291 1723 2322 adhaeret
1756 2301 1884 2331 prorsus
1913 2291 1974 2322 Dei
2009 2292 2148 2329 veritati,

1196 2333 1306 2372 procul
1331 2331 1425 2363 dubio
1449 2332 1612 2364 diabolicis
1634 2333 1836 2364 illusionibus
1859 2332 2038 2374 abducitur,
2063 2334 2148 2374 quod

1197 2374 1339 2405 diabolus
1363 2385 1424 2405 non
1449 2375 1517 2406 sine
1541 2386 1635 2407 causa
1659 2377 1841 2407 nominetur
1870 2381 1961 2416 pater
1980 2377 2147 2408 mendacii.

1197 2416 1305 2456 Quare
1337 2417 1362 2448 si
1393 2417 1431 2447 de
1460 2418 1530 2449 istis
1560 2418 1705 2449 homines
1735 2419 1817 2449 serio
1850 2419 2036 2458 cogitarent,
2070 2430 2148 2451 sane

1196 2459 1366 2490 horrerent
1394 2460 1445 2490 vel
1477 2459 1516 2490 ad
1544 2461 1643 2491 solam
1674 2461 1897 2501 cogitationem
1930 2461 2099 2493 recedendi
2130 2471 2149 2492 a

1196 2502 1292 2532 verbo
1316 2502 1387 2533 Dei.
1432 2501 1495 2534 Sed
1520 2513 1637 2539 eorum,
1662 2514 1787 2543 quaeso,
1818 2508 1981 2544 stuporem
2004 2504 2148 2536 animad-

1195 2544 1320 2581 vertite,
1344 2555 1422 2584 quos
1446 2545 1561 2575 mirum
1586 2550 1634 2576 est
1657 2546 1702 2576 ita
1725 2546 1902 2584 fascinatos,
1927 2551 1963 2577 ut
1986 2557 2049 2578 11011
2073 2557 2147 2588 pos—

1195 2588 1259 2617 sint
1282 2586 1467 2627 persuaderi
1491 2598 1523 2618 se
1547 2588 1577 2618 in
1603 2598 1708 2619 errore
1732 2589 1864 2627 versari,
1894 2599 1996 2629 neque
2027 2590 2066 2621 ab
2089 2590 2145 2621 illo

1195 2629 1323 2661 abduci:
1344 2629 1466 2669 sibique
1480 2630 1638 2670 insignem
1652 2631 1803 2662 iniuriam
1816 2632 1883 2662 fieri
1897 2638 2145 2672 conquerantur,
