2551 3044
366 200 426 230 71·.’ι

365 292 508 324 custodia
539 301 691 332 tanquam
721 293 752 323 in
784 293 912 332 specula
935 294 1129 324 constitutos
1153 293 1325 333 vigilantes

365 347 435 366 esse
471 343 607 375 oportet,
645 343 675 365 et
713 346 840 374 semper
871 344 998 375 paratos
1026 334 1065 366 ad
1101 335 1325 376 migrationem

366 380 418 408 ubi
457 379 629 417 imperator
669 379 807 408 iusserit.

366 428 478 458 vii-tus,
504 421 579 451 haec
604 420 757 451 fortitudo
780 428 811 451 et
834 421 998 452 costantia.

448 463 522 494 Huc
552 462 673 494 aceedit
697 463 779 502 quod
804 463 924 494 terreni
948 469 981 494 et
1003 463 1159 494 mundani
1180 463 1326 495 homines
1350 479 1352 490 ι

364 506 468 545 ignari
502 506 586 536 vitae
617 506 762 536 eoelestis
793 506 975 536 moriuntur
1006 506 1118 537 incerti
1149 506 1188 537 de
1222 506 1325 537 salute

1196 199 1396 232 HOMILIA
1422 200 1510 232 CVI.

858 378 948 409 Hace
982 386 1031 409 est
1065 378 1352 419 Christianorum¹

1350 452 1352 473 l

1350 518 1352 543 l

1350 552 1352 572 l

363 555 396 578 et
420 553 491 588 post
514 548 598 579 hane
630 549 730 578 vitam
754 547 863 578 sutura
887 549 1085 579 conditione:
1116 548 1225 580 fideles
1250 560 1326 580 vero
1350 575 1351 580 ,

362 601 451 630 spem
482 602 572 621 suam
606 599 765 621 testantur
788 591 821 621 in
850 590 915 622 Deo
938 593 1209 630 conquiescentes,
1241 592 1324 623 eius·
1350 611 1351 620 1

362 644 423 672 que
454 633 610 664 auxilium
642 633 765 672 placido
797 641 828 663 et
858 633 1033 673 tranquillo
1064 644 1171 665 auimo
1193 645 1324 674 exspec-

363 684 477 713 tantes,
510 676 665 715 tantisper
695 676 727 706 in
759 676 818 707 liae
848 677 987 707 statione
1017 678 1196 708 consistunt
1225 678 1325 707 donec

362 727 542 758 opportuno
574 727 716 758 tempore
746 726 929 750 evocentur.
974 719 1114 750 Mortem
1144 720 1245 760 igitur
1275 721 1324 750 in-

362 761 577 797 credulorum,
607 772 688 801 quae
719 761 888 792 hominum
917 762 1068 802 opinione
1097 772 1170 793 eum
1206 763 1324 793 virtute

361 805 533 835 coniuncta
561 812 618 834 est.
651 816 712 834 non
737 804 806 834 sine
836 815 933 835 causa
956 805 1046 836 Deus
1075 805 1270 836 condemnat
1293 813 1322 835 et
1349 809 1350 820 ¹

362 857 418 886 pro
441 856 567 877 summo
598 847 733 877 erimine
755 846 859 878 habet.
905 849 1043 878 Summa
1065 849 1150 879 enim
1175 855 1208 878 et
1232 858 1322 894 prae-

1349 639 1352 671 Ι

1348 827 1350 841 l

360 900 452 928 cipua
484 889 588 920 virtus
626 899 689 928 qua
724 897 876 937 tanquam
914 890 1122 921 fundamento
1152 891 1210 921 niti
1241 890 1322 921 aliae
1348 904 1349 926 ι

361 932 475 963 debent
509 940 558 963 est
592 931 687 966 fides
724 932 777 963 eui
809 942 882 971 spes
915 941 962 963 est
996 934 1184 968 coniuncta,
1226 944 1322 972 quam

360 975 507 1014 pioxime
543 975 708 1005 humilitas
738 976 892 1014 sequitur,
926 975 1042 1015 quibus
1067 976 1242 1006 virtutibus
1266 975 1322 1006 hu-

361 1028 493 1048 manum
527 1017 694 1057 ingenium
727 1018 868 1049 maxime
901 1019 1099 1050 contrarium
1129 1027 1185 1049 est
1239 1019 1319 1049 Nam

361 1060 444 1091 unde
464 1070 550 1091 mors
573 1060 627 1090 illa
654 1060 794 1091 violenta
813 1071 909 1100 quam
930 1061 990 1092 sibi
1011 1061 1088 1101 ipsis
1109 1061 1321 1097 consciscunt,

359 1103 422 1133 nisi
451 1114 489 1133 ex
518 1103 719 1142 impatientia
750 1110 782 1134 et
812 1104 1015 1143 arrogantia:

1346 1082 1349 1091 ,
1375 1061 1406 1091 ιιι
1431 1061 1683 1092 Philistaeorum
1715 1064 1878 1103 regionem
1911 1064 2118 1103 profugisset.

1050 1104 1141 1134 cuius
1173 1105 1220 1134 vei
1254 1105 1347 1143 ipsa3

360 1145 456 1176 verba
489 1146 597 1176 Saulis
626 1145 721 1176 fidem
753 1145 884 1183 faciunt,
914 1157 1010 1185 quum
1037 1147 1090 1181 ait,
1123 1156 1158 1176 ne
1188 1146 1347 1177 illudant*

358 1188 435 1218 milti
470 1189 522 1219 isti
558 1188 772 1220 incircumcisi.
824 1189 874 1220 Ex
915 1189 1116 1228 impatientia
1157 1189 1256 1228 igitur
1289 1196 1321 1219 et

358 1232 543 1271 arrogantia
566 1231 627 1261 sibi
647 1239 784 1262 mortem
808 1232 949 1262 inferunt
971 1231 1127 1263 inereduli
1146 1239 1177 1262 et
1196 1233 1319 1271 profani

359 1273 513 1310 homines,

2282 204 2344 235 520

1378 303 1512 324 moi-tem
1546 295 1619 324 torti
1651 301 1682 324 et
1713 297 1870 334 praesenti
1906 296 2013 327 animo
2044 297 2128 327 ferre
2158 298 2250 328 multi
2275 309 2338 330 non

1378 346 1536 373 recusant,
1562 337 1654 367 modo
1678 348 1718 368 ne
1741 338 1878 370 dedecus
1901 347 1957 370 aut.
1978 339 2188 377 ignominiam
2215 341 2339 380 patian-

1377 387 1446 410 tur:
1479 390 1581 418 neque
1605 379 1668 410 illis
1691 390 1776 412 mors
1799 389 1847 412 est
1870 381 1949 412 adeo
1973 381 2194 414 formidabilis.
2240 384 2340 422 Atqui

1378 422 1499 452 Paulus
1542 421 1661 461 aliquid
1696 423 1834 462 amplius
1867 424 2012 464 requirit,
2051 434 2169 464 nempe
2204 433 2239 456 ut
2273 435 2339 456 non

1377 466 1478 495 solum
1508 465 1591 495 ferre
1622 472 1757 496 mortem
1790 466 1900 497 fideles
1930 467 2034 506 parati
2054 467 2129 503 siut,
2161 467 2216 498 sed
2240 468 2339 499 etiam

1377 507 1541 546 quodlibet
1564 507 1715 538 infamiae
1738 515 1771 538 et.
1794 509 1958 540 dedecoris
1982 520 2084 549 genus
2108 511 2183 549 pati.
2229 510 2339 550 Atque

1378 551 1436 580 ista
1482 550 1541 580 fuit
1587 557 1773 581 sanctorum
1818 557 2000 591 martyrum
2046 552 2209 588 fortitudo.
2260 553 2340 584 haee

1378 593 1497 623 invicta
1531 593 1699 632 patientia:
1740 604 1877 633 quorum
1919 595 2062 633 vestigiis
2098 604 2156 626 nos
2190 595 2339 627 insistere

1377 634 1465 666 ‹ln-eet
1495 646 1593 674 quum
1626 646 1645 666 a
1668 635 1737 667 Deo
1768 638 1865 668 variis
1895 637 2076 668 istiusmodi
2106 638 2339 670 tentationibus

1377 678 1608 708 exercebimuiu
1654 678 1704 709 Ex
1735 680 1804 710 istis
1834 680 1934 717 igitur
1963 686 2095 719 apparet
2118 690 2181 711 non
2205 691 2274 712 esse
2297 692 2338 712 ex

1378 720 1543 751 hominum
1583 721 1734 760 opinione
1772 722 1988 757 iudicandum,
2022 723 2097 761 quid
2135 723 2252 754 bonum
2286 723 2338 755 vel

1377 764 1495 793 malunt
1534 763 1583 797 sit,
1626 774 1729 803 neque
1769 764 1809 795 ad
1850 765 1983 796 humani
2032 764 2141 797 iudicii
2182 772 2338 798 stateram

1375 806 1601 845 appendendae
1632 808 1777 842 virtutes,
1809 807 1864 838 sed
1888 807 1995 838 Deum
2018 807 2158 839 iudicem
2181 807 2339 840 advocan-

1375 848 1460 882 dum,
1490 857 1521 879 et
1551 848 1653 896 ipsius
1681 849 1797 881 iudicio
1831 855 1864 881 et
1894 850 2022 881 decreto
2052 850 2337 890 acquiescendum:

1374 894 1455 930 qnod
1481 902 1519 921 ex
1545 891 1643 930 ipsius
1667 890 1778 923 Saulis
1801 901 1903 924 morte
1926 893 2137 932 conspicuum
2160 900 2219 925 est.

1460 934 1631 964 Caeterum
1654 934 1686 964 in
1701 934 1800 966 Saule
1819 935 2065 966 memorandum
2082 936 2268 975 exemplum
2287 947 2338 968 eo-

1376 986 1445 1006 rum
1459 987 1512 1015 qui
1526 976 1672 1008 crudeles
1685 977 1817 1008 fuerunt
1836 987 1979 1017 apparet.
2006 978 2117 1018 Neque
2126 980 2213 1009 enim
2227 978 2338 1011 Saulis

1376 1029 1514 1058 uuquam
1539 1018 1662 1058 expleri
1685 1020 1789 1060 potuit
1813 1021 1950 1051 saevitia
1974 1022 2006 1051 in
2032 1020 2202 1058 Davidem,
2232 1022 2334 1054 donec

2163 1063 2234 1095 Iam
2258 1075 2335 1105 ergo

1373 1114 1449 1135 stiae
1478 1104 1678 1135 crudelitatis
1709 1115 1827 1144 poenas
1857 1107 1932 1142 luit,
1970 1106 2096 1146 sibique
2125 1106 2187 1147 ipsi
2218 1117 2334 1138 manus

1372 1147 1490 1177 inferre
1513 1147 1649 1186 cogitur.
1673 1147 1784 1187 Neque
1803 1148 1936 1180 dubium
1956 1150 2035 1188 quin
2060 1149 2120 1180 hoc
2140 1151 2222 1180 facto
2243 1149 2334 1182 Deus

1374 1197 1525 1220 testatum
1550 1190 1702 1229 voluerit,
1732 1200 1764 1222 et
1795 1197 1948 1231 tanquam
1977 1192 2011 1222 in
2034 1192 2166 1232 speculo
2189 1199 2333 1223 contem·

1345 1249 1347 1257 ι
1372 1232 1524 1271 piandum
1549 1234 1740 1272 praebuerit.
1772 1244 1826 1265 eos
1856 1235 1910 1273 qui
1934 1235 2124 1266 innocentes
2147 1236 2334 1274 persequuti

555 1273 638 1312 quod
672 1273 810 1305 dedecus
843 1280 875 1305 et
908 1275 1119 1315 ignominiam
1153 1275 1218 1314 pati
1253 1284 1317 1304 non
1344 1296 1345 1312 3

358 1317 490 1356 possint,
521 1315 653 1355 ideoque
676 1316 818 1347 maxime
840 1326 948 1348 eoram
972 1316 1042 1347 Deo
1065 1327 1134 1348 esse
1155 1317 1318 1347 abomina-
1343 1315 1345 1325 ¹

356 1359 435 1390 biles
460 1359 615 1389 videmus.
661 1358 747 1397 Quid
771 1360 817 1390 ita
840 1359 938 1390 vero?
985 1359 1108 1398 Nempe
1132 1359 1223 1390 Deus
1248 1360 1317 1389 vult

358 1412 387 1431 ιιι
416 1413 472 1432 nos
496 1402 594 1440 ipsius
618 1401 777 1432 voluntati
800 1402 1006 1433 subiicientes
1029 1413 1085 1441 per
1108 1402 1316 1440 ignominiam

357 1455 384 1474 et
411 1444 587 1474 iml'amiam
612 1444 776 1474 ambulare
800 1455 865 1474 non
888 1445 1143 1479 reformidemus,
1167 1452 1199 1475 et
1222 1455 1315 1484 quae-
1343 1456 1345 1467 ¹

357 1497 481 1526 cunque
513 1485 642 1517 tandem
666 1487 812 1518 convicia
842 1494 874 1518 et
903 1487 1058 1518 dedecora
1082 1487 1114 1517 ιιι
1139 1497 1197 1518 ιιο5
1219 1487 1316 1518 eonii·
1342 1505 1343 1512 ι

357 1530 493 1568 ciantur‚
518 1529 676 1569 patienter
699 1539 736 1559 ea
758 1530 841 1560 ferre
865 1530 1040 1562 discamus:
1065 1529 1149 1569 quod
1168 1530 1236 1569 ipse
1261 1541 1317 1561 nos
1343 1547 1344 1561 ι

358 1582 414 1602 suo
443 1571 590 1611 exemplo
613 1571 736 1602 Paulus
767 1571 867 1603 docet.
912 1573 1062 1612 Denique
1086 1572 1251 1603 humilitas
1271 1574 1315 1603 sal

358 1622 406 1645 est
436 1622 468 1645 et
491 1614 731 1645 condimentum
755 1614 952 1654 reliquarum
976 1617 1120 1646 omnium
1145 1617 1317 1646 virtutum:

357 1667 438 1696 quae
461 1657 487 1687 si
512 1656 639 1688 deficiat
663 1656 804 1696 reliquae
837 1658 972 1689 virtutes
1000 1657 1188 1689 sordescunt
1211 1668 1318 1689 eoram
1343 1677 1345 1682 ·

357 1699 428 1730 Deo
451 1707 483 1730 et
508 1699 599 1729 nihili
624 1700 714 1730 fiunt.
746 1700 784 1730 bi
807 1701 879 1739 quis
899 1701 997 1739 igitur
1021 1700 1123 1731 fidelis
1146 1701 1318 1731 imminens

357 1741 485 1781 aliquod
515 1741 626 1772 mortis
658 1742 833 1781 perieulum
871 1743 994 1780 videat,
1026 1743 1086 1773 Dei
1120 1743 1318 1773 voluntatem
1344 1765 1345 1770 ι

357 1784 480 1825 placide
499 1785 711 1824 exspectabit:
730 1794 767 1815 ac
785 1784 857 1816 lieet
877 1785 1058 1816 diuturnior
1070 1787 1113 1816 sit
1130 1785 1318 1825 exploratio,

357 1828 519 1867 patienter
553 1834 660 1857 tamen
696 1827 856 1858 tolerabit:
914 1828 997 1867 quod
1031 1829 1194 1868 singulare
1228 1829 1318 1860 testi-

358 1871 500 1901 monium
525 1879 573 1900 est
596 1869 794 1901 obedientiae
817 1880 912 1909 quam
935 1871 1005 1901 Deo
1029 1870 1163 1902 reddere
1186 1878 1319 1910 paratus

359 1921 415 1944 est.
468 1912 590 1943 Contra
619 1912 775 1943 increduli
804 1913 914 1944 statim
944 1912 1192 1950 excandescunt,
1223 1921 1255 1944 et
1285 1914 1318 1944 in

359 1955 611 1995 desperationem
636 1956 783 1993 veniunt,
809 1956 970 1996 vitamque
993 1956 1184 1996 abrumpere
1208 1957 1318 1987 nitun-

358 2006 419 2035 tur,
449 2007 544 2037 quam
575 1997 685 2029 fideles
715 2010 732 2028 ιι
755 1997 825 2029 Deo
855 2005 998 2029 creatore
1028 2004 1191 2038 acceptam
1215 1998 1318 2030 eidem

358 2040 514 2077 dedicant,
541 2047 575 2071 ut
596 2041 687 2071 euius
709 2042 880 2072 autoritate
903 2048 935 2072 et
953 2042 1096 2081 potentia.
1114 2049 1316 2081 acceperunt,

359 2082 502 2114 eiusdem
533 2084 628 2113 etiam
660 2084 749 2114 iussu
781 2082 952 2123 deponant.
999 2083 1079 2115 Inde
1113 2086 1149 2115 fit
1183 2089 1220 2115 ut
1253 2095 1319 2114 non

359 2131 548 2157 moveantur
583 2125 678 2156 variis
708 2125 851 2164 obiectis,
881 2137 962 2166 quae
993 2126 1175 2158 incredulos
1199 2127 1320 2174 praeci-

359 2169 463 2208 pitant
486 2169 518 2198 in
543 2167 808 2207 desperationem,
838 2177 914 2208 puta
937 2168 1099 2205 dedecore,
1131 2169 1318 2210 ignominia,
1343 2193 1345 2202 ι

359 2219 390 2242 et
413 2210 484 2242 aliis
512 2210 702 2247 istiusmodi,
736 2222 817 2251 quae
840 2211 903 2242 Dei
932 2211 1153 2252 providentiae
1175 2213 1320 2244 commit-

359 2262 447 2285 tunt:
489 2253 666 2293 quamlibet
706 2254 918 2294 ignominiam
958 2259 990 2286 et
1033 2254 1171 2286 dedecus
1210 2264 1318 2285 coram

360 2296 545 2327 hominibus
575 2302 805 2336 postponentes
834 2296 882 2327 illi
912 2297 1032 2337 gloriae
1063 2307 1158 2337 quam
1186 2308 1227 2328 ex
1259 2297 1319 2328 Dei

358 2344 530 2378 conspectu
552 2345 583 2369 et
601 2339 789 2379 angelorum
810 2340 992 2379 praesentia
1015 2344 1157 2380 sperant.
1198 2340 1318 2379 Quare,

360 2382 520 2421 inquiunt,
558 2383 583 2412 si
623 2392 673 2413 me
702 2381 791 2412 Deus
826 2389 959 2422 propter
992 2392 1123 2422 peecata
1157 2382 1225 2414 vult
1260 2382 1320 2413 hac

361 2425 482 2455 ratione
513 2425 629 2463 puniri,
659 2425 685 2454 si
710 2425 829 2464 raptari
853 2425 886 2455 in
910 2435 1016 2461 coeno,
1045 2426 1072 2456 si
1095 2424 1184 2456 mille
1206 2432 1320 2456 contu-

361 2466 466 2498 meliis
499 2466 602 2505 obrui,
633 2466 843 2498 nihilominus
874 2469 1034 2508 patienter
1067 2468 1176 2499 omnia
1209 2467 1319 2505 feram,

361 2517 393 2540 et
423 2509 455 2539 iu
478 2508 541 2540 Dei
571 2508 696 2541 iudiciis
725 2510 957 2549 conquiescam.
1003 2510 1110 2550 Atque
1134 2510 1193 2542 hoc
1216 2511 1320 2550 ipsum

363 2551 482 2582 Paulus
502 2550 594 2583 docet
612 2551 651 2583 de
665 2553 913 2592 persequutione
926 2553 976 2584 vel
991 2553 1164 2585 afflictione
1177 2552 1320 2593 loquens,

363 2593 514 2625 nimirum
544 2604 607 2625 non
631 2599 756 2626 tantum
789 2595 956 2633 cruciatus,
985 2595 1040 2627 sed
1063 2596 1159 2627 etiam
1183 2595 1320 2636 ignomi-

363 2637 449 2668 niam
489 2636 664 2669 ferendam.
721 2637 808 2677 Quid
841 2639 894 2669 -ita
930 2638 1026 2670 vero?
1078 2638 1203 2679 Nempe
1235 2637 1320 2678 quod

1372 1275 1498 1309 fuerint,
1530 1283 1560 1305 et
1583 1277 1661 1314 ipsis
1685 1277 1795 1307 iniurii
1822 1277 1953 1313 fuerint,
1978 1288 2042 1307 non
2055 1279 2186 1316 impune
2202 1277 2332 1309 laturos.

1373 1318 1458 1348 Sane
1482 1329 1545 1348 non
1569 1328 1680 1349 omnes
1702 1319 1845 1350 violenta
1868 1326 1971 1351 morte
1989 1319 2078 1359 quali
2097 1320 2178 1351 Saul
2196 1320 2333 1352 interire

1371 1360 1487 1391 fateor:
1513 1369 1738 1392 verumtamen
1749 1372 1790 1392 ex
1809 1363 1870 1393 hoc
1887 1364 2036 1402 exemplo
2056 1362 2273 1402 colligendum
2286 1372 2335 1394 est

1370 1403 1520 1441 generale
1548 1403 1686 1440 axioma,
1718 1403 1825 1435 Deum
1857 1406 2030 1444 impiorum
2062 1405 2230 1436 hominum
2259 1415 2333 1436 eru-

1371 1446 1454 1476 delia
1477 1447 1559 1477 facta
1590 1447 1623 1476 in
1655 1446 1752 1477 libros
1775 1458 1848 1478 suos
1881 1448 2008 1481 referre.
2041 1454 2071 1478 et
2103 1447 2234 1478 tandem
2258 1458 2333 1488 quo-

1370 1499 1496 1528 cunque
1520 1489 1613 1519 modo
1635 1489 1666 1519 id
1691 1491 1748 1520 fiat
1771 1500 1892 1528 poenas
1920 1490 2052 1521 meritas
2075 1489 2115 1521 ab
2138 1491 2218 1530 ipsis
2241 1501 2332 1530 repe—

1371 1538 1447 1562 tere.
1472 1531 1581 1562 Iustus
1605 1533 1688 1562 enim
1712 1542 1839 1571 semper
1863 1533 1952 1564 Deus
1975 1540 2032 1568 est
2057 1534 2116 1564 etsi
2135 1543 2200 1564 uon
2219 1533 2332 1565 eadem

1371 1574 1507 1613 singulis
1532 1584 1683 1605 mensura
1705 1584 1763 1606 sua
1782 1575 1900 1607 iudicia
1917 1575 2108 1606 admetitur:
2133 1576 2228 1616 longe
2241 1575 2332 1608 dissi-

1371 1617 1454 1647 milis
1490 1617 1628 1647 terrenis
1662 1616 1820 1648 iudicibus
1853 1618 1906 1657 qui
1941 1618 2020 1649 alios
2054 1620 2213 1658 puniunt,
2253 1619 2332 1650 alios

1371 1660 1480 1698 poeuis
1505 1659 1652 1690 eximunt
1672 1659 1816 1691 eiusdem
1834 1661 1980 1691 criminis
1999 1671 2085 1692 reos:
2111 1661 2190 1692 alios
2214 1662 2247 1692 ιιι
2260 1662 2331 1693 vin-

1369 1703 1440 1733 cula
1452 1703 1634 1738 coniiciunt
1659 1702 1737 1734 ahos
1749 1710 1927 1742 impunitos
1945 1703 2146 1743 relinquunt:
2171 1703 2227 1734 sed
2241 1705 2331 1736 Deus

1370 1751 1484 1775 natura
1509 1745 1704 1776 iustissimus
1727 1750 1760 1776 et
1782 1746 2006 1786 aequissimus,
2030 1747 2138 1777 omnia
2161 1747 2331 1778 malefacta

1370 1788 1462 1826 punit
1496 1788 1570 1819 licet
1603 1799 1665 1819 non
1701 1788 1814 1819 eodem
1850 1799 1978 1829 semper
2018 1799 2138 1829 genere
2170 1790 2329 1830 supplicii.

1370 1830 1471 1860 Porro
1495 1831 1627 1861 Saulem
1652 1831 1755 1870 prima
1778 1832 1882 1862 fronte
1913 1832 1999 1863 dicas
2022 1832 2085 1863 Dei
2110 1842 2174 1863 non
2197 1842 2331 1872 prorsus

1369 1873 1513 1911 oblitum,
1547 1884 1625 1904 suae
1658 1874 1823 1914 religionis
1857 1874 2078 1906 testimonium
2107 1875 2202 1906 edere
2231 1885 2332 1915 quum

1370 1917 1493 1953 metuit,
1522 1926 1559 1947 ne
1588 1917 1799 1947 iiie-&cummisi
1827 1917 1891 1955 ipsi
1920 1917 2055 1948 illudant
2083 1920 2214 1956 mortuo,
2244 1917 2330 1957 quod

1371 1958 1503 1997 perinde
1526 1965 1576 1989 est
1599 1969 1635 1990 ae
1657 1960 1683 1990 si
1709 1958 1804 1990 hodie
1826 1959 1911 1990 idem
1942 1959 1981 1991 de
2003 1960 2117 1991 'Pureis
2140 1966 2172 1991 et
2195 1961 2331 2000 paganis

1371 2001 1556 2032 diceremus.
1603 2001 1812 2033 Circumcisio
1843 2002 1929 2033 enim
1955 2002 2084 2033 Iudaeis
2113 2002 2190 2033 olim
2213 2002 2246 2033 id
2269 2003 2331 2033 fuit

1371 2043 1454 2081 quod
1478 2043 1572 2074 hodie
1593 2044 1684 2076 nobis
1709 2044 1896 2084 baptismus.
1930 2044 2094 2076 Increduli
2117 2046 2205 2076 enim
2228 2044 2331 2076 aDeo

1371 2086 1466 2116 alieni
1506 2087 1720 2118 incircumcisi
1763 2097 1819 2126 per
1859 2094 2080 2127 contemptum
2121 2087 2332 2126 vocabantur,

1371 2129 1463 2167 quasi
1488 2128 1625 2168 pollutos
1648 2136 1680 2160 et
1703 2130 1886 2160 immundos
1914 2129 2010 2161 dieas.
2056 2129 2136 2161 Saul
2161 2130 2260 2170 igitur
2283 2131 2331 2162 in-

1371 2171 1573 2203 circumcisos
1596 2172 1800 2203 abominatus
1823 2171 1954 2203 videtur
1977 2173 2010 2203 in
2034 2173 2222 2204 memoriam
2235 2183 2330 2205 revo-

1370 2223 1458 2244 casse
1490 2224 1571 2253 quae
1603 2215 1638 2245 in
1669 2214 1802 2246 Domini
1836 2215 1906 2254 lege
1939 2214 2052 2246 doctus
2087 2217 2198 2253 fuerat,
2231 2225 2330 2256 seque

1371 2256 1539 2295 agnovisse
1569 2267 1609 2288 ex
1640 2257 1819 2288 Abrahami
1849 2258 1984 2297 posteris
2014 2269 2092 2294 esse,
2123 2264 2155 2289 et
2178 2258 2330 2290 eeclesiae

1371 2298 1566 2329 membrum:
1603 2310 1698 2339 quam
1729 2300 1769 2331 ob
1798 2310 1928 2331 causam
1959 2300 2053 2331 multi
2083 2301 2201 2332 factum
2227 2300 2330 2341 ipsius

1371 2352 1524 2372 excusare
1547 2343 1704 2373 nituntur.
1729 2342 1817 2374 Sane
1835 2343 1869 2373 in
1888 2343 1989 2382 ipsius
2009 2349 2146 2374 mortem
2163 2343 2329 2384 scrupulo-

1371 2384 1437 2414 sius
1460 2384 1688 2423 inquirendum
1712 2395 1775 2416 non
1800 2392 1864 2416 est:
1888 2385 1943 2415 sed
1962 2385 2033 2416 Deo
2056 2385 2156 2417 iudici
2175 2386 2256 2418 Saul
2279 2397 2330 2418 re-

1371 2425 1566 2466 linquendus
1589 2434 1651 2458 est:
1678 2434 1900 2459 verumtamen
1922 2427 1985 2459 Dei
2008 2428 2163 2460 iudicium
2186 2428 2273 2468 quod
2295 2429 2330 2460 in

1371 2469 1440 2499 eius
1470 2476 1573 2500 morte
1610 2469 1700 2501 nobis
1733 2471 1923 2510 proponitur
1958 2469 2242 2511 contemplandum
2272 2478 2331 2510 est,

1371 2519 1404 2542 et
1427 2521 1508 2550 quae
1533 2513 1623 2543 Deus
1652 2523 1722 2544 esse
1753 2512 1879 2544 occulta
1902 2513 2005 2544 voluit.
2036 2513 2257 2554 relinquenda
2287 2525 2330 2546 ne

1372 2553 1512 2584 niminae
1523 2555 1772 2593 praesumtionis
1780 2565 1982 2586 accusemur:
1995 2555 2051 2588 sed
2060 2566 2172 2587 eorum
2182 2556 2331 2596 exemplo

1371 2595 1561 2644 sapiendum
1590 2608 1671 2637 quos
1701 2599 1784 2630 ferre
1809 2607 1928 2638 poenas
1959 2598 2106 2630 videmus
2135 2598 2249 2640 dignas
2271 2609 2332 2631 sua

1372 2639 1555 2670 curiositate
1578 2650 1658 2680 quae
1681 2641 1818 2672 rimatur
1840 2651 1877 2672 ea
1899 2651 1980 2681 quae
2002 2641 2123 2673 nullius
2145 2648 2223 2673 sunt
2245 2641 2331 2674 aedi-
