2551 3044
149 191 211 221 485·

151 285 256 325 emplo
270 284 408 316 Davidis
427 284 668 326 magistratibus
688 284 743 323 qui
763 284 898 315 debetur
915 284 993 324 ipsis
1017 283 1113 314 hono-

151 339 218 359 rem
258 327 385 359 habere.
442 327 525 358 Nam
560 328 586 358 si
621 326 728 357 David
764 326 932 358 obscuram
964 326 1111 357 umbram

150 371 242 411 regni
275 370 406 401 Domini
437 369 537 400 nostri
566 369 639 400 Iesu
663 368 785 400 Christi
817 369 898 399 tanti
928 368 1018 406 fecit,
1049 378 1112 408 quo

151 423 210 444 nos
244 412 364 444 honore
398 411 547 452 prosequi
582 411 671 442 decet
705 410 799 442 hodie
833 412 1042 451 magistratus
1080 415 1113 441 et

150 454 334 495 principes?
369 454 478 493 Quare
501 464 558 485 nos
572 454 641 485 Deo
664 458 749 484 totos
769 454 1005 493 permittamus,
1030 453 1113 494 regi-

150 508 212 538 que
251 507 308 528 nos
349 497 505 533 sciamus,
540 506 604 527 non
639 496 770 535 quidem
805 496 845 527 ad
879 496 1021 527 triduum
1057 500 1112 526 aut

148 539 363 580 quatriduum,
386 543 430 569 ut-
441 539 518 569 olim
531 538 611 570 Saul
631 539 785 579 populum
805 539 908 569 rexit:
932 538 987 569 sed
1010 548 1110 578 quan—

149 580 319 622 doquidem
341 591 477 621 regnum
501 581 603 621 ipsius
627 586 676 612 est
699 586 902 621 perpetuum,
934 586 964 611 et
989 581 1040 612 hic
1063 585 1112 611 est

147 633 261 664 scopus
290 623 329 654 ad
360 633 454 663 quem
485 623 712 655 collimandum
741 629 797 659 est,
827 629 858 655 et
881 624 977 655 unica
1000 628 1110 654 nostra

145 666 281 698 felicitas
311 672 341 696 et
376 666 551 705 perfectum
581 666 746 707 gaudium,
776 666 938 697 diseamus
969 666 1109 705 nosipsi

146 719 209 740 non
244 709 275 739 vi
310 714 364 739 aut
398 714 487 740 metu
520 708 658 749 quodam
688 709 862 740 subiicere:
898 708 952 739 sed
986 709 1110 739 sincero

145 750 261 782 animo.
318 751 491 782 Caeterum
530 762 593 782 non
629 751 743 782 leviter
778 751 1012 791 praetereunda
1046 761 1109 781 vox

144 793 200 825 illa
231 793 384 825 Davidis:
417 793 579 832 Propitius
608 794 648 825 sit
678 793 758 824 mihi·
781 794 947 832 Dominus,
977 804 1017 824 ex
1048 803 1110 833 qua

144 836 298 868 discimus
338 846 397 867 nos
437 841 551 876 sponte
584 837 696 876 iugum
731 837 815 876 quod
850 837 939 868 Deus
971 835 1110 876 imponit

145 878 340 916 subeuntes,
381 885 412 909 et-
446 879 687 919 magistratibus
718 890 797 919 quos
832 878 924 910 nobis
956 878 1110 919 praefecit

146 922 232 952 ultro
266 931 388 952 morem
423 926 583 961 gerentes,
618 925 649 952 et
683 922 874 962 simpliciter
909 922 1107 953 vocationem

143 964 278 1004 quisque
297 973 388 995 suam
407 968 586 1003 sequentes,
600 964 670 995 Deo
689 970 835 1004 acceptos
854 964 932 1000 fore,
955 969 987 995 et
1002 964 1107 1004 ipsum

144 1007 178 1037 in
191 1006 282 1038 nobis
295 1010 516 1047 regnaturum,
538 1007 668 1046 suisque
680 1006 843 1038 beneficiis
856 1007 1108 1037 cumulaturum.

142 1049 192 1080 Ne
222 1049 405 1080 dubitemus
438 1049 538 1090 igitur
567 1050 644 1089 quin
681 1060 740 1080 nos
770 1049 840 1081 Deo
874 1049 998 1090 placide
1032 1048 1107 1080 sub-

142 1092 317 1130 mittentes,
347 1091 523 1132 iugumque
545 1092 646 1132 ipsius
670 1092 817 1129 ferentes,
848 1102 953 1132 neque
975 1091 1106 1123 recalci—

142 1138 266 1165 trantes
296 1138 334 1165 ut
363 1134 467 1165 solent
491 1136 562 1174 equi
586 1135 755 1172 calcitrosi,
784 1135 884 1176 ipsius
906 1135 1051 1166 favorem
1076 1139 1107 1165 et

143 1176 399 1208 benevolentiam
419 1178 633 1217 experiamur.
668 1178 714 1208 At
732 1178 758 1208 si
778 1178 888 1209 fideles
908 1177 1105 1218 magistrati-

141 1220 200 1251 bus
223 1229 301 1260 quos
325 1220 402 1259 ipsis
424 1220 577 1260 praefecit
600 1219 784 1252 obedientes
807 1220 898 1251 Deus
922 1221 987 1251 suis
1012 1220 1106 1251 bene-

141 1262 221 1293 ficiis
244 1262 351 1300 afficit,
381 1263 456 1302 quid
480 1263 626 1293 futurum
649 1269 697 1294 est
720 1273 822 1303 quum
846 1263 979 1294 Domini
1003 1262 1104 1294 nostri

139 1304 215 1336 Iesu
247 1304 371 1337 Christi
399 1306 497 1345 pedes
526 1305 661 1337 osculati
691 1305 864 1342 fuerimus,
902 1316 1039 1346 eumque
1070 1309 1105 1335 ut

139 1357 249 1388 regem
279 1347 516 1388 agnoverimus,
546 1348 640 1388 eique
663 1359 720 1380 nos
743 1348 900 1388 regendos
922 1347 1104 1388 permiseri-

113 1415 123 1421 ,
139 1389 234 1421 mus?
270 1389 364 1429 Quae
386 1389 542 1422 beneficia
563 1391 754 1423 collaturum
778 1392 885 1432 ipsum
909 1390 1106 1422 arbitramur

138 1432 172 1463 in
202 1442 256 1464 eos
287 1432 343 1473 qui
372 1443 461 1473 spem
485 1444 612 1465 omnem
636 1444 727 1465 suam
751 1434 785 1465 in
806 1435 874 1474 ipso
897 1432 1104 1465 collocarint?

141 1475 362 1515 Quamobrem
385 1486 484 1516 quum
509 1486 566 1508 nos
585 1476 676 1508 Deus
695 1477 854 1518 evangelii
873 1476 1105 1517 praedicationi

142 1518 213 1549 vult
242 1518 365 1555 subiici,
394 1522 425 1549 et
455 1520 595 1550 cervices
624 1519 725 1559 ipsius
747 1520 825 1560 iugo
848 1519 1045 1556 submittere,
1069 1528 1105 1549 ac

139 1571 174 1592 re
202 1561 270 1601 ipsa
299 1561 410 1592 testari
441 1572 499 1593 nos
527 1572 597 1593 esse
624 1562 685 1602 ipsi
716 1562 870 1603 populum
900 1561 1040 1594 dicatum
1065 1561 1104 1592 ad

139 1603 342 1635 serviendum
367 1603 432 1635 filio
456 1604 559 1644 ipsius
582 1608 738 1644 tanquam
761 1605 831 1646 regi
855 1609 885 1636 et
909 1604 1103 1636 dominatori

138 1652 259 1683 nostro,
290 1646 431 1678 Domino
458 1647 533 1679 Iesu
563 1647 706 1685 Christo,
737 1658 779 1679 ne
809 1647 993 1679 dubitemus
1024 1648 1101 1688 quin

138 1688 240 1721 modis
273 1689 423 1721 omnibus
456 1700 548 1721 suam
583 1700 659 1731 erga
693 1701 752 1722 nos
782 1690 1040 1722 benevolentiam
1071 1695 1103 1721 et

137 1732 281 1763 favorem
312 1731 520 1764 demonstret.
565 1733 688 1764 Contra
717 1743 797 1765 vero
826 1733 965 1765 sciamus
991 1737 1102 1764 contu-

137 1784 244 1806 maces
262 1779 294 1806 et
312 1778 510 1815 arrogantes,
534 1779 566 1807 et
583 1776 785 1816 superiorum
805 1776 1001 1816 dignitatum
1019 1776 1102 1807 ferre

136 1818 248 1858 iugum
289 1817 503 1850 detrectantes
542 1818 674 1849 tandem
709 1818 744 1849 in
777 1819 915 1850 exitium
949 1819 1101 1858 ruituros,

136 1860 286 1900 quoniam
317 1870 370 1891 eos
394 1861 455 1892 Dei
485 1861 628 1893 vindicta
651 1862 866 1901 persequitur,
895 1861 977 1901 quod
1001 1862 1103 1902 ipsius

136 1902 330 1934 ordinationi
349 1904 517 1935 resistant:
542 1903 812 1944 quemadmodum
837 1909 867 1935 et
887 1904 1009 1936 Paulus
1032 1905 1101 1936 loco

136 1950 211 1977 ante
245 1946 340 1977 citato
374 1946 535 1984 admonet,
568 1947 638 1978 fieri
670 1957 735 1978 non
762 1957 855 1987 posse
885 1948 961 1987 quin
993 1948 1014 1978 ii
1045 1947 1101 1987 qui

135 1987 206 2020 Deo
228 1989 348 2021 bellum
371 1988 524 2028 inferunt,
547 1989 728 2021 mercedem
751 2000 841 2021 suam
865 1990 1038 2030 recipiant:
1069 1993 1101 2021 et

137 2031 215 2072 quin
237 2042 272 2063 re
295 2032 365 2072 ipsa
388 2031 518 2063 tandem
542 2036 695 2073 appareat
717 2032 803 2072 ipsos
825 2032 980 2065 adversus
993 2032 1100 2064 Deum

137 2074 270 2106 rebelles
290 2074 398 2106 fuisse.
432 2075 627 2106 Praesertim
651 2085 728 2106 vcro
750 2086 792 2106 ne
815 2075 998 2107 dubitemus
1021 2076 1099 2115 quin

136 2117 298 2149 horrenda.
332 2117 392 2148 Dei
428 2118 571 2149 vindicta
604 2122 736 2149 maneat
770 2128 823 2149 eos
857 2119 910 2157 qui
942 2118 1099 2149 adversus

137 2159 317 2191 Dominum
347 2164 494 2191 nostrum
518 2160 626 2191 Iesum
651 2160 819 2192 Christum
852 2161 1099 2192 insurrexerint.

136 2202 245 2242 Quare
274 2213 375 2243 quum
405 2202 515 2234 hostes
546 2203 710 2243 religionis
736 2203 858 2234 rabiem
882 2214 972 2234 suam
997 2209 1029 2234 et
1051 2204 1098 2234 fu·
1125 2221 1127 2232 r

136 2255 241 2277 rorem
270 2244 458 2285 despumare
482 2245 668 2284 viderimus,
690 2255 727 2276 ac
750 2246 873 2277 coelum
897 2252 1000 2277 terrae
1025 2247 1099 2277 mis--

135 2298 207 2321 cere
234 2288 327 2325 velle,
357 2288 518 2328 patienter
540 2288 603 2319 Dei
634 2287 809 2320 vindictam
839 2288 993 2321 adversus
1016 2290 1100 2329 ipsos
1126 2314 1127 2324 ,

135 2335 372 2372 exspectemus:
407 2336 439 2362 et
472 2341 512 2362 ne
546 2331 731 2362 dubitemus
763 2332 840 2371 quin
871 2331 1009 2363 Davidis
1039 2333 1101 2362 ista

136 2374 277 2414 precatio
306 2384 324 2405 a
354 2373 543 2413 prophetico
574 2374 687 2413 spiritu
711 2374 865 2414 profecta,
895 2375 938 2405 sit
960 2381 1046 2406 certa
1070 2380 1101 2405 et

136 2415 354 2448 irrevocabilis
381 2415 516 2447 Domini
549 2416 712 2448 sententia
742 2416 913 2448 adversum
945 2417 1100 2456 infideles,

137 2459 227 2491 cuius
249 2459 398 2490 effectum
422 2469 480 2490 suo
502 2464 647 2498 tempore
669 2459 820 2491 sentiant.

222 2500 313 2540 Quae
350 2501 499 2541 deinceps
540 2506 739 2541 sequuntur:
780 2502 936 2534 Davidem
972 2507 1127 2537 suorum}

139 2543 259 2575 animos
286 2544 432 2584 fregisse,
464 2544 568 2576 maius
602 2549 678 2576 sunt
711 2545 843 2576 virtutis
877 2546 977 2585 ipsius
1010 2545 1127 2576 testi-1

139 2586 299 2617 monium:
330 2586 357 2617 si
387 2587 576 2626 praesertim
600 2587 858 2619 circumstantias
881 2598 993 2619 omnes
1016 2588 1098 2619 cala-

139 2628 287 2659 mitatum
307 2629 421 2669 quibus
439 2629 626 2670 urgebatur,
648 2629 866 2670 inspiciamus.
902 2630 985 2661 Nam
1004 2631 1098 2671 pauci

786 191 832 222 IN
855 191 880 222 1.
905 190 994 222 LIB.
1018 190 1215 222 SAMUEL.
1240 193 1337 224 (JAP.
1362 192 1490 224 XXIV.

2064 196 2127 226 490

1165 286 1399 318 comitabantur
1418 288 1523 328 ipsum
1544 288 1677 320 milites:
1697 288 1753 319 sed
1773 288 1883 329 quales
1902 287 1985 319 viri?
2009 288 2126 329 Egeni,

1164 327 1276 367 inopes
1310 335 1339 360 et
1373 331 1514 370 oppressi
1550 341 1621 362 aere
1655 331 1770 367 alieno,
1805 335 1839 362 ut
1867 336 1942 362 ante
1973 330 2124 368 vidimus,

1164 380 1242 408 quos
1273 371 1305 402 in
1336 373 1420 403 diem
1451 374 1562 404 vivere
1586 373 1762 414 oportebat,
1792 379 1828 404 ut
1852 373 2002 413 deinceps
2025 373 2126 413 pluri-

1163 412 1221 443 bus
1251 413 1442 445 videbimus.
1488 416 1622 447 Davidis
1645 422 1752 447 autem
1776 417 1932 447 autoritas
1954 426 2018 447 non
2042 416 2125 447 tanti

1163 461 1231 485 erat
1250 457 1334 495 apud
1359 458 1451 497 ipsos,
1476 459 1529 497 qui
1555 459 1697 489 nondum
1723 459 1826 490 fuerat
1852 459 2026 498 imperator
2049 469 2124 490 con-

1162 497 1311 534 stitutus,
1348 510 1448 539 neque
1482 502 1513 531 in
1549 502 1655 541 regiae
1690 501 1856 541 dignitatis
1889 501 2124 541 possessionem

1163 539 1267 586 adhuc
1301 542 1427 573 missus.
1490 545 1537 574 Ac
1572 544 1644 574 licet
1676 550 1829 584 tanquam
1861 543 1924 575 dux
1960 549 2123 584 praeesset

1162 583 1249 620 ipsis,
1281 588 1389 614 tamen
1414 596 1509 624 quum
1535 587 1642 626 populi
1667 587 1827 618 sententia
1850 585 1996 626 publicus
2020 586 2124 618 hostis

1163 623 1343 664 haberetur,
1368 637 1430 657 non
1455 635 1577 668 poterat
1602 629 1660 659 sibi
1685 630 1805 670 regiam
1828 630 1860 660 in
1884 629 1955 660 illos
1978 634 2121 669 potesta-

1162 670 1226 697 tem
1265 668 1420 707 tribuere,
1459 670 1512 701 sed
1544 671 1726 703 volentibus
1755 672 1943 713 imperabat.
1994 671 2122 702 Deinde

1163 719 1260 748 quum
1282 721 1384 742 novae
1403 712 1538 744 subinde
1557 713 1760 745 difficultates
1779 715 1990 750 exorirentur,
2011 720 2120 754 potue-

1163 760 1237 782 runt
1274 753 1318 783 illi
1351 755 1382 785 iu
1413 755 1517 794 ipsum
1551 756 1654 787 facere
1689 757 1853 796 impetum,
1887 762 1919 788 et
1952 757 2120 788 incautum

1163 795 1335 835 trucidare,
1369 802 1404 827 ut
1436 798 1531 829 malis
1558 799 1623 829 suis
1653 800 1751 830 finem
1782 799 1878 831 semel
1910 800 2121 839 imponerent.

1163 836 1246 867 Nam
1285 849 1383 878 quum
1414 839 1536 871 hostem
1569 852 1660 872 suum
1694 841 1798 873 David
1831 853 1847 873 e
1878 842 2026 873 manibus
2056 843 2122 873 suis

1162 879 1352 911 ineolumem
1373 881 1555 921 dimisisset,
1577 894 1684 914 nonne
1704 884 1894 916 videbantur
1915 884 1961 915 illi
1981 885 2119 925 gratiam

1162 921 1271 954 Saulis
1301 924 1424 962 inituri,
1459 930 1490 956 et
1519 926 1713 957 occasionem
1744 928 1902 967 accepturi
1937 937 1970 958 se
2002 937 2041 958 ex
2073 932 2119 958 tot

1161 966 1312 1004 periculis
1332 968 1428 998 semel
1450 967 1605 999 liberandi
1632 969 1756 1000 Davide
1781 970 1971 1001 interfecto?
2003 969 2118 1001 Nonne

1160 1008 1205 1039 illi
1238 1009 1443 1041 timiditatem
1474 1011 1608 1042 obiicere
1638 1017 1795 1052 poterant,
1827 1023 1906 1052 quae
1937 1012 2115 1053 periculum

1159 1058 1281 1082 crearet
1305 1052 1408 1091 ipsum
1433 1054 1667 1091 comitantibus,
1697 1060 1728 1085 et
1751 1066 1851 1086 novas
1875 1055 2010 1086 subinde
2034 1055 2116 1086 diffi-

1159 1094 1293 1125 cultates
1315 1095 1514 1127 attraheret?
1560 1096 1676 1127 Nonne
1699 1098 1850 1137 perfidiae
1874 1107 2033 1135 accusare,
2061 1097 2117 1138 qui

1158 1137 1295 1168 oblatam
1313 1138 1509 1169 occasionem
1535 1149 1603 1169 sese
1625 1144 1657 1170 et
1678 1150 1750 1170 suos
1774 1141 1805 1171 in
1830 1140 2007 1171 libertatem
2032 1150 2117 1172 asse-

1158 1179 1250 1210 rendi
1283 1181 1527 1212 contemneret?
1584 1181 1728 1213 Profecto
1761 1193 1825 1213 non
1861 1193 1972 1222 parum
2007 1183 2118 1214 abesse

1159 1222 1350 1253 videbantur
1368 1223 1569 1266 ahseditione,
1593 1234 1654 1263 qua
1676 1225 1838 1256 excaecati
1861 1231 1892 1256 et
1915 1226 2021 1256 furore
2044 1235 2117 1265 per·

1158 1265 1213 1295 citi
1238 1265 1354 1296 Davidi
1386 1276 1500 1297 manus
1523 1266 1682 1297 violentas
1705 1267 1900 1299 intulissent.
1946 1267 2029 1298 Nam
2053 1278 2116 1307 quo

1159 1317 1222 1338 non
1251 1308 1389 1347 impellit
1417 1308 1562 1340 homines
1592 1309 1795 1349 desperatio?
1841 1309 1949 1349 Quare
1980 1310 2116 1341 Davidis

1158 1351 1372 1382 constantiam
1422 1357 1453 1382 et
1492 1352 1790 1392 magnanimitatem
1832 1357 1921 1383 tanto
1961 1353 2114 1384 maiorem

1158 1394 1256 1424 fuisse
1275 1398 1417 1434 apparet,
1438 1398 1556 1434 quanto
1575 1395 1747 1426 maioribus
1767 1394 2009 1426 difficultatibus
2027 1406 2115 1436 pres-

1158 1446 1222 1474 sus,
1255 1445 1321 1467 non
1352 1440 1458 1468 tamen
1490 1437 1573 1468 flecti
1602 1437 1704 1477 potuit
1733 1441 1769 1468 ut
1797 1448 1927 1469 suorum
1957 1437 2116 1469 voluntati

1158 1478 1294 1515 cederet,
1317 1478 1391 1510 licet
1415 1490 1485 1510 eum
1511 1479 1660 1511 dentibus
1684 1485 1714 1511 et
1737 1480 1900 1521 unguibus
1923 1480 2115 1520 discerpturi

1158 1521 1361 1562 viderentur,
1396 1522 1449 1562 qui
1484 1522 1522 1553 ab
1556 1523 1625 1562 ipso
1658 1522 1697 1553 ad
1732 1522 1891 1554 lanienam
1925 1533 1995 1554 sese
2028 1523 2114 1554 trahi

1157 1564 1407 1596 arbitrabantur.
1452 1565 1576 1596 Verum
1600 1566 1731 1605 agnovit
1753 1564 1859 1596 David
1883 1576 1948 1596 non
1971 1571 2036 1597 tam
2059 1565 2114 1597 ad-

1158 1617 1271 1639 versus
1309 1607 1454 1638 inimicos
1492 1617 1587 1648 quam
1627 1608 1780 1639 adversus
1813 1608 1914 1639 socios
1947 1618 2022 1640 suos
2055 1608 2114 1640 sibi

1155 1649 1378 1690 pugnandum.
1423 1649 1528 1690 Quam
1556 1650 1723 1682 materiam
1755 1650 1827 1690 quia
1857 1661 1921 1681 non
1944 1661 2114 1691 possumus

1154 1693 1188 1724 in
1218 1693 1400 1732 praesentia
1427 1693 1572 1732 pluribus
1595 1693 1752 1733 persequi,
1783 1692 1943 1724 diseamus
1965 1693 2114 1733 exemplo

1154 1735 1309 1773 Davidis,
1348 1735 1553 1767 instiusmodi
1590 1734 1818 1766 tentationibus
1857 1736 2112 1768 occurrentibus:

1153 1778 1280 1809 fortiter
1298 1778 1407 1818 pravis
1426 1777 1573 1809 omnibus
1592 1778 1731 1809 consiliis
1750 1778 1908 1816 resistere,
1931 1783 1962 1809 et
1985 1778 2114 1810 temeri-

1154 1821 1213 1852 tati
1232 1820 1389 1852 malorum
1409 1820 1626 1852 consultorum
1646 1820 1686 1851 ad
1704 1821 1800 1852 finem
1827 1831 1927 1861 usque
1951 1821 2112 1859 reluctari,

1153 1863 1213 1894 etsi
1236 1863 1284 1894 illi
1307 1864 1383 1895 socii
1407 1864 1481 1900 sint,
1512 1868 1543 1894 et
1566 1863 1706 1903 ipsorum
1730 1863 1874 1903 opinioni
1894 1863 2113 1895 contradicere

1153 1906 1324 1937 molestum
1354 1906 1405 1937 sit.
1451 1905 1517 1938 Sed
1547 1905 1766 1946 abrumpenda
1789 1906 1886 1937 semel
1910 1910 1986 1937 sunt
2008 1905 2111 1937 homi-

1154 1959 1230 1979 num
1243 1948 1384 1985 consilia,
1404 1959 1502 1988 quum
1516 1948 1578 1979 Dei
1597 1958 1692 1979 causa
1710 1954 1758 1979 est
1777 1948 1910 1989 agenda,
1930 1954 1965 1980 ut
1983 1953 2112 1989 praeter

1152 1992 1252 2032 ipsius
1276 1991 1474 2022 voluntatem
1500 1991 1579 2021 nihil
1604 1991 1806 2031 suscipiatur.

1237 2034 1305 2064 Iam
1331 2044 1405 2065 vero
1430 2034 1523 2074 agite,
1548 2036 1597 2065 etc.

1384 2178 1624 2218 HOMILIA
1650 2178 1874 2217 LXXXVI-

1237 2246 1265 2277 8.
1306 2245 1404 2277 Porro
1430 2245 1508 2277 Saul
1538 2255 1703 2285 exsurgens
1731 2245 1767 2275 de
1797 2245 1943 2283 spelzmoa
1966 2246 2112 2286 pergebat

1150 2291 1250 2328 coepto
1280 2288 1395 2319 itinere.
1441 2288 1470 2320 9.
1504 2288 1647 2319 Surrexit
1677 2290 1775 2318 autem
1797 2287 1905 2318 David
1928 2291 2001 2328 post
2028 2299 2110 2319 eum.-

1151 2334 1177 2363 οὐ
1206 2341 1343 2371 eyressus
1371 2331 1407 2362 de
1436 2331 1578 2370 spelunca
1605 2331 1747 2361 clamavit
1772 2333 1842 2369 post
1870 2333 1990 2370 teryum
2022 2331 2108 2365 Saul.

1151 2375 1270 2405 dicens:
1292 2373 1427 2405 Domine
1449 2373 1492 2404 mi
1514 2383 1580 2403 rex.
1611 2372 1652 2403 Et
1674 2373 1805 2411 respexit
1831 2372 1910 2404 Saul
1925 2376 1997 2412 post
2018 2383 2058 2412 se,
2083 2377 2110 2405 et

1152 2416 1305 2447 inclinans
1347 2426 1379 2446 se
1423 2415 1530 2446 David
1570 2425 1692 2454 pronus
1730 2415 1763 2445 in
1802 2418 1916 2446 terram
1956 2416 2106 2447 adoravit.

1153 2459 1201 2490 10.
1226 2458 1376 2497 Dixitque
1401 2459 1442 2490 ad
1466 2457 1558 2488 Saul:
1585 2458 1684 2496 Quare
1711 2457 1803 2488 audis
1832 2458 1923 2489 verba
1951 2458 2108 2489 hominum

1151 2501 1349 2540 loquentium,
1390 2500 1499 2532 David
1541 2500 1660 2539 quaerit
1699 2500 1814 2531 malum
1854 2501 2016 2532 adversum
2057 2501 2107 2532 to?

1153 2546 1200 2575 11.
1226 2543 1302 2575 Ecce
1330 2543 1418 2574 hodie
1448 2543 1587 2574 videmur
1610 2542 1689 2573 oculi
1711 2543 1764 2576 tui,
1795 2543 1876 2581 quod
1897 2543 2060 2574 tradiderit
2081 2546 2108 2575 te

1151 2587 1308 2619 Dominus
1336 2587 1367 2616 iu
1398 2595 1492 2615 manu
1522 2595 1587 2615 moa
1616 2586 1649 2615 in
1677 2585 1830 2624 spelunca,
1859 2588 1886 2616 et
1913 2586 1994 2616 dizit
2022 2586 2106 2625 quis-

1147 2630 1237 2669 piam
1266 2631 1298 2658 ut
1327 2628 1489 2660 occiderem
1513 2630 1548 2663 te,
1578 2627 1631 2658 sed
1649 2628 1784 2666 pepercit
1807 2627 1861 2658 {ibi
1884 2628 1988 2659 oculus
2010 2638 2095 2660 meus
