2551 3044
150 196 212 227 465

153 289 265 321 mortis
299 287 457 327 exposuit.
513 285 596 316 Nam
631 288 662 315 et
695 288 769 314 ante
803 281 943 313 vidimus
977 280 1111 312 Saulem

152 332 334 364 Ionathano
367 334 502 360 mortem
539 327 715 362 minatum,
759 323 842 364 quod
877 325 909 354 in
940 323 1110 354 amicitiam

157 373 292 406 Davidis
312 380 506 413 propensum
529 369 665 400 videret:
685 372 718 398 et
736 366 820 406 apud
840 376 950 398 servos
971 367 1114 406 graviter
1139 386 1140 393 1

155 421 363 456 conquestum
378 413 461 454 quod
474 422 585 443 omnes
597 411 715 442 scirent
729 409 787 440 filii
803 408 962 439 Davidem
976 408 1114 439 amantis
1138 422 1141 444 1

155 460 325 491 adversum
344 468 377 487 se
400 454 679 494 conspirationem.
715 452 803 483 Satis
828 452 926 491 igitur
945 451 1115 487 manifesta
1139 450 1141 458 ‘

154 500 326 533 Ionathani
351 499 381 529 in
406 496 572 528 retinenda
597 494 732 526 Davidis
755 495 895 525 amicitia
918 494 1114 524 constantia:

156 553 250 584 quam
279 542 312 572 in
333 550 424 571 usum
449 545 592 569 nostrum
617 538 736 569 referre
759 536 928 567 debemus:
957 535 1115 575 siquidem

156 584 314 617 Davidem
333 583 367 613 in
391 581 525 613 desertis
549 586 580 611 et
603 580 737 612 saltibus
761 589 914 619 quaerere
939 579 1061 616 maluit⁷
1085 582 1117 608 et

156 627 312 659 afflictum
343 624 510 662 consolari,
541 633 637 663 quam
656 623 689 653 in
714 622 787 653 aula
810 621 895 662 regis
919 621 1020 662 patris
1044 630 1116 651 cum

154 669 259 711 gratia
288 673 319 699 et
349 667 519 698 autoritate
549 665 645 697 rebus
676 664 825 696 secundis
848 664 918 695 frui.
965 664 1038 702 Quo
1061 674 1116 693 ex-

155 711 259 751 emplo
288 709 441 750 pudefieri
473 708 661 740 delicatulus
688 708 768 739 istos
798 712 932 746 oportet,
965 716 1043 746 quos
1066 705 1117 737 vel

156 754 356 796 paupertatis
391 752 442 783 vel
477 751 693 791 periculorum
727 755 833 780 metus
868 748 908 780 ab
936 749 1040 780 officio
1072 747 1117 778 di-

155 801 273 828 movet.

240 839 343 870 Porro
366 836 567 868 Ionathanus
600 835 790 867 nominatim
815 835 942 874 dicitur⁷
971 834 1117 873 conforta-

777 189 822 220 ΙΝ
849 189 872 220 Ι.
898 188 985 219 LIB.
1011 187 1207 219 SAMUEL.
1233 188 1329 218 CAP.
1355 186 1486 218 XXIII.

155 883 235 913 visse
263 890 375 912 manus
397 879 535 910 Davidis
566 879 599 909 in
621 878 774 910 Domino:
804 889 843 908 ex
874 878 988 917 quibus
1013 876 1119 907 verbis

157 929 289 964 apparet
317 933 380 953 non
411 921 509 952 fuisse
539 922 705 961 profanam
737 921 825 951 illam
849 920 1034 957 amicitiam,
1063 929 1118 949 ne-

156 977 218 1007 que
237 965 450 997 mundanam:
476 964 530 995 sed
554 964 588 995 in
603 964 662 994 Dei
687 964 802 995 timore
827 963 1001 993 fundatam.
1034 962 1120 992 Hinc

159 1009 366 1041 observemus
406 1012 554 1047 oportere
595 1018 706 1038 omnes
748 1006 909 1037 amicitias
943 1008 1070 1036 nostras
1102 1014 1120 1034 a

158 1051 300 1083 Domino
313 1050 462 1090 incipere,
481 1054 512 1080 et
530 1050 563 1080 in
582 1049 693 1080 eodem
710 1059 845 1089 pergere
864 1053 895 1079 et
911 1048 1119 1079 continuare:

159 1105 200 1125 ne
230 1093 371 1133 alioquin
401 1092 505 1123 multa
529 1092 671 1123 vanitate
694 1092 887 1123 laboremus.
932 1090 1015 1121 Nam
1040 1099 1121 1129 quae

159 1136 318 1168 amicitiae
336 1135 432 1166 rebus
451 1134 625 1165 mundanis
643 1136 802 1172 nituntur,
824 1134 968 1165 incertae
991 1138 1067 1163 sunt
1090 1138 1122 1162 et

159 1180 396 1215 inconstantes,
430 1183 461 1208 et
495 1177 534 1207 ad
570 1178 675 1209 omnis
709 1176 882 1216 aequitatis
917 1181 947 1206 ct
981 1175 1122 1205 iustitiae

160 1221 359 1254 eversionem
402 1219 588 1260 saepissime
621 1220 820 1260 conspirant.
876 1219 980 1249 Tanto
1013 1218 1122 1257 itaque

161 1263 346 1304 diligentius
360 1263 560 1293 observanda
572 1262 747 1293 Ionathani
760 1262 839 1293 fides
853 1272 930 1301 erga
942 1260 1120 1291 Davidem:
1148 1258 1149 1263 ¹

160 1317 253 1347 quem
287 1305 445 1336 consolari
478 1305 581 1336 voluit
610 1306 643 1336 in
673 1306 790 1336 afflicto
818 1308 849 1335 et
880 1304 996 1335 misero
1027 1308 1122 1339 statu,

160 1349 216 1381 sed
240 1349 284 1379 ita
310 1353 418 1378 tamen
449 1353 483 1378 ut
513 1347 626 1379 mediis
646 1348 794 1378 omnibus
817 1347 937 1378 illicitis
960 1345 1122 1377 abstinue-

160 1392 212 1423 rit.
278 1390 426 1430 Namque
461 1390 562 1430 patris
604 1391 721 1422 milites
759 1390 961 1420 Ionathanus
998 1393 1124 1428 poterat

161 1433 290 1475 quidem
335 1433 528 1471 sollicitare,
573 1439 604 1464 et
644 1433 684 1464 ad
724 1432 862 1464 Davidis
903 1431 1123 1463 defensionem

161 1485 304 1508 armare:
327 1476 566 1515 multorumque
589 1477 712 1506 animos
736 1475 795 1506 sibi
819 1475 998 1506 conciliare.
1039 1474 1123 1505 Nam

161 1519 292 1550 minime
312 1517 444 1549 dubium
462 1523 511 1549 est
529 1518 608 1558 quin
621 1518 700 1550 Saul
723 1518 833 1549 multis
857 1522 989 1558 propter
1013 1517 1124 1547 crude-

163 1562 285 1592 litatem
305 1567 337 1591 et
360 1560 629 1592 inhumanitatem
652 1566 736 1592 esset
759 1571 883 1597 exosus,
907 1566 939 1591 et
960 1564 1125 1600 contemp-

165 1604 279 1642 tibilis,
307 1604 496 1643 praesertim
527 1604 610 1643 quod
639 1609 723 1635 esset
754 1604 785 1634 in
812 1603 972 1634 insaniam
1003 1613 1124 1634 versus.

164 1646 274 1686 Quare
304 1646 504 1677 Ionathanus
541 1647 618 1678 satis
648 1646 768 1677 multas
797 1646 978 1677 occasiones
1009 1645 1127 1676 habere

164 1689 334 1720 videbatur
364 1699 415 1720 res
445 1700 545 1720 novas
575 1689 743 1720 moliendi:
781 1688 837 1719 sed
866 1688 944 1720 satis
973 1688 1034 1728 ipsi
1066 1687 1127 1718 fuit

165 1731 300 1763 Davidis
337 1742 452 1762 manus
481 1733 512 1763 in
544 1732 684 1763 Domino
714 1731 952 1763 confortavisse.
1006 1729 1127 1769 Quam-

165 1775 275 1806 obrem
306 1785 345 1805 ne
368 1774 407 1805 ab
430 1775 540 1806 amicis
563 1775 764 1815 postulemus
788 1780 823 1804 ut
846 1773 1024 1804 rationibus
1048 1773 1127 1804 obli-

165 1817 235 1857 quis
268 1826 327 1847 nos
360 1816 535 1854 adiuvent,
577 1822 632 1848 aut
665 1821 777 1849 contra
810 1816 871 1847 Dei
906 1816 1128 1847 voluntatem:

165 1859 423 1900 quandoquidem
446 1861 552 1891 exitus
574 1870 647 1892 cum
668 1860 729 1891 Dei
754 1859 980 1890 maledictione
1003 1869 1128 1898 semper

165 1907 216 1934 est
238 1902 447 1934 coniunctus:
479 1903 536 1933 sed
559 1903 591 1933 in
616 1903 755 1934 Domino
778 1901 998 1938 fortificemur,
1027 1912 1128 1941 eoque
1153 1906 1155 1916 ³

165 1955 229 1976 uno
253 1945 397 1976 contenti
419 1946 530 1976 simus.

251 1986 407 2027 Sequitur
439 1993 545 2019 autem
576 1997 656 2028 quae
679 1987 776 2019 fuerit
799 1987 988 2019 consolatio:
1020 1987 1128 2018 Dia-it-

165 2040 223 2071 que
254 2030 297 2061 ei:
328 2029 376 2061 Ne
405 2031 532 2062 timeas:
566 2040 660 2070 neque
689 2031 771 2061 enim
802 2030 933 2061 inveniet
961 2033 988 2061 te
1016 2040 1130 2061 manus

170 2072 248 2104 Saul
269 2073 376 2111 patris
405 2074 482 2104 mei:
510 2076 536 2105 et
558 2076 591 2104 tu
613 2073 756 2113 regnabis
778 2083 873 2111 super
896 2072 1007 2112 Israel,
1030 2076 1057 2103 et
1080 2082 1130 2112 eqo

167 2125 218 2147 ero
246 2114 302 2146 tibi
330 2116 495 2147 secundus:
525 2117 576 2147 secl
607 2119 633 2146 et
651 2119 742 2156 pater
763 2125 850 2146 meus
868 2117 924 2147 scit
946 2115 1010 2146 hoc.
1056 2114 1131 2145 Per-

168 2157 263 2189 cussit
281 2167 351 2198 erqo
369 2161 495 2198 uterque
511 2159 622 2198 foedus
640 2169 706 2190 cum
719 2158 865 2190 Domino.
901 2158 1131 2198 Expendamus

170 2200 269 2240 igitur
298 2201 465 2241 sigillatim
490 2202 567 2233 haec
591 2201 690 2232 verba
714 2200 831 2241 quibus
853 2201 1015 2232 Davidem
1041 2200 1132 2231 forti-

171 2242 289 2280 ficavit,
322 2254 438 2284 nempe
462 2244 593 2275 fuerunt
621 2244 677 2275 illa
706 2244 967 2275 commemoratio
998 2244 1131 2283 promis-

172 2285 298 2315 sionum
321 2286 502 2318 divinarum
526 2297 607 2327 quae
631 2286 750 2318 Davidi
773 2287 874 2318 factae
893 2287 1030 2317 fuerant.
1073 2285 1132 2316 Ne-

173 2337 235 2366 que
262 2337 337 2359 vero
367 2329 440 2360 fecit
469 2330 524 2360 ille
545 2329 722 2369 prophetae
746 2329 796 2360 vel
821 2329 959 2361 doctoris
982 2329 1132 2364 officium,

174 2376 399 2417 ‘verumtamen
428 2372 459 2402 in
485 2373 675 2404 memoriam
699 2371 821 2403 Davidi
844 2372 975 2403 reduxit
997 2382 1076 2411 quae
1099 2371 1132 2401 in

174 2422 275 2459 ipsius
305 2414 412 2445 animo
441 2414 506 2446 iam
535 2419 610 2446 ante
639 2414 831 2446 insidebant.
876 2414 1004 2453 Quibus
1028 2413 1133 2445 verbis
1159 2418 1161 2426 '

176 2454 263 2485 utilis
293 2456 468 2487 admonitio
497 2458 689 2489 continetur.
736 2457 855 2497 Ecquis
879 2458 964 2489 enim
988 2462 1133 2488 nostrum
1159 2454 1161 2494 j

176 2497 293 2528 audeat
321 2499 452 2539 gloriari
473 2510 506 2530 se
529 2500 625 2531 talem
647 2500 765 2531 habere
788 2500 885 2531 fidem
908 2499 1035 2540 qualem
1059 2499 1133 2529 olim

176 2539 289 2587 habuit
323 2541 438 2580 David,
469 2534 561 2573 &nius
593 2548 689 2574 antea
722 2543 799 2573 satis
830 2543 917 2574 clara
949 2542 1134 2573 testimonia

177 2581 356 2621 habuimus,
387 2589 417 2614 et
447 2595 557 2615 sumus
585 2585 619 2616 in
649 2590 814 2625 posterum
843 2584 1010 2616 habituri?
1061 2584 1134 2615 Non
1160 2585 1162 2599 ¹

1146 1060 1147 1063 ¹
1173 1051 1290 1076 unctus
1324 1046 1446 1082 fuerat,

177 2624 297 2656 frustra
320 2630 427 2657 tamen
451 2627 660 2659 annathano
683 2638 798 2659 manus
821 2628 921 2668 ipsius
944 2627 978 2658 in
994 2627 1135 2658 Domino

279 2676 385 2702 Calvini
400 2684 491 2709 opera.
530 2678 586 2704 Vol.
603 2679 698 2705 XXX.

2063 184 2124 213 4613

1164 281 1368 312 fortificatae:
1400 280 1486 311 unde
1517 283 1647 320 apparet
1671 278 1830 309 Davidem
1855 277 1927 309 lieet
1951 277 2070 316 insigni
2094 282 2125 306 et

1165 323 1334 354 excellenti
1364 323 1425 354 fide
1457 322 1652 362 praeditum,
1682 327 1806 361 gratam
1837 325 1943 351 tamen
1976 319 2125 350 habuisse

1166 365 1337 396 Ionathani
1379 365 1640 396 consolationem.
1692 363 1801 402 Quare
1835 363 1911 394 licet
1944 362 2034 392 Deus
2067 372 2126 392 nos

1167 407 1264 438 verbo
1298 419 1354 438 suo
1390 408 1594 444 confirmarit,
1629 412 1660 437 et
1694 406 1818 437 radices
1853 405 1930 436 illud
1966 404 1998 435 in
2033 403 2125 435 nobis

1166 451 1276 489 egerit,
1309 455 1415 481 tamen
1445 450 1584 481 sciamus
1615 459 1672 480 nos
1695 459 1775 488 opus
1798 448 1915 479 habere
1939 446 2126 487 quotidiana

1167 493 1252 522 illius
1284 492 1584 523 commemoratione
1614 497 1646 522 ct
1676 491 1874 531 repetitione,
1906 497 1940 520 ut
1963 491 2065 530 magis
2089 499 2125 520 ac

1168 536 1268 574 magis
1308 536 1339 565 in
1380 545 1416 565 eo
1450 536 1687 566 confirmemur.
1743 532 1959 572 Quamobrem
1995 543 2034 563 ne
2069 542 2127 562 nos

1167 577 1293 617 pudeat,
1318 577 1367 608 vel
1386 588 1404 608 a
1424 577 1563 608 minimis
1583 577 1698 613 doceri,
1723 583 1753 607 et
1772 575 1987 607 conditionem
2013 574 2127 605 docen-

1169 621 1209 650 tis
1242 620 1427 660 dedignari,
1467 630 1550 659 quae
1584 619 1683 649 nimia
1717 624 1801 650 esset
1835 618 2036 658 arrogantia:
2072 616 2127 648 sed

1170 662 1307 693 Davidis
1335 663 1441 702 potius
1464 661 1652 692 modestiam
1676 661 1840 692 imitemur
1862 660 2034 691 Ionathani
2061 670 2127 690 ver-

1171 704 1218 735 bis
1232 706 1479 741 auscultantem,
1494 705 1553 735 etsi
1568 704 1641 735 novi
1656 704 1735 734 nihil
1756 703 1931 740 afferentis,
1955 708 1986 733 et
2006 702 2127 732 nullam

1170 747 1301 778 coelitus
1320 747 1549 778 revelationem
1569 746 1732 777 habentis:
1758 746 1812 777 sed
1832 751 1959 776 tantum
1983 744 2128 775 divinam

1170 790 1414 829 promissionem
1434 790 1465 820 in
1489 790 1674 820 memoriam
1699 789 1746 819 illi
1769 788 1966 819 revocantis:
1993 787 2042 818 Tu
2063 797 2130 827 req-

1170 833 1268 863 nabis.
1323 832 1464 871 Quinam
1504 841 1579 862 vero
1618 837 1815 871 compertum
1854 830 1933 861 illud
1968 829 2126 861 habebat?

1171 875 1295 914 Nempe
1325 875 1399 915 quid
1425 874 1584 906 Samuelis
1616 874 1795 905 ministerio
1818 873 1909 904 Deus
1928 873 2130 913 patefecisset

1145 917 1269 957 ,probe
1300 923 1407 948 norat:
1437 917 1642 957 quamobrem
1674 923 1776 947 ratam
1808 916 1882 947 fecit
1911 915 2029 947 Davidi
2061 925 2131 955 pro-

1173 961 1376 997 missionem,
1411 966 1537 999 oportet
1571 959 1724 989 nimirum
1758 964 1794 989 ut
1828 964 1951 998 regnet,
1986 957 2130 998 quando-

1172 1003 1298 1042 quidem
1324 1002 1455 1033 Domini
1479 1001 1628 1033 mandato
1652 1012 1707 1041 per
1732 1001 1892 1032 Samuelis
1915 1001 2132 1031 ministerium

1488 1050 1519 1075 et
1553 1055 1608 1075 rex
1644 1044 1842 1084 designatus.
1898 1044 2000 1074 Porro
2035 1053 2134 1083 quum

1173 1088 1375 1118 Ionathanus
1399 1087 1502 1118 addit:
1528 1087 1653 1118 Patrem
1676 1087 1710 1117 id
1732 1087 1841 1125 optime
1862 1087 1949 1122 scire,
1980 1090 2011 1117 et
2035 1086 2073 1116 de
2094 1096 2131 1116 eo

1173 1141 1360 1170 persuasum
1391 1141 1468 1167 esse,
1497 1141 1535 1160 ex
1568 1140 1604 1159 eo
1634 1135 1766 1169 apparet
1796 1140 1890 1168 quam
1915 1133 2063 1168 proterve
2085 1128 2135 1159 in-

1173 1173 1293 1204 creduli
1324 1173 1480 1204 adversus
1504 1172 1610 1202 Deum
1635 1178 1747 1212 sponte
1770 1172 1950 1211 insurgant.
1996 1171 2135 1202 Minime

1173 1215 1205 1246 id
1236 1215 1365 1255 quidem
1396 1221 1483 1246 certa
1515 1221 1547 1246 et
1570 1214 1742 1245 deliberata
1766 1214 1942 1251 voluntate,
1966 1214 2021 1244 sed
2045 1214 2136 1244 furiis

1174 1258 1290 1298 agitati
1314 1264 1349 1289 ut
1372 1262 1491 1289 temere
1515 1258 1671 1288 ferantur.
1695 1257 1766 1288 Non
1790 1257 1846 1287 abs
1867 1267 1901 1287 re
1924 1256 2023 1297 igitur
2046 1256 2136 1287 Iona-

1175 1301 1294 1332 thanus
1325 1301 1410 1338 dicit,
1442 1305 1566 1340 patrem
1597 1310 1691 1331 suum
1722 1300 1802 1331 scire
1830 1298 1991 1330 Davidem
2020 1310 2135 1339 regna-

1176 1348 1294 1375 turum.
1333 1343 1396 1375 Sed
1420 1343 1504 1374 unde
1528 1342 1670 1374 sciebat?
1715 1342 1798 1373 Nam
1822 1352 1887 1372 non
1911 1341 2040 1373 videbat
2063 1352 2136 1372 eum

1177 1387 1276 1417 tantis
1295 1386 1394 1426 copiis
1416 1387 1576 1416 munitum
1601 1390 1636 1415 ut
1660 1385 1689 1416 vi
1713 1389 1744 1416 et
1767 1384 1864 1415 armis
1888 1385 2010 1424 regiam
2033 1383 2137 1424 digni-

1178 1434 1277 1460 tatem
1307 1435 1489 1469 occuparet:
1521 1428 1575 1459 sed
1601 1428 1728 1467 propria
1751 1427 1945 1458 conscientia
1969 1428 2136 1458 convince-

1178 1472 1281 1509 batur,
1322 1472 1404 1511 quod
1445 1471 1604 1501 Davidem
1639 1471 1700 1501 Dei
1741 1470 1830 1501 donis
1871 1470 2028 1509 insignem
2069 1480 2138 1501 esse

1179 1514 1310 1551 videret,
1334 1519 1365 1545 et
1385 1514 1422 1545 de
1441 1514 1533 1545 factis
1556 1513 1617 1553 ipsi
1640 1523 1697 1553 per
1711 1512 1892 1543 Samuelem
1918 1512 2138 1551 promissioni-

1178 1557 1237 1588 bus
1266 1558 1383 1589 certior
1406 1556 1508 1587 factus
1532 1561 1622 1587 esset.
1664 1555 1813 1594 Quantus
1835 1555 1877 1585 sit
1900 1555 1998 1594 igitur
2020 1554 2138 1594 impro-

1179 1599 1291 1631 borum
1308 1600 1407 1637 furor,
1431 1610 1529 1639 quum
1549 1610 1567 1630 a
1579 1598 1648 1629 Deo
1667 1598 1799 1629 coniecti
1819 1602 1895 1628 sunt
1912 1598 1946 1628 in
1965 1598 2138 1637 reprobum

1180 1653 1321 1679 sensum,
1341 1642 1417 1674 hinc
1437 1646 1586 1682 apparet:
1606 1651 1641 1672 ac
1654 1640 1787 1681 proinde
1806 1640 1911 1670 danda
1931 1640 2021 1670 nobis
2042 1650 2139 1680 opera

1180 1690 1216 1716 ut
1235 1686 1337 1725 magis
1356 1685 1490 1716 sollicite
1508 1685 1539 1715 in
1554 1684 1614 1715 Dei
1638 1685 1751 1714 timore
1774 1682 1992 1713 ambulemus:
2018 1683 2138 1714 Deum-

1181 1739 1242 1768 que
1265 1738 1434 1768 precemur
1457 1732 1490 1758 ut
1515 1727 1541 1758 si
1565 1727 1667 1757 sancti
1691 1726 1740 1757 sui
1763 1725 1897 1765 spiritus
1926 1724 2031 1765 aliqua
2055 1725 2139 1756 scin-

1181 1771 1250 1801 tilla
1290 1781 1349 1802 nos
1383 1770 1574 1806 illustrarit,
1615 1778 1804 1808 quocunque
1838 1768 2001 1799 vocaverit
2034 1768 2139 1807 ipsum

1180 1813 1305 1854 placide
1327 1823 1509 1853 sequamur,
1540 1817 1570 1843 et
1594 1821 1803 1851 quaecunque
1827 1810 1918 1841 nobis
1940 1811 2140 1841 occasionem

1180 1856 1334 1887 adversus
1358 1856 1463 1887 Deum
1487 1854 1681 1894 obloquendi
1705 1853 1819 1884 darent
1841 1852 2078 1890 obliviscamur,
2106 1857 2141 1883 ut

1180 1899 1262 1929 nihil
1282 1898 1367 1929 aliud
1387 1903 1575 1938 expetamus
1594 1897 1656 1928 nisi
1676 1896 1842 1927 deleantur
1865 1901 1994 1935 peccata
2019 1902 2140 1932 nostra,

1181 1952 1244 1981 quo
1268 1941 1389 1972 facilior
1413 1941 1502 1972 nobis
1526 1940 1564 1971 ad
1579 1940 1684 1971 Deum
1709 1945 1862 1978 tanquam
1885 1943 2007 1977 patrem
2033 1937 2140 1969 aditus

1180 1988 1297 2024 pateat.

1267 2028 1335 2058 Iam
1360 2037 1436 2058 vero
1461 2027 1554 2065 agite,
1578 2028 1627 2056 etc.

1419 2155 1541 2193 HOM
1547 2153 1621 2191 ILI
1627 2155 1662 2191 A
1686 2151 1914 2190 LXXXIV.

1272 2241 1319 2271 19.
1346 2239 1576 2271 Adscemlermzt
1599 2240 1695 2268 autem
1715 2234 1846 2274 Ziphaei
1869 2235 1911 2265 ad
1928 2234 2006 2266 Saul
2031 2236 2059 2265 in
2076 2234 2143 2266 Ga-

1185 2286 1255 2322 baa,
1276 2284 1419 2315 dicentes:
1444 2281 1554 2312 Nonne
1577 2280 1684 2310 Dar-id
1708 2279 1807 2309 latitat
1829 2277 1914 2316 apud
1937 2288 1992 2308 nos
2017 2278 2046 2307 in
2070 2278 2143 2308 locis

1185 2327 1352 2358 tutissimis
1368 2325 1481 2365 sylvae,
1502 2325 1533 2354 in
1550 2323 1621 2355 colle
1634 2321 1771 2356 Ilua-hile,
1790 2330 1867 2359 quae
1885 2322 1927 2350 est
1945 2320 1987 2351 ad
2003 2320 2144 2351 detti-am

1185 2370 1306 2402 deserti.
1351 2369 1401 2399 20.
1426 2367 1517 2398 Nunc
1546 2376 1614 2405 rryo
1643 2364 1721 2395 sient
1752 2363 1938 2394 desideravit
1960 2363 2068 2393 anima
2091 2365 2145 2394 tua

1185 2416 1217 2443 ut
1239 2412 1440 2449 descenderes,
1470 2409 1628 2440 desesndv:
1659 2409 1795 2437 nostrum
1824 2408 1923 2436 autem
1946 2406 2004 2436 erit
2025 2408 2058 2436 ut
2079 2407 2143 2436 tra-

1185 2456 1297 2486 damus
1320 2464 1387 2485 eum
1412 2454 1441 2483 in
1465 2461 1576 2482 manns
1598 2450 1688 2490 reyis.
1713 2449 1764 2479 21.
1788 2447 1938 2487 Dia-itque
1963 2447 2058 2478 Saul:
2079 2447 2145 2478 Be-

1185 2497 1294 2528 nedicti
1325 2507 1373 2527 cos
1404 2507 1422 2526 α
1452 2494 1597 2529 Domum,
1631 2493 1703 2531 quia
1738 2491 1883 2522 doluistis
1914 2491 2008 2521 vicem
2037 2501 2144 2522 meam.

1160 2549 1162 2575 1
1187 2540 1237 2571 22.
1260 2539 1349 2570 Abire
1372 2549 1442 2578 erqo
1464 2548 1515 2568 oro
1538 2539 1563 2566 ct
1585 2535 1763 2575 diligsentins
1780 2536 1975 2573 praeparate,
1999 2535 2025 2563 et
2044 2534 2144 2564 curio-

1187 2583 1255 2614 sius
1277 2582 1365 2622 afile,
1397 2584 1423 2612 et
1444 2579 1633 2611 considerata
1657 2578 1752 2608 Iocum
1782 2576 1833 2607 ubi
1860 2576 1901 2606 sit
1919 2586 1974 2615 pes
1997 2576 2072 2612 eius,
2103 2575 2147 2606 vel

1189 2626 1258 2665 quis
1282 2625 1389 2655 viderit
1411 2634 1478 2655 eum
1500 2621 1551 2653 ibi.
1586 2621 1714 2653 Dictum
1737 2621 1780 2650 est
1801 2618 1881 2650 enim
1903 2618 1981 2649 mihi
2003 2618 2082 2657 quod
2104 2619 2147 2649 sit

1909 2669 1943 2695 30
