<?xml version="1.0" encoding="UTF-8"?>
<!DOCTYPE html PUBLIC "-//W3C//DTD XHTML 1.0 Transitional//EN"
    "http://www.w3.org/TR/xhtml1/DTD/xhtml1-transitional.dtd">
<html xmlns="http://www.w3.org/1999/xhtml" xml:lang="en" lang="en">
 <head>
  <title>
</title>
<meta http-equiv="Content-Type" content="text/html;charset=utf-8" />
  <meta name='ocr-system' content='tesseract 3.04.00' />
  <meta name='ocr-capabilities' content='ocr_page ocr_carea ocr_par ocr_line ocrx_word'/>
</head>
<body>
  <div class='ocr_page' id='page_1' title='image "./ioanniscalviniop30calv_0093.png"; bbox 0 0 2551 3044; ppageno 0'>
   <div class='ocr_carea' id='block_1_1' title="bbox 198 170 258 201">
    <p class='ocr_par' dir='ltr' id='par_1_1' title="bbox 198 170 258 201">
     <span class='ocr_line' id='line_1_1' title="bbox 198 170 258 201; baseline 0 0"><span class='ocrx_word' id='word_1_1' title='bbox 198 170 258 201; x_wconf 80' lang='lat'>165</span> 
     </span>
    </p>
   </div>
   <div class='ocr_carea' id='block_1_2' title="bbox 195 263 1153 473">
    <p class='ocr_par' dir='ltr' id='par_1_2' title="bbox 195 263 1153 473">
     <span class='ocr_line' id='line_1_2' title="bbox 195 263 1153 305; baseline -0.001 -10"><span class='ocrx_word' id='word_1_2' title='bbox 195 263 261 295; x_wconf 76' lang='lat' dir='ltr'>Isai</span> <span class='ocrx_word' id='word_1_3' title='bbox 288 264 421 303; x_wconf 85' lang='lat' dir='ltr'>reperiri</span> <span class='ocrx_word' id='word_1_4' title='bbox 445 265 499 304; x_wconf 87' lang='lat' dir='ltr'>qui</span> <span class='ocrx_word' id='word_1_5' title='bbox 524 264 592 295; x_wconf 83' lang='lat' dir='ltr'>Deo</span> <span class='ocrx_word' id='word_1_6' title='bbox 615 268 725 305; x_wconf 83' lang='lat' dir='ltr'>gratus</span> <span class='ocrx_word' id='word_1_7' title='bbox 749 269 779 295; x_wconf 91' lang='lat' dir='ltr'>et</span> <span class='ocrx_word' id='word_1_8' title='bbox 803 269 952 303; x_wconf 86' lang='lat' dir='ltr'>acceptus</span> <span class='ocrx_word' id='word_1_9' title='bbox 976 268 1076 295; x_wconf 86' lang='lat' dir='ltr'>esset:</span> <span class='ocrx_word' id='word_1_10' title='bbox 1100 273 1153 294; x_wconf 91' lang='lat' dir='ltr'>ne-</span> 
     </span>
     <span class='ocr_line' id='line_1_3' title="bbox 195 306 1153 346; baseline -0.001 -9"><span class='ocrx_word' id='word_1_11' title='bbox 195 316 256 346; x_wconf 87' lang='lat' dir='ltr'>que</span> <span class='ocrx_word' id='word_1_12' title='bbox 285 307 369 337; x_wconf 89' lang='lat' dir='ltr'>euim</span> <span class='ocrx_word' id='word_1_13' title='bbox 402 317 420 337; x_wconf 91' lang='lat' dir='ltr'>a</span> <span class='ocrx_word' id='word_1_14' title='bbox 443 307 512 338; x_wconf 91' lang='lat' dir='ltr'>Deo</span> <span class='ocrx_word' id='word_1_15' title='bbox 537 307 656 338; x_wconf 85' lang='lat' dir='ltr'>frustra</span> <span class='ocrx_word' id='word_1_16' title='bbox 679 306 809 338; x_wconf 81' lang='lat' dir='ltr'>Samuel</span> <span class='ocrx_word' id='word_1_17' title='bbox 836 307 951 338; x_wconf 83' lang='lat' dir='ltr'>missus</span> <span class='ocrx_word' id='word_1_18' title='bbox 975 316 1010 336; x_wconf 92' lang='lat' dir='ltr'>eo</span> <span class='ocrx_word' id='word_1_19' title='bbox 1034 307 1153 337; x_wconf 88' lang='lat' dir='ltr'>fuerat:</span> 
     </span>
     <span class='ocr_line' id='line_1_4' title="bbox 195 349 1153 389; baseline -0.002 -9"><span class='ocrx_word' id='word_1_20' title='bbox 195 349 251 380; x_wconf 87' lang='lat' dir='ltr'>sed</span> <span class='ocrx_word' id='word_1_21' title='bbox 275 349 413 389; x_wconf 89' lang='lat' dir='ltr'>aliquem</span> <span class='ocrx_word' id='word_1_22' title='bbox 437 361 475 380; x_wconf 84' lang='lat' dir='ltr'>ex</span> <span class='ocrx_word' id='word_1_23' title='bbox 500 349 553 380; x_wconf 87' lang='lat' dir='ltr'>illa</span> <span class='ocrx_word' id='word_1_24' title='bbox 578 350 697 380; x_wconf 84' lang='lat' dir='ltr'>familia</span> <span class='ocrx_word' id='word_1_25' title='bbox 720 359 829 389; x_wconf 85' lang='lat' dir='ltr'>regem</span> <span class='ocrx_word' id='word_1_26' title='bbox 855 349 920 380; x_wconf 84' lang='lat' dir='ltr'>ficri</span> <span class='ocrx_word' id='word_1_27' title='bbox 946 349 1153 379; x_wconf 87' lang='lat' dir='ltr'>constitutum</span> 
     </span>
     <span class='ocr_line' id='line_1_5' title="bbox 195 391 1153 432; baseline -0.001 -10"><span class='ocrx_word' id='word_1_28' title='bbox 195 397 273 430; x_wconf 87' lang='lat' dir='ltr'>erat,</span> <span class='ocrx_word' id='word_1_29' title='bbox 307 392 438 431; x_wconf 85' lang='lat' dir='ltr'>quinam</span> <span class='ocrx_word' id='word_1_30' title='bbox 472 402 548 432; x_wconf 82' lang='lat' dir='ltr'>ergo</span> <span class='ocrx_word' id='word_1_31' title='bbox 583 403 644 423; x_wconf 89' lang='lat' dir='ltr'>non</span> <span class='ocrx_word' id='word_1_32' title='bbox 679 392 802 423; x_wconf 87' lang='lat' dir='ltr'>curavit</span> <span class='ocrx_word' id='word_1_33' title='bbox 834 392 898 422; x_wconf 82' lang='lat' dir='ltr'>Isal&#39;</span> <span class='ocrx_word' id='word_1_34' title='bbox 929 391 1030 422; x_wconf 81' lang='lat' dir='ltr'>filium</span> <span class='ocrx_word' id='word_1_35' title='bbox 1059 401 1153 422; x_wconf 92' lang='lat' dir='ltr'>suum</span> 
     </span>
     <span class='ocr_line' id='line_1_6' title="bbox 195 434 1151 473; baseline -0.001 -9"><span class='ocrx_word' id='word_1_36' title='bbox 195 434 353 465; x_wconf 88' lang='lat' dir='ltr'>Davidem</span> <span class='ocrx_word' id='word_1_37' title='bbox 373 445 445 465; x_wconf 89' lang='lat' dir='ltr'>cum</span> <span class='ocrx_word' id='word_1_38' title='bbox 466 435 599 465; x_wconf 87' lang='lat' dir='ltr'>caeteris</span> <span class='ocrx_word' id='word_1_39' title='bbox 619 434 790 465; x_wconf 80' lang='lat' dir='ltr'>advocari?</span> <span class='ocrx_word' id='word_1_40' title='bbox 827 434 893 465; x_wconf 85' lang='lat' dir='ltr'>Cur</span> <span class='ocrx_word' id='word_1_41' title='bbox 912 444 1010 473; x_wconf 89' lang='lat' dir='ltr'>quum</span> <span class='ocrx_word' id='word_1_42' title='bbox 1031 439 1151 473; x_wconf 81' lang='lat' dir='ltr'>septem</span> 
     </span>
    </p>
   </div>
   <div class='ocr_carea' id='block_1_3' title="bbox 194 476 1180 517">
    <p class='ocr_par' dir='ltr' id='par_1_3' title="bbox 194 476 1180 517">
     <span class='ocr_line' id='line_1_7' title="bbox 194 476 1180 517; baseline -0.003 -9"><span class='ocrx_word' id='word_1_43' title='bbox 194 478 331 508; x_wconf 82' lang='lat' dir='ltr'>maiores</span> <span class='ocrx_word' id='word_1_44' title='bbox 349 483 426 508; x_wconf 89' lang='lat' dir='ltr'>natu</span> <span class='ocrx_word' id='word_1_45' title='bbox 448 477 544 507; x_wconf 83' lang='lat' dir='ltr'>veluti</span> <span class='ocrx_word' id='word_1_46' title='bbox 566 477 722 517; x_wconf 85' lang='lat' dir='ltr'><strong>repulsam</strong></span> <span class='ocrx_word' id='word_1_47' title='bbox 744 487 853 516; x_wconf 88' lang='lat' dir='ltr'>passos</span> <span class='ocrx_word' id='word_1_48' title='bbox 872 476 1152 512; x_wconf 85' lang='lat' dir='ltr'>animadverteret,</span> <span class='ocrx_word' id='word_1_49' title='bbox 1178 514 1180 517; x_wconf 22' lang='grc' dir='ltr'><strong><em>ι</em></strong></span> 
     </span>
    </p>
   </div>
   <div class='ocr_carea' id='block_1_4' title="bbox 176 518 1154 2650">
    <p class='ocr_par' dir='ltr' id='par_1_4' title="bbox 176 518 1154 2211">
     <span class='ocr_line' id='line_1_8' title="bbox 193 518 1154 558; baseline 0 -9"><span class='ocrx_word' id='word_1_50' title='bbox 193 530 258 550; x_wconf 86' lang='lat' dir='ltr'>non</span> <span class='ocrx_word' id='word_1_51' title='bbox 278 520 344 558; x_wconf 88' lang='lat' dir='ltr'>ipse</span> <span class='ocrx_word' id='word_1_52' title='bbox 368 520 451 549; x_wconf 89' lang='lat' dir='ltr'>ultro</span> <span class='ocrx_word' id='word_1_53' title='bbox 466 520 599 550; x_wconf 87' lang='lat' dir='ltr'>Davidis</span> <span class='ocrx_word' id='word_1_54' title='bbox 623 520 762 550; x_wconf 87' lang='lat' dir='ltr'>absentis</span> <span class='ocrx_word' id='word_1_55' title='bbox 786 519 954 550; x_wconf 82' lang='lat' dir='ltr'><strong>meminit?</strong></span> <span class='ocrx_word' id='word_1_56' title='bbox 979 518 1043 550; x_wconf 83' lang='lat' dir='ltr'>Sed</span> <span class='ocrx_word' id='word_1_57' title='bbox 1067 518 1154 550; x_wconf 84' lang='lat' dir='ltr'>dicas</span> 
     </span>
     <span class='ocr_line' id='line_1_9' title="bbox 193 560 1154 602; baseline -0.001 -10"><span class='ocrx_word' id='word_1_58' title='bbox 193 562 288 602; x_wconf 86' lang='lat' dir='ltr'>plane</span> <span class='ocrx_word' id='word_1_59' title='bbox 312 562 415 601; x_wconf 88' lang='lat' dir='ltr'>ipsum</span> <span class='ocrx_word' id='word_1_60' title='bbox 442 562 661 601; x_wconf 88' lang='lat' dir='ltr'>perturbatum</span> <span class='ocrx_word' id='word_1_61' title='bbox 685 562 851 599; x_wconf 78' lang='lat' dir='ltr'>caecutire,</span> <span class='ocrx_word' id='word_1_62' title='bbox 875 567 906 592; x_wconf 85' lang='lat' dir='ltr'>et</span> <span class='ocrx_word' id='word_1_63' title='bbox 921 561 1076 592; x_wconf 82' lang='lat' dir='ltr'>Davidem</span> <span class='ocrx_word' id='word_1_64' title='bbox 1101 560 1154 592; x_wconf 93' lang='lat' dir='ltr'>ob·</span> 
     </span>
     <span class='ocr_line' id='line_1_10' title="bbox 194 603 1151 644; baseline 0 -10"><span class='ocrx_word' id='word_1_65' title='bbox 194 604 304 635; x_wconf 90' lang='lat' dir='ltr'>livioni</span> <span class='ocrx_word' id='word_1_66' title='bbox 329 603 507 635; x_wconf 83' lang='lat' dir='ltr'>tradidisse.</span> <span class='ocrx_word' id='word_1_67' title='bbox 554 603 662 642; x_wconf 89' lang='lat' dir='ltr'>Quare</span> <span class='ocrx_word' id='word_1_68' title='bbox 685 604 868 636; x_wconf 82' lang='lat' dir='ltr'>Samuelem</span> <span class='ocrx_word' id='word_1_69' title='bbox 889 604 1029 644; x_wconf 87' lang='lat' dir='ltr'>oportuit</span> <span class='ocrx_word' id='word_1_70' title='bbox 1052 604 1151 634; x_wconf 87' lang='lat' dir='ltr'>inter-</span> 
     </span>
     <span class='ocr_line' id='line_1_11' title="bbox 192 646 1151 687; baseline -0.001 -10"><span class='ocrx_word' id='word_1_71' title='bbox 192 656 306 686; x_wconf 85' lang='lat' dir='ltr'>rogare</span> <span class='ocrx_word' id='word_1_72' title='bbox 330 647 444 686; x_wconf 84' lang='lat' dir='ltr'>ipsum,</span> <span class='ocrx_word' id='word_1_73' title='bbox 474 657 550 677; x_wconf 91' lang='lat' dir='ltr'>num</span> <span class='ocrx_word' id='word_1_74' title='bbox 575 647 671 678; x_wconf 91' lang='lat' dir='ltr'>alium</span> <span class='ocrx_word' id='word_1_75' title='bbox 696 646 796 677; x_wconf 92' lang='lat' dir='ltr'>ullum</span> <span class='ocrx_word' id='word_1_76' title='bbox 820 647 1024 687; x_wconf 82' lang='lat' dir='ltr'>superstitem</span> <span class='ocrx_word' id='word_1_77' title='bbox 1047 646 1151 677; x_wconf 89' lang='lat' dir='ltr'>filium</span> 
     </span>
     <span class='ocr_line' id='line_1_12' title="bbox 192 688 1151 729; baseline 0 -10"><span class='ocrx_word' id='word_1_78' title='bbox 192 688 333 719; x_wconf 87' lang='lat' dir='ltr'>haberet.</span> <span class='ocrx_word' id='word_1_79' title='bbox 378 688 443 727; x_wconf 89' lang='lat' dir='ltr'>Qui</span> <span class='ocrx_word' id='word_1_80' title='bbox 468 695 598 729; x_wconf 88' lang='lat' dir='ltr'>repente</span> <span class='ocrx_word' id='word_1_81' title='bbox 621 689 809 727; x_wconf 81' lang='lat' dir='ltr'>advocatur3</span> <span class='ocrx_word' id='word_1_82' title='bbox 837 695 868 720; x_wconf 91' lang='lat' dir='ltr'>et</span> <span class='ocrx_word' id='word_1_83' title='bbox 891 699 927 720; x_wconf 92' lang='lat' dir='ltr'>eo</span> <span class='ocrx_word' id='word_1_84' title='bbox 950 689 1151 726; x_wconf 79' lang='lat' dir='ltr'>adveniente,</span> 
     </span>
     <span class='ocr_line' id='line_1_13' title="bbox 192 730 1151 772; baseline 0 -10"><span class='ocrx_word' id='word_1_85' title='bbox 192 730 281 762; x_wconf 87' lang='lat' dir='ltr'>Deus</span> <span class='ocrx_word' id='word_1_86' title='bbox 313 731 457 762; x_wconf 79' lang='lat' dir='ltr'>Samueli</span> <span class='ocrx_word' id='word_1_87' title='bbox 490 732 640 771; x_wconf 80' lang='lat' dir='ltr'>patefacit</span> <span class='ocrx_word' id='word_1_88' title='bbox 668 742 740 762; x_wconf 91' lang='lat' dir='ltr'>eum</span> <span class='ocrx_word' id='word_1_89' title='bbox 772 742 842 763; x_wconf 87' lang='lat' dir='ltr'>esse</span> <span class='ocrx_word' id='word_1_90' title='bbox 871 741 963 772; x_wconf 90' lang='lat' dir='ltr'>quem</span> <span class='ocrx_word' id='word_1_91' title='bbox 988 731 1151 772; x_wconf 84' lang='lat' dir='ltr'>delegerit.</span> 
     </span>
     <span class='ocr_line' id='line_1_14' title="bbox 191 774 1150 814; baseline 0 -10"><span class='ocrx_word' id='word_1_92' title='bbox 191 783 228 805; x_wconf 90' lang='lat' dir='ltr'>ac</span> <span class='ocrx_word' id='word_1_93' title='bbox 251 774 362 813; x_wconf 80' lang='lat' dir='ltr'>inungi</span> <span class='ocrx_word' id='word_1_94' title='bbox 386 784 494 814; x_wconf 87' lang='lat' dir='ltr'>regem</span> <span class='ocrx_word' id='word_1_95' title='bbox 518 775 614 805; x_wconf 91' lang='lat' dir='ltr'>iubet.</span> <span class='ocrx_word' id='word_1_96' title='bbox 658 774 698 805; x_wconf 93' lang='lat' dir='ltr'>In</span> <span class='ocrx_word' id='word_1_97' title='bbox 722 774 782 805; x_wconf 89' lang='lat' dir='ltr'>hac</span> <span class='ocrx_word' id='word_1_98' title='bbox 804 774 988 805; x_wconf 81' lang='lat' dir='ltr'>narratione</span> <span class='ocrx_word' id='word_1_99' title='bbox 1011 774 1150 814; x_wconf 87' lang='lat' dir='ltr'>primum</span> 
     </span>
     <span class='ocr_line' id='line_1_15' title="bbox 190 815 1152 856; baseline 0.001 -10"><span class='ocrx_word' id='word_1_100' title='bbox 190 815 395 847; x_wconf 71' lang='lat' dir='ltr'>observemus</span> <span class='ocrx_word' id='word_1_101' title='bbox 418 817 594 856; x_wconf 90' lang='lat' dir='ltr'>prophetae</span> <span class='ocrx_word' id='word_1_102' title='bbox 616 827 766 854; x_wconf 85' lang='lat' dir='ltr'>errorem,</span> <span class='ocrx_word' id='word_1_103' title='bbox 788 817 871 856; x_wconf 92' lang='lat' dir='ltr'>quod</span> <span class='ocrx_word' id='word_1_104' title='bbox 895 823 1028 848; x_wconf 82' lang='lat' dir='ltr'>externa</span> <span class='ocrx_word' id='word_1_105' title='bbox 1050 817 1152 847; x_wconf 85' lang='lat' dir='ltr'>homi-</span> 
     </span>
     <span class='ocr_line' id='line_1_16' title="bbox 190 858 1150 900; baseline 0.001 -11"><span class='ocrx_word' id='word_1_106' title='bbox 190 860 241 889; x_wconf 89' lang='lat' dir='ltr'>nis</span> <span class='ocrx_word' id='word_1_107' title='bbox 269 860 373 898; x_wconf 87' lang='lat' dir='ltr'>specie</span> <span class='ocrx_word' id='word_1_108' title='bbox 404 858 554 898; x_wconf 89' lang='lat' dir='ltr'>deceptus</span> <span class='ocrx_word' id='word_1_109' title='bbox 584 860 640 891; x_wconf 87' lang='lat' dir='ltr'>sit:</span> <span class='ocrx_word' id='word_1_110' title='bbox 672 865 783 890; x_wconf 89' lang='lat' dir='ltr'>contra</span> <span class='ocrx_word' id='word_1_111' title='bbox 812 870 906 900; x_wconf 87' lang='lat' dir='ltr'>quam</span> <span class='ocrx_word' id='word_1_112' title='bbox 930 859 1029 890; x_wconf 78' lang='lat' dir='ltr'>soleat</span> <span class='ocrx_word' id='word_1_113' title='bbox 1051 859 1150 896; x_wconf 87' lang='lat' dir='ltr'>Deus,</span> 
     </span>
     <span class='ocr_line' id='line_1_17' title="bbox 188 901 1151 941; baseline 0.001 -9"><span class='ocrx_word' id='word_1_114' title='bbox 188 901 242 941; x_wconf 90' lang='lat' dir='ltr'>qui</span> <span class='ocrx_word' id='word_1_115' title='bbox 262 912 324 932; x_wconf 90' lang='lat' dir='ltr'>non</span> <span class='ocrx_word' id='word_1_116' title='bbox 349 906 383 932; x_wconf 92' lang='lat' dir='ltr'>ut</span> <span class='ocrx_word' id='word_1_117' title='bbox 405 901 553 932; x_wconf 89' lang='lat' dir='ltr'>homines</span> <span class='ocrx_word' id='word_1_118' title='bbox 576 912 616 932; x_wconf 80' lang='lat' dir='ltr'>ex</span> <span class='ocrx_word' id='word_1_119' title='bbox 638 912 745 932; x_wconf 87' lang='lat' dir='ltr'>rerum</span> <span class='ocrx_word' id='word_1_120' title='bbox 769 906 902 933; x_wconf 80' lang='lat' dir='ltr'>externa</span> <span class='ocrx_word' id='word_1_121' title='bbox 923 902 1012 939; x_wconf 84' lang='lat' dir='ltr'>facie,</span> <span class='ocrx_word' id='word_1_122' title='bbox 1037 902 1088 933; x_wconf 85' lang='lat' dir='ltr'>vel</span> <span class='ocrx_word' id='word_1_123' title='bbox 1111 912 1151 933; x_wconf 78' lang='lat' dir='ltr'>ex</span> 
     </span>
     <span class='ocr_line' id='line_1_18' title="bbox 189 943 1151 985; baseline 0.001 -11"><span class='ocrx_word' id='word_1_124' title='bbox 189 943 368 984; x_wconf 89' lang='lat' dir='ltr'>praestanti</span> <span class='ocrx_word' id='word_1_125' title='bbox 381 944 481 974; x_wconf 86' lang='lat' dir='ltr'>forma</span> <span class='ocrx_word' id='word_1_126' title='bbox 494 950 526 975; x_wconf 93' lang='lat' dir='ltr'>et</span> <span class='ocrx_word' id='word_1_127' title='bbox 547 948 672 985; x_wconf 83' lang='lat' dir='ltr'>statura</span> <span class='ocrx_word' id='word_1_128' title='bbox 691 946 841 984; x_wconf 88' lang='lat' dir='ltr'>corporis,</span> <span class='ocrx_word' id='word_1_129' title='bbox 866 949 921 976; x_wconf 87' lang='lat' dir='ltr'>aut</span> <span class='ocrx_word' id='word_1_130' title='bbox 947 945 1017 976; x_wconf 90' lang='lat' dir='ltr'>aliis</span> <span class='ocrx_word' id='word_1_131' title='bbox 1043 945 1151 976; x_wconf 92' lang='lat' dir='ltr'>istius-</span> 
     </span>
     <span class='ocr_line' id='line_1_19' title="bbox 188 986 1150 1028; baseline 0.002 -12"><span class='ocrx_word' id='word_1_132' title='bbox 188 987 274 1016; x_wconf 85' lang='lat' dir='ltr'>modi</span> <span class='ocrx_word' id='word_1_133' title='bbox 309 987 569 1025; x_wconf 78' lang='lat' dir='ltr'>circumstantiis,</span> <span class='ocrx_word' id='word_1_134' title='bbox 604 986 718 1026; x_wconf 82' lang='lat' dir='ltr'>quibus</span> <span class='ocrx_word' id='word_1_135' title='bbox 750 987 810 1017; x_wconf 92' lang='lat' dir='ltr'>sibi</span> <span class='ocrx_word' id='word_1_136' title='bbox 839 988 974 1028; x_wconf 84' lang='lat' dir='ltr'>gratiam</span> <span class='ocrx_word' id='word_1_137' title='bbox 1003 987 1150 1018; x_wconf 90' lang='lat' dir='ltr'>homines</span> 
     </span>
     <span class='ocr_line' id='line_1_20' title="bbox 187 1028 1148 1070; baseline 0.001 -11"><span class='ocrx_word' id='word_1_138' title='bbox 187 1028 273 1069; x_wconf 91' lang='lat' dir='ltr'>apud</span> <span class='ocrx_word' id='word_1_139' title='bbox 292 1029 370 1060; x_wconf 91' lang='lat' dir='ltr'>alios</span> <span class='ocrx_word' id='word_1_140' title='bbox 392 1029 570 1066; x_wconf 89' lang='lat' dir='ltr'>conciliant,</span> <span class='ocrx_word' id='word_1_141' title='bbox 594 1030 684 1069; x_wconf 89' lang='lat' dir='ltr'>quasi</span> <span class='ocrx_word' id='word_1_142' title='bbox 708 1030 851 1060; x_wconf 81' lang='lat' dir='ltr'>externis</span> <span class='ocrx_word' id='word_1_143' title='bbox 874 1030 943 1061; x_wconf 89' lang='lat' dir='ltr'>istis</span> <span class='ocrx_word' id='word_1_144' title='bbox 966 1029 1057 1061; x_wconf 89' lang='lat' dir='ltr'>donis</span> <span class='ocrx_word' id='word_1_145' title='bbox 1080 1029 1148 1070; x_wconf 88' lang='lat' dir='ltr'>dig-</span> 
     </span>
     <span class='ocr_line' id='line_1_21' title="bbox 186 1071 1148 1113; baseline 0.002 -12"><span class='ocrx_word' id='word_1_146' title='bbox 186 1072 321 1102; x_wconf 86' lang='lat' dir='ltr'>nitatem</span> <span class='ocrx_word' id='word_1_147' title='bbox 341 1076 372 1102; x_wconf 88' lang='lat' dir='ltr'>et</span> <span class='ocrx_word' id='word_1_148' title='bbox 390 1072 597 1102; x_wconf 84' lang='lat' dir='ltr'>autoritatem</span> <span class='ocrx_word' id='word_1_149' title='bbox 621 1071 759 1111; x_wconf 89' lang='lat' dir='ltr'>aliquam</span> <span class='ocrx_word' id='word_1_150' title='bbox 785 1077 994 1109; x_wconf 90' lang='lat' dir='ltr'>mererentur,</span> <span class='ocrx_word' id='word_1_151' title='bbox 1017 1073 1148 1113; x_wconf 84' lang='lat' dir='ltr'>iudicat,</span> 
     </span>
     <span class='ocr_line' id='line_1_22' title="bbox 187 1113 1147 1155; baseline 0.002 -11"><span class='ocrx_word' id='word_1_152' title='bbox 187 1113 242 1145; x_wconf 91' lang='lat' dir='ltr'>sed</span> <span class='ocrx_word' id='word_1_153' title='bbox 274 1125 312 1145; x_wconf 80' lang='lat' dir='ltr'>ex</span> <span class='ocrx_word' id='word_1_154' title='bbox 342 1114 442 1154; x_wconf 88' lang='lat' dir='ltr'>ipsius</span> <span class='ocrx_word' id='word_1_155' title='bbox 471 1113 574 1145; x_wconf 90' lang='lat' dir='ltr'>cordis</span> <span class='ocrx_word' id='word_1_156' title='bbox 604 1114 833 1154; x_wconf 81' lang='lat' dir='ltr'>penetralibus,</span> <span class='ocrx_word' id='word_1_157' title='bbox 863 1125 944 1155; x_wconf 87' lang='lat' dir='ltr'>quae</span> <span class='ocrx_word' id='word_1_158' title='bbox 969 1115 1056 1146; x_wconf 86' lang='lat' dir='ltr'>solus</span> <span class='ocrx_word' id='word_1_159' title='bbox 1079 1116 1147 1155; x_wconf 89' lang='lat' dir='ltr'>ipse</span> 
     </span>
     <span class='ocr_line' id='line_1_23' title="bbox 186 1156 1145 1198; baseline 0.002 -12"><span class='ocrx_word' id='word_1_160' title='bbox 186 1157 332 1187; x_wconf 82' lang='lat' dir='ltr'>rimatur.</span> <span class='ocrx_word' id='word_1_161' title='bbox 378 1156 487 1194; x_wconf 83' lang='lat' dir='ltr'>Quare</span> <span class='ocrx_word' id='word_1_162' title='bbox 518 1167 616 1196; x_wconf 90' lang='lat' dir='ltr'>quum</span> <span class='ocrx_word' id='word_1_163' title='bbox 644 1156 812 1196; x_wconf 89' lang='lat' dir='ltr'>deceptum</span> <span class='ocrx_word' id='word_1_164' title='bbox 836 1168 873 1188; x_wconf 89' lang='lat' dir='ltr'>ea</span> <span class='ocrx_word' id='word_1_165' title='bbox 897 1158 929 1188; x_wconf 94' lang='lat' dir='ltr'>in</span> <span class='ocrx_word' id='word_1_166' title='bbox 952 1168 986 1188; x_wconf 90' lang='lat' dir='ltr'>re</span> <span class='ocrx_word' id='word_1_167' title='bbox 1009 1158 1145 1198; x_wconf 88' lang='lat' dir='ltr'>prophe-</span> 
     </span>
     <span class='ocr_line' id='line_1_24' title="bbox 186 1198 1144 1238; baseline 0.002 -9"><span class='ocrx_word' id='word_1_168' title='bbox 186 1205 251 1230; x_wconf 89' lang='lat' dir='ltr'>tam</span> <span class='ocrx_word' id='word_1_169' title='bbox 272 1198 447 1236; x_wconf 89' lang='lat' dir='ltr'>videamus,</span> <span class='ocrx_word' id='word_1_170' title='bbox 471 1209 507 1229; x_wconf 91' lang='lat' dir='ltr'>eo</span> <span class='ocrx_word' id='word_1_171' title='bbox 520 1200 621 1230; x_wconf 88' lang='lat' dir='ltr'>maior</span> <span class='ocrx_word' id='word_1_172' title='bbox 640 1200 730 1230; x_wconf 86' lang='lat' dir='ltr'>nobis</span> <span class='ocrx_word' id='word_1_173' title='bbox 754 1205 805 1231; x_wconf 89' lang='lat' dir='ltr'>est</span> <span class='ocrx_word' id='word_1_174' title='bbox 827 1199 1008 1231; x_wconf 87' lang='lat' dir='ltr'>adhibenda</span> <span class='ocrx_word' id='word_1_175' title='bbox 1031 1201 1144 1238; x_wconf 84' lang='lat' dir='ltr'>cautio,</span> 
     </span>
     <span class='ocr_line' id='line_1_25' title="bbox 185 1241 1145 1283; baseline 0.002 -11"><span class='ocrx_word' id='word_1_176' title='bbox 185 1252 225 1273; x_wconf 90' lang='lat' dir='ltr'>ne</span> <span class='ocrx_word' id='word_1_177' title='bbox 254 1241 315 1281; x_wconf 89' lang='lat' dir='ltr'>ipsi</span> <span class='ocrx_word' id='word_1_178' title='bbox 339 1241 543 1280; x_wconf 76' lang='lat' dir='ltr'>decipiamur,</span> <span class='ocrx_word' id='word_1_179' title='bbox 572 1252 633 1281; x_wconf 91' lang='lat' dir='ltr'>quo</span> <span class='ocrx_word' id='word_1_180' title='bbox 656 1242 688 1273; x_wconf 91' lang='lat' dir='ltr'>in</span> <span class='ocrx_word' id='word_1_181' title='bbox 713 1242 791 1273; x_wconf 92' lang='lat' dir='ltr'>haec</span> <span class='ocrx_word' id='word_1_182' title='bbox 814 1243 985 1282; x_wconf 82' lang='lat' dir='ltr'>proclivior</span> <span class='ocrx_word' id='word_1_183' title='bbox 1007 1248 1055 1274; x_wconf 88' lang='lat' dir='ltr'>est</span> <span class='ocrx_word' id='word_1_184' title='bbox 1077 1243 1145 1283; x_wconf 90' lang='lat' dir='ltr'>lap-</span> 
     </span>
     <span class='ocr_line' id='line_1_26' title="bbox 183 1284 1145 1324; baseline 0.002 -10"><span class='ocrx_word' id='word_1_185' title='bbox 183 1294 247 1322; x_wconf 89' lang='lat' dir='ltr'>sus,</span> <span class='ocrx_word' id='word_1_186' title='bbox 271 1284 530 1324; x_wconf 89' lang='lat' dir='ltr'>quandoquidem</span> <span class='ocrx_word' id='word_1_187' title='bbox 544 1290 578 1315; x_wconf 89' lang='lat' dir='ltr'>ut</span> <span class='ocrx_word' id='word_1_188' title='bbox 591 1290 759 1316; x_wconf 82' lang='lat' dir='ltr'>terrestres</span> <span class='ocrx_word' id='word_1_189' title='bbox 773 1295 892 1324; x_wconf 89' lang='lat' dir='ltr'>sumus,</span> <span class='ocrx_word' id='word_1_190' title='bbox 912 1286 1006 1316; x_wconf 87' lang='lat' dir='ltr'>rebus</span> <span class='ocrx_word' id='word_1_191' title='bbox 1018 1286 1145 1317; x_wconf 85' lang='lat' dir='ltr'>caducis</span> 
     </span>
     <span class='ocr_line' id='line_1_27' title="bbox 185 1326 1143 1368; baseline 0.003 -12"><span class='ocrx_word' id='word_1_192' title='bbox 185 1333 217 1357; x_wconf 92' lang='lat' dir='ltr'>et</span> <span class='ocrx_word' id='word_1_193' title='bbox 247 1326 415 1366; x_wconf 83' lang='lat' dir='ltr'>fragilibus</span> <span class='ocrx_word' id='word_1_194' title='bbox 445 1327 634 1366; x_wconf 86' lang='lat' dir='ltr'>abripimur,</span> <span class='ocrx_word' id='word_1_195' title='bbox 665 1332 696 1358; x_wconf 90' lang='lat' dir='ltr'>et</span> <span class='ocrx_word' id='word_1_196' title='bbox 726 1327 855 1359; x_wconf 91' lang='lat' dir='ltr'>illarum</span> <span class='ocrx_word' id='word_1_197' title='bbox 881 1332 1014 1359; x_wconf 79' lang='lat' dir='ltr'>externo</span> <span class='ocrx_word' id='word_1_198' title='bbox 1037 1329 1143 1368; x_wconf 88' lang='lat' dir='ltr'>splen-</span> 
     </span>
     <span class='ocr_line' id='line_1_28' title="bbox 183 1368 1143 1409; baseline 0.002 -10"><span class='ocrx_word' id='word_1_199' title='bbox 183 1368 259 1400; x_wconf 90' lang='lat' dir='ltr'>dore</span> <span class='ocrx_word' id='word_1_200' title='bbox 282 1369 469 1408; x_wconf 85' lang='lat' dir='ltr'>decipimur.</span> <span class='ocrx_word' id='word_1_201' title='bbox 514 1369 626 1409; x_wconf 89' lang='lat' dir='ltr'>Neque</span> <span class='ocrx_word' id='word_1_202' title='bbox 655 1380 730 1401; x_wconf 90' lang='lat' dir='ltr'>vero</span> <span class='ocrx_word' id='word_1_203' title='bbox 761 1370 799 1401; x_wconf 89' lang='lat' dir='ltr'>de</span> <span class='ocrx_word' id='word_1_204' title='bbox 827 1370 993 1401; x_wconf 87' lang='lat' dir='ltr'>hominum</span> <span class='ocrx_word' id='word_1_205' title='bbox 1017 1376 1143 1402; x_wconf 84' lang='lat' dir='ltr'>tantum</span> 
     </span>
     <span class='ocr_line' id='line_1_29' title="bbox 185 1411 1142 1452; baseline 0.001 -9"><span class='ocrx_word' id='word_1_206' title='bbox 185 1416 323 1443; x_wconf 82' lang='lat' dir='ltr'>externa</span> <span class='ocrx_word' id='word_1_207' title='bbox 351 1411 455 1443; x_wconf 86' lang='lat' dir='ltr'>forma</span> <span class='ocrx_word' id='word_1_208' title='bbox 484 1412 537 1443; x_wconf 90' lang='lat' dir='ltr'>hic</span> <span class='ocrx_word' id='word_1_209' title='bbox 568 1412 696 1452; x_wconf 91' lang='lat' dir='ltr'>loquor:</span> <span class='ocrx_word' id='word_1_210' title='bbox 721 1413 776 1444; x_wconf 92' lang='lat' dir='ltr'>sed</span> <span class='ocrx_word' id='word_1_211' title='bbox 799 1413 837 1443; x_wconf 93' lang='lat' dir='ltr'>de</span> <span class='ocrx_word' id='word_1_212' title='bbox 861 1413 983 1444; x_wconf 92' lang='lat' dir='ltr'>colendi</span> <span class='ocrx_word' id='word_1_213' title='bbox 1006 1413 1069 1444; x_wconf 90' lang='lat' dir='ltr'>Dei</span> <span class='ocrx_word' id='word_1_214' title='bbox 1092 1424 1142 1445; x_wconf 91' lang='lat' dir='ltr'>ra-</span> 
     </span>
     <span class='ocr_line' id='line_1_30' title="bbox 183 1455 1142 1495; baseline 0.002 -10"><span class='ocrx_word' id='word_1_215' title='bbox 183 1455 279 1493; x_wconf 84' lang='lat' dir='ltr'>tione,</span> <span class='ocrx_word' id='word_1_216' title='bbox 302 1455 334 1485; x_wconf 91' lang='lat' dir='ltr'>in</span> <span class='ocrx_word' id='word_1_217' title='bbox 359 1464 422 1494; x_wconf 89' lang='lat' dir='ltr'>qua</span> <span class='ocrx_word' id='word_1_218' title='bbox 444 1455 584 1486; x_wconf 77' lang='lat' dir='ltr'>maxime</span> <span class='ocrx_word' id='word_1_219' title='bbox 606 1456 730 1495; x_wconf 86' lang='lat' dir='ltr'>peccari</span> <span class='ocrx_word' id='word_1_220' title='bbox 753 1456 792 1486; x_wconf 91' lang='lat' dir='ltr'>ab</span> <span class='ocrx_word' id='word_1_221' title='bbox 817 1456 998 1487; x_wconf 88' lang='lat' dir='ltr'>hominibus</span> <span class='ocrx_word' id='word_1_222' title='bbox 1020 1463 1142 1487; x_wconf 90' lang='lat' dir='ltr'>certum</span> 
     </span>
     <span class='ocr_line' id='line_1_31' title="bbox 183 1497 1144 1539; baseline 0.003 -12"><span class='ocrx_word' id='word_1_223' title='bbox 183 1502 241 1528; x_wconf 87' lang='lat' dir='ltr'>est.</span> <span class='ocrx_word' id='word_1_224' title='bbox 286 1497 405 1537; x_wconf 81' lang='lat' dir='ltr'>Ecquis</span> <span class='ocrx_word' id='word_1_225' title='bbox 435 1498 521 1528; x_wconf 90' lang='lat' dir='ltr'>enim</span> <span class='ocrx_word' id='word_1_226' title='bbox 550 1507 615 1528; x_wconf 91' lang='lat' dir='ltr'>non</span> <span class='ocrx_word' id='word_1_227' title='bbox 647 1497 733 1529; x_wconf 92' lang='lat' dir='ltr'>videt</span> <span class='ocrx_word' id='word_1_228' title='bbox 765 1498 871 1530; x_wconf 87' lang='lat' dir='ltr'>cultus</span> <span class='ocrx_word' id='word_1_229' title='bbox 895 1498 994 1529; x_wconf 88' lang='lat' dir='ltr'>divini</span> <span class='ocrx_word' id='word_1_230' title='bbox 1018 1509 1144 1539; x_wconf 91' lang='lat' dir='ltr'>corrup-</span> 
     </span>
     <span class='ocr_line' id='line_1_32' title="bbox 183 1539 1142 1581; baseline 0.003 -11"><span class='ocrx_word' id='word_1_231' title='bbox 183 1539 305 1570; x_wconf 86' lang='lat' dir='ltr'>tionem</span> <span class='ocrx_word' id='word_1_232' title='bbox 324 1539 357 1570; x_wconf 93' lang='lat' dir='ltr'>in</span> <span class='ocrx_word' id='word_1_233' title='bbox 376 1539 432 1570; x_wconf 86' lang='lat' dir='ltr'>illa</span> <span class='ocrx_word' id='word_1_234' title='bbox 457 1540 709 1580; x_wconf 81' lang='lat' dir='ltr'>pseudoecclesia</span> <span class='ocrx_word' id='word_1_235' title='bbox 732 1550 873 1579; x_wconf 89' lang='lat' dir='ltr'>romana,</span> <span class='ocrx_word' id='word_1_236' title='bbox 896 1542 928 1572; x_wconf 92' lang='lat' dir='ltr'>in</span> <span class='ocrx_word' id='word_1_237' title='bbox 952 1552 1014 1581; x_wconf 90' lang='lat' dir='ltr'>qua</span> <span class='ocrx_word' id='word_1_238' title='bbox 1037 1542 1142 1573; x_wconf 88' lang='lat' dir='ltr'>Deum</span> 
     </span>
     <span class='ocr_line' id='line_1_33' title="bbox 183 1582 1142 1622; baseline 0.001 -8"><span class='ocrx_word' id='word_1_239' title='bbox 183 1582 243 1614; x_wconf 88' lang='lat' dir='ltr'>coli</span> <span class='ocrx_word' id='word_1_240' title='bbox 274 1592 337 1613; x_wconf 89' lang='lat' dir='ltr'>non</span> <span class='ocrx_word' id='word_1_241' title='bbox 369 1592 460 1622; x_wconf 85' lang='lat' dir='ltr'>posse</span> <span class='ocrx_word' id='word_1_242' title='bbox 483 1582 624 1614; x_wconf 90' lang='lat' dir='ltr'>creditur</span> <span class='ocrx_word' id='word_1_243' title='bbox 647 1584 716 1614; x_wconf 88' lang='lat' dir='ltr'>sine</span> <span class='ocrx_word' id='word_1_244' title='bbox 740 1583 849 1614; x_wconf 87' lang='lat' dir='ltr'>multis</span> <span class='ocrx_word' id='word_1_245' title='bbox 872 1585 1014 1615; x_wconf 83' lang='lat' dir='ltr'>externis</span> <span class='ocrx_word' id='word_1_246' title='bbox 1037 1595 1142 1616; x_wconf 88' lang='lat' dir='ltr'>caere-</span> 
     </span>
     <span class='ocr_line' id='line_1_34' title="bbox 183 1625 1141 1664; baseline 0.003 -9"><span class='ocrx_word' id='word_1_247' title='bbox 183 1625 300 1655; x_wconf 86' lang='lat' dir='ltr'>moniis</span> <span class='ocrx_word' id='word_1_248' title='bbox 324 1625 466 1656; x_wconf 88' lang='lat' dir='ltr'>ridiculis</span> <span class='ocrx_word' id='word_1_249' title='bbox 489 1631 521 1656; x_wconf 83' lang='lat' dir='ltr'>et</span> <span class='ocrx_word' id='word_1_250' title='bbox 544 1625 717 1657; x_wconf 82' lang='lat' dir='ltr'>inanibus?</span> <span class='ocrx_word' id='word_1_251' title='bbox 753 1625 915 1664; x_wconf 79' lang='lat' dir='ltr'>Quorsum</span> <span class='ocrx_word' id='word_1_252' title='bbox 939 1627 1024 1657; x_wconf 91' lang='lat' dir='ltr'>enim</span> <span class='ocrx_word' id='word_1_253' title='bbox 1048 1627 1141 1658; x_wconf 90' lang='lat' dir='ltr'>lumi-</span> 
     </span>
     <span class='ocr_line' id='line_1_35' title="bbox 183 1667 1142 1709; baseline 0.003 -11"><span class='ocrx_word' id='word_1_254' title='bbox 183 1667 274 1698; x_wconf 89' lang='lat' dir='ltr'>naria</span> <span class='ocrx_word' id='word_1_255' title='bbox 297 1668 331 1698; x_wconf 92' lang='lat' dir='ltr'>in</span> <span class='ocrx_word' id='word_1_256' title='bbox 356 1668 494 1707; x_wconf 90' lang='lat' dir='ltr'>templis,</span> <span class='ocrx_word' id='word_1_257' title='bbox 517 1669 753 1707; x_wconf 76' lang='lat' dir='ltr'>peristromata,</span> <span class='ocrx_word' id='word_1_258' title='bbox 777 1669 896 1705; x_wconf 87' lang='lat' dir='ltr'>aulaea,</span> <span class='ocrx_word' id='word_1_259' title='bbox 921 1679 1048 1709; x_wconf 87' lang='lat' dir='ltr'>organa.</span> <span class='ocrx_word' id='word_1_260' title='bbox 1073 1681 1142 1702; x_wconf 90' lang='lat' dir='ltr'>ves-</span> 
     </span>
     <span class='ocr_line' id='line_1_36' title="bbox 182 1711 1141 1751; baseline 0.003 -11"><span class='ocrx_word' id='word_1_261' title='bbox 182 1711 393 1741; x_wconf 87' lang='lat' dir='ltr'>timentorum</span> <span class='ocrx_word' id='word_1_262' title='bbox 421 1716 509 1741; x_wconf 88' lang='lat' dir='ltr'>certa</span> <span class='ocrx_word' id='word_1_263' title='bbox 538 1721 666 1751; x_wconf 87' lang='lat' dir='ltr'>genera,</span> <span class='ocrx_word' id='word_1_264' title='bbox 697 1722 830 1751; x_wconf 91' lang='lat' dir='ltr'>quorum</span> <span class='ocrx_word' id='word_1_265' title='bbox 860 1712 1003 1743; x_wconf 90' lang='lat' dir='ltr'>omnium</span> <span class='ocrx_word' id='word_1_266' title='bbox 1033 1712 1141 1744; x_wconf 89' lang='lat' dir='ltr'>nullus</span> 
     </span>
     <span class='ocr_line' id='line_1_37' title="bbox 183 1753 1140 1795; baseline 0.003 -12"><span class='ocrx_word' id='word_1_267' title='bbox 183 1758 231 1784; x_wconf 88' lang='lat' dir='ltr'>est</span> <span class='ocrx_word' id='word_1_268' title='bbox 262 1753 390 1791; x_wconf 87' lang='lat' dir='ltr'>modus,</span> <span class='ocrx_word' id='word_1_269' title='bbox 420 1763 524 1792; x_wconf 90' lang='lat' dir='ltr'>neque</span> <span class='ocrx_word' id='word_1_270' title='bbox 554 1754 644 1791; x_wconf 89' lang='lat' dir='ltr'>finis,</span> <span class='ocrx_word' id='word_1_271' title='bbox 678 1753 733 1785; x_wconf 87' lang='lat' dir='ltr'>sed</span> <span class='ocrx_word' id='word_1_272' title='bbox 764 1754 880 1793; x_wconf 89' lang='lat' dir='ltr'>quibus</span> <span class='ocrx_word' id='word_1_273' title='bbox 908 1760 1032 1785; x_wconf 90' lang='lat' dir='ltr'>tantum</span> <span class='ocrx_word' id='word_1_274' title='bbox 1057 1756 1140 1795; x_wconf 90' lang='lat' dir='ltr'>plebi</span> 
     </span>
     <span class='ocr_line' id='line_1_38' title="bbox 181 1795 1142 1838; baseline 0.004 -12"><span class='ocrx_word' id='word_1_275' title='bbox 181 1795 319 1826; x_wconf 82' lang='lat' dir='ltr'>miserae</span> <span class='ocrx_word' id='word_1_276' title='bbox 352 1795 537 1835; x_wconf 78' lang='lat' dir='ltr'>imponitur,</span> <span class='ocrx_word' id='word_1_277' title='bbox 572 1802 608 1826; x_wconf 92' lang='lat' dir='ltr'>ut</span> <span class='ocrx_word' id='word_1_278' title='bbox 640 1807 710 1827; x_wconf 89' lang='lat' dir='ltr'>cum</span> <span class='ocrx_word' id='word_1_279' title='bbox 743 1802 872 1836; x_wconf 83' lang='lat' dir='ltr'>stupore</span> <span class='ocrx_word' id='word_1_280' title='bbox 902 1798 1056 1838; x_wconf 84' lang='lat' dir='ltr'>mysteria</span> <span class='ocrx_word' id='word_1_281' title='bbox 1086 1799 1142 1830; x_wconf 90' lang='lat' dir='ltr'>illa</span> 
     </span>
     <span class='ocr_line' id='line_1_39' title="bbox 180 1837 1140 1880; baseline 0.004 -12"><span class='ocrx_word' id='word_1_282' title='bbox 180 1837 356 1878; x_wconf 82' lang='lat' dir='ltr'>suspiciat?</span> <span class='ocrx_word' id='word_1_283' title='bbox 424 1838 493 1869; x_wconf 90' lang='lat' dir='ltr'>Nae</span> <span class='ocrx_word' id='word_1_284' title='bbox 538 1850 577 1869; x_wconf 82' lang='lat' dir='ltr'>ex</span> <span class='ocrx_word' id='word_1_285' title='bbox 618 1839 751 1869; x_wconf 89' lang='lat' dir='ltr'>humani</span> <span class='ocrx_word' id='word_1_286' title='bbox 787 1840 908 1880; x_wconf 85' lang='lat' dir='ltr'>ingenii</span> <span class='ocrx_word' id='word_1_287' title='bbox 937 1841 1140 1880; x_wconf 87' lang='lat' dir='ltr'>corruptione</span> 
     </span>
     <span class='ocr_line' id='line_1_40' title="bbox 180 1880 1139 1920; baseline 0.003 -9"><span class='ocrx_word' id='word_1_288' title='bbox 180 1880 266 1912; x_wconf 86' lang='lat' dir='ltr'>istud</span> <span class='ocrx_word' id='word_1_289' title='bbox 298 1881 518 1920; x_wconf 86' lang='lat' dir='ltr'>proficiscitur,</span> <span class='ocrx_word' id='word_1_290' title='bbox 550 1881 633 1920; x_wconf 90' lang='lat' dir='ltr'>quod</span> <span class='ocrx_word' id='word_1_291' title='bbox 661 1882 695 1912; x_wconf 86' lang='lat' dir='ltr'>in</span> <span class='ocrx_word' id='word_1_292' title='bbox 718 1882 812 1913; x_wconf 91' lang='lat' dir='ltr'>rebus</span> <span class='ocrx_word' id='word_1_293' title='bbox 834 1882 1013 1914; x_wconf 84' lang='lat' dir='ltr'>visibilibus</span> <span class='ocrx_word' id='word_1_294' title='bbox 1036 1888 1066 1914; x_wconf 89' lang='lat' dir='ltr'>et</span> <span class='ocrx_word' id='word_1_295' title='bbox 1089 1894 1139 1915; x_wconf 90' lang='lat' dir='ltr'>ca—</span> 
     </span>
     <span class='ocr_line' id='line_1_41' title="bbox 181 1923 1139 1964; baseline 0.003 -10"><span class='ocrx_word' id='word_1_296' title='bbox 181 1923 272 1955; x_wconf 88' lang='lat' dir='ltr'>ducis</span> <span class='ocrx_word' id='word_1_297' title='bbox 295 1923 419 1954; x_wconf 86' lang='lat' dir='ltr'>haeret:</span> <span class='ocrx_word' id='word_1_298' title='bbox 443 1934 540 1963; x_wconf 88' lang='lat' dir='ltr'>quare</span> <span class='ocrx_word' id='word_1_299' title='bbox 564 1935 623 1955; x_wconf 89' lang='lat' dir='ltr'>nos</span> <span class='ocrx_word' id='word_1_300' title='bbox 646 1934 812 1964; x_wconf 85' lang='lat' dir='ltr'>nunquam</span> <span class='ocrx_word' id='word_1_301' title='bbox 837 1930 956 1956; x_wconf 91' lang='lat' dir='ltr'>rectam</span> <span class='ocrx_word' id='word_1_302' title='bbox 980 1927 1065 1956; x_wconf 89' lang='lat' dir='ltr'>viam</span> <span class='ocrx_word' id='word_1_303' title='bbox 1089 1927 1139 1957; x_wconf 94' lang='lat' dir='ltr'>in-</span> 
     </span>
     <span class='ocr_line' id='line_1_42' title="bbox 180 1967 1139 2009; baseline 0.004 -12"><span class='ocrx_word' id='word_1_304' title='bbox 180 1976 347 2007; x_wconf 78' lang='lat' dir='ltr'>gressuros</span> <span class='ocrx_word' id='word_1_305' title='bbox 366 1972 490 1997; x_wconf 87' lang='lat' dir='ltr'>certum</span> <span class='ocrx_word' id='word_1_306' title='bbox 515 1972 564 1997; x_wconf 84' lang='lat' dir='ltr'>est</span> <span class='ocrx_word' id='word_1_307' title='bbox 586 1967 685 1998; x_wconf 88' lang='lat' dir='ltr'>donec</span> <span class='ocrx_word' id='word_1_308' title='bbox 709 1977 822 1998; x_wconf 88' lang='lat' dir='ltr'>sensus</span> <span class='ocrx_word' id='word_1_309' title='bbox 847 1972 973 1999; x_wconf 85' lang='lat' dir='ltr'>nostros</span> <span class='ocrx_word' id='word_1_310' title='bbox 996 1969 1139 2009; x_wconf 86' lang='lat' dir='ltr'>captivos</span> 
     </span>
     <span class='ocr_line' id='line_1_43' title="bbox 180 2008 1138 2051; baseline 0.003 -11"><span class='ocrx_word' id='word_1_311' title='bbox 180 2009 378 2045; x_wconf 85' lang='lat' dir='ltr'>duxerimus,</span> <span class='ocrx_word' id='word_1_312' title='bbox 398 2014 430 2040; x_wconf 89' lang='lat' dir='ltr'>et</span> <span class='ocrx_word' id='word_1_313' title='bbox 442 2008 481 2038; x_wconf 90' lang='lat' dir='ltr'>ab</span> <span class='ocrx_word' id='word_1_314' title='bbox 494 2010 563 2040; x_wconf 86' lang='lat' dir='ltr'>istis</span> <span class='ocrx_word' id='word_1_315' title='bbox 575 2010 717 2040; x_wconf 77' lang='lat' dir='ltr'>externis</span> <span class='ocrx_word' id='word_1_316' title='bbox 738 2010 862 2049; x_wconf 90' lang='lat' dir='ltr'>pompis</span> <span class='ocrx_word' id='word_1_317' title='bbox 882 2010 921 2040; x_wconf 90' lang='lat' dir='ltr'>ad</span> <span class='ocrx_word' id='word_1_318' title='bbox 939 2011 1138 2051; x_wconf 88' lang='lat' dir='ltr'>spiritualem</span> 
     </span>
     <span class='ocr_line' id='line_1_44' title="bbox 177 2052 1137 2086; baseline 0.002 -3"><span class='ocrx_word' id='word_1_319' title='bbox 177 2052 300 2083; x_wconf 90' lang='lat' dir='ltr'>cultum</span> <span class='ocrx_word' id='word_1_320' title='bbox 330 2052 552 2083; x_wconf 87' lang='lat' dir='ltr'>averterimus.</span> <span class='ocrx_word' id='word_1_321' title='bbox 606 2052 730 2083; x_wconf 78' lang='lat' dir='ltr'>Idcirco</span> <span class='ocrx_word' id='word_1_322' title='bbox 764 2053 953 2084; x_wconf 88' lang='lat' dir='ltr'>nominatim</span> <span class='ocrx_word' id='word_1_323' title='bbox 984 2054 1041 2085; x_wconf 91' lang='lat' dir='ltr'>hoc</span> <span class='ocrx_word' id='word_1_324' title='bbox 1071 2055 1137 2086; x_wconf 91' lang='lat' dir='ltr'>loco</span> 
     </span>
     <span class='ocr_line' id='line_1_45' title="bbox 176 2093 1139 2134; baseline 0.003 -8"><span class='ocrx_word' id='word_1_325' title='bbox 176 2095 310 2134; x_wconf 85' lang='lat' dir='ltr'>spiritus</span> <span class='ocrx_word' id='word_1_326' title='bbox 333 2093 397 2124; x_wconf 90' lang='lat' dir='ltr'>Dei</span> <span class='ocrx_word' id='word_1_327' title='bbox 421 2094 561 2134; x_wconf 86' lang='lat' dir='ltr'>loquens,</span> <span class='ocrx_word' id='word_1_328' title='bbox 592 2096 652 2125; x_wconf 86' lang='lat' dir='ltr'>ait:</span> <span class='ocrx_word' id='word_1_329' title='bbox 680 2094 783 2125; x_wconf 81' lang='lat' dir='ltr'>Deum</span> <span class='ocrx_word' id='word_1_330' title='bbox 805 2105 863 2126; x_wconf 77' lang='lat' dir='ltr'>non</span> <span class='ocrx_word' id='word_1_331' title='bbox 885 2096 973 2126; x_wconf 77' lang='lat' dir='ltr'>iuxta</span> <span class='ocrx_word' id='word_1_332' title='bbox 994 2097 1139 2129; x_wconf 74' lang='lat' dir='ltr'>intuitum</span> 
     </span>
     <span class='ocr_line' id='line_1_46' title="bbox 179 2136 1139 2179; baseline 0.005 -12"><span class='ocrx_word' id='word_1_333' title='bbox 179 2136 313 2168; x_wconf 74' lang='lat' dir='ltr'>hominis</span> <span class='ocrx_word' id='word_1_334' title='bbox 342 2137 498 2168; x_wconf 70' lang='lat' dir='ltr'>iudicare:</span> <span class='ocrx_word' id='word_1_335' title='bbox 526 2137 611 2168; x_wconf 74' lang='lat' dir='ltr'>homo</span> <span class='ocrx_word' id='word_1_336' title='bbox 640 2138 722 2168; x_wconf 81' lang='lat' dir='ltr'>enim</span> <span class='ocrx_word' id='word_1_337' title='bbox 752 2137 831 2168; x_wconf 70' lang='lat' dir='ltr'>videt</span> <span class='ocrx_word' id='word_1_338' title='bbox 859 2148 894 2170; x_wconf 83' lang='lat' dir='ltr'>ea</span> <span class='ocrx_word' id='word_1_339' title='bbox 915 2148 993 2178; x_wconf 81' lang='lat' dir='ltr'>quae</span> <span class='ocrx_word' id='word_1_340' title='bbox 1008 2143 1139 2179; x_wconf 76' lang='lat' dir='ltr'>parent:</span> 
     </span>
     <span class='ocr_line' id='line_1_47' title="bbox 178 2178 693 2211; baseline 0 0"><span class='ocrx_word' id='word_1_341' title='bbox 178 2178 338 2211; x_wconf 78' lang='lat' dir='ltr'>Dominus</span> <span class='ocrx_word' id='word_1_342' title='bbox 359 2182 459 2210; x_wconf 80' lang='lat' dir='ltr'>autem</span> <span class='ocrx_word' id='word_1_343' title='bbox 480 2180 615 2211; x_wconf 80' lang='lat' dir='ltr'>intuetur</span> <span class='ocrx_word' id='word_1_344' title='bbox 634 2190 693 2211; x_wconf 78' lang='lat' dir='ltr'>cor.</span> 
     </span>
    </p>

    <p class='ocr_par' dir='ltr' id='par_1_5' title="bbox 176 2221 1137 2650">
     <span class='ocr_line' id='line_1_48' title="bbox 265 2221 1137 2262; baseline 0.006 -10"><span class='ocrx_word' id='word_1_345' title='bbox 265 2221 365 2253; x_wconf 89' lang='lat' dir='ltr'>Porro</span> <span class='ocrx_word' id='word_1_346' title='bbox 395 2232 494 2262; x_wconf 89' lang='lat' dir='ltr'>quum</span> <span class='ocrx_word' id='word_1_347' title='bbox 525 2222 643 2253; x_wconf 88' lang='lat' dir='ltr'>dicitur</span> <span class='ocrx_word' id='word_1_348' title='bbox 665 2222 755 2253; x_wconf 86' lang='lat' dir='ltr'>Deus</span> <span class='ocrx_word' id='word_1_349' title='bbox 778 2233 840 2253; x_wconf 89' lang='lat' dir='ltr'>non</span> <span class='ocrx_word' id='word_1_350' title='bbox 864 2233 932 2254; x_wconf 84' lang='lat' dir='ltr'>esse</span> <span class='ocrx_word' id='word_1_351' title='bbox 954 2223 1137 2257; x_wconf 89' lang='lat' dir='ltr'>hominibus</span> 
     </span>
     <span class='ocr_line' id='line_1_49' title="bbox 179 2264 1137 2305; baseline 0.006 -11"><span class='ocrx_word' id='word_1_352' title='bbox 179 2264 302 2298; x_wconf 76' lang='lat' dir='ltr'>similis,</span> <span class='ocrx_word' id='word_1_353' title='bbox 334 2264 484 2296; x_wconf 89' lang='lat' dir='ltr'>docemur</span> <span class='ocrx_word' id='word_1_354' title='bbox 515 2275 533 2295; x_wconf 89' lang='lat' dir='ltr'>a</span> <span class='ocrx_word' id='word_1_355' title='bbox 561 2266 675 2305; x_wconf 89' lang='lat' dir='ltr'>spiritu</span> <span class='ocrx_word' id='word_1_356' title='bbox 706 2270 826 2302; x_wconf 77' lang='lat' dir='ltr'>sanem,</span> <span class='ocrx_word' id='word_1_357' title='bbox 857 2266 946 2298; x_wconf 86' lang='lat' dir='ltr'>nobis</span> <span class='ocrx_word' id='word_1_358' title='bbox 977 2277 1044 2298; x_wconf 88' lang='lat' dir='ltr'>rem</span> <span class='ocrx_word' id='word_1_359' title='bbox 1068 2278 1137 2300; x_wconf 89' lang='lat' dir='ltr'>esse</span> 
     </span>
     <span class='ocr_line' id='line_1_50' title="bbox 177 2306 1136 2347; baseline 0.005 -10"><span class='ocrx_word' id='word_1_360' title='bbox 177 2317 249 2338; x_wconf 91' lang='lat' dir='ltr'>cum</span> <span class='ocrx_word' id='word_1_361' title='bbox 280 2306 362 2345; x_wconf 92' lang='lat' dir='ltr'>Deo,</span> <span class='ocrx_word' id='word_1_362' title='bbox 391 2317 427 2338; x_wconf 92' lang='lat' dir='ltr'>ac</span> <span class='ocrx_word' id='word_1_363' title='bbox 455 2307 588 2347; x_wconf 89' lang='lat' dir='ltr'>proinde</span> <span class='ocrx_word' id='word_1_364' title='bbox 618 2318 683 2338; x_wconf 90' lang='lat' dir='ltr'>non</span> <span class='ocrx_word' id='word_1_365' title='bbox 706 2317 774 2338; x_wconf 88' lang='lat' dir='ltr'>esse</span> <span class='ocrx_word' id='word_1_366' title='bbox 797 2318 836 2338; x_wconf 84' lang='lat' dir='ltr'>ex</span> <span class='ocrx_word' id='word_1_367' title='bbox 859 2314 1040 2341; x_wconf 90' lang='lat' dir='ltr'>nostrorum</span> <span class='ocrx_word' id='word_1_368' title='bbox 1064 2321 1136 2342; x_wconf 89' lang='lat' dir='ltr'>sen-</span> 
     </span>
     <span class='ocr_line' id='line_1_51' title="bbox 177 2349 1135 2392; baseline 0.004 -12"><span class='ocrx_word' id='word_1_369' title='bbox 177 2359 273 2381; x_wconf 90' lang='lat' dir='ltr'>suum</span> <span class='ocrx_word' id='word_1_370' title='bbox 303 2349 568 2389; x_wconf 86' lang='lat' dir='ltr'>apprehensione,</span> <span class='ocrx_word' id='word_1_371' title='bbox 597 2359 661 2380; x_wconf 89' lang='lat' dir='ltr'>non</span> <span class='ocrx_word' id='word_1_372' title='bbox 691 2360 730 2380; x_wconf 82' lang='lat' dir='ltr'>ex</span> <span class='ocrx_word' id='word_1_373' title='bbox 761 2350 893 2382; x_wconf 89' lang='lat' dir='ltr'>arbitrio</span> <span class='ocrx_word' id='word_1_374' title='bbox 923 2357 1042 2392; x_wconf 89' lang='lat' dir='ltr'>nostro,</span> <span class='ocrx_word' id='word_1_375' title='bbox 1072 2365 1135 2384; x_wconf 90' lang='lat' dir='ltr'>non</span> 
     </span>
     <span class='ocr_line' id='line_1_52' title="bbox 178 2392 1134 2433; baseline 0.005 -11"><span class='ocrx_word' id='word_1_376' title='bbox 178 2403 218 2423; x_wconf 83' lang='lat' dir='ltr'>ex</span> <span class='ocrx_word' id='word_1_377' title='bbox 242 2392 366 2422; x_wconf 85' lang='lat' dir='ltr'>ratione</span> <span class='ocrx_word' id='word_1_378' title='bbox 389 2398 421 2422; x_wconf 90' lang='lat' dir='ltr'>et</span> <span class='ocrx_word' id='word_1_379' title='bbox 442 2392 656 2431; x_wconf 81' lang='lat' dir='ltr'>intelligentia</span> <span class='ocrx_word' id='word_1_380' title='bbox 679 2397 790 2424; x_wconf 89' lang='lat' dir='ltr'>nostra</span> <span class='ocrx_word' id='word_1_381' title='bbox 812 2393 987 2433; x_wconf 88' lang='lat' dir='ltr'>colendum,</span> <span class='ocrx_word' id='word_1_382' title='bbox 1010 2400 1041 2426; x_wconf 89' lang='lat' dir='ltr'>et</span> <span class='ocrx_word' id='word_1_383' title='bbox 1063 2406 1134 2427; x_wconf 91' lang='lat' dir='ltr'>cum</span> 
     </span>
     <span class='ocr_line' id='line_1_53' title="bbox 178 2434 1136 2476; baseline 0.005 -11"><span class='ocrx_word' id='word_1_384' title='bbox 178 2435 248 2474; x_wconf 87' lang='lat' dir='ltr'>ipso</span> <span class='ocrx_word' id='word_1_385' title='bbox 279 2434 449 2475; x_wconf 89' lang='lat' dir='ltr'>agendum.</span> <span class='ocrx_word' id='word_1_386' title='bbox 494 2434 603 2473; x_wconf 89' lang='lat' dir='ltr'>Quare</span> <span class='ocrx_word' id='word_1_387' title='bbox 634 2434 734 2466; x_wconf 91' lang='lat' dir='ltr'>donec</span> <span class='ocrx_word' id='word_1_388' title='bbox 759 2435 849 2466; x_wconf 88' lang='lat' dir='ltr'>nobis</span> <span class='ocrx_word' id='word_1_389' title='bbox 872 2437 948 2476; x_wconf 85' lang='lat' dir='ltr'>ipsis</span> <span class='ocrx_word' id='word_1_390' title='bbox 971 2440 1136 2470; x_wconf 87' lang='lat' dir='ltr'>renuncia-</span> 
     </span>
     <span class='ocr_line' id='line_1_54' title="bbox 177 2478 1134 2520; baseline 0.006 -13"><span class='ocrx_word' id='word_1_391' title='bbox 177 2478 330 2513; x_wconf 77' lang='lat' dir='ltr'>verimus,</span> <span class='ocrx_word' id='word_1_392' title='bbox 363 2483 486 2508; x_wconf 83' lang='lat' dir='ltr'>certum</span> <span class='ocrx_word' id='word_1_393' title='bbox 517 2485 565 2508; x_wconf 88' lang='lat' dir='ltr'>est</span> <span class='ocrx_word' id='word_1_394' title='bbox 588 2487 646 2508; x_wconf 88' lang='lat' dir='ltr'>nos</span> <span class='ocrx_word' id='word_1_395' title='bbox 669 2487 705 2507; x_wconf 90' lang='lat' dir='ltr'>eo</span> <span class='ocrx_word' id='word_1_396' title='bbox 729 2478 856 2518; x_wconf 88' lang='lat' dir='ltr'>longius</span> <span class='ocrx_word' id='word_1_397' title='bbox 879 2480 917 2510; x_wconf 90' lang='lat' dir='ltr'>ab</span> <span class='ocrx_word' id='word_1_398' title='bbox 940 2480 1009 2520; x_wconf 89' lang='lat' dir='ltr'>ipso</span> <span class='ocrx_word' id='word_1_399' title='bbox 1032 2491 1134 2513; x_wconf 88' lang='lat' dir='ltr'>reces-</span> 
     </span>
     <span class='ocr_line' id='line_1_55' title="bbox 177 2520 1134 2563; baseline 0.005 -12"><span class='ocrx_word' id='word_1_400' title='bbox 177 2530 268 2551; x_wconf 88' lang='lat' dir='ltr'>suros</span> <span class='ocrx_word' id='word_1_401' title='bbox 299 2529 361 2559; x_wconf 87' lang='lat' dir='ltr'>quo</span> <span class='ocrx_word' id='word_1_402' title='bbox 392 2520 638 2560; x_wconf 88' lang='lat' dir='ltr'>propinquiores</span> <span class='ocrx_word' id='word_1_403' title='bbox 657 2530 713 2551; x_wconf 87' lang='lat' dir='ltr'>nos</span> <span class='ocrx_word' id='word_1_404' title='bbox 737 2531 804 2552; x_wconf 87' lang='lat' dir='ltr'>esse</span> <span class='ocrx_word' id='word_1_405' title='bbox 827 2522 918 2553; x_wconf 90' lang='lat' dir='ltr'>nobis</span> <span class='ocrx_word' id='word_1_406' title='bbox 939 2525 1134 2563; x_wconf 88' lang='lat' dir='ltr'>persuaseri-</span> 
     </span>
     <span class='ocr_line' id='line_1_56' title="bbox 176 2561 1135 2603; baseline 0.005 -10"><span class='ocrx_word' id='word_1_407' title='bbox 176 2573 260 2594; x_wconf 89' lang='lat' dir='ltr'>mus.</span> <span class='ocrx_word' id='word_1_408' title='bbox 306 2561 371 2594; x_wconf 82' lang='lat' dir='ltr'>Sed</span> <span class='ocrx_word' id='word_1_409' title='bbox 401 2562 450 2593; x_wconf 90' lang='lat' dir='ltr'>vis</span> <span class='ocrx_word' id='word_1_410' title='bbox 480 2563 570 2593; x_wconf 85' lang='lat' dir='ltr'>nobis</span> <span class='ocrx_word' id='word_1_411' title='bbox 601 2563 677 2602; x_wconf 89' lang='lat' dir='ltr'>ipsis</span> <span class='ocrx_word' id='word_1_412' title='bbox 700 2563 844 2594; x_wconf 88' lang='lat' dir='ltr'>facienda</span> <span class='ocrx_word' id='word_1_413' title='bbox 866 2569 923 2603; x_wconf 88' lang='lat' dir='ltr'>est,</span> <span class='ocrx_word' id='word_1_414' title='bbox 952 2570 989 2596; x_wconf 91' lang='lat' dir='ltr'>ut</span> <span class='ocrx_word' id='word_1_415' title='bbox 1011 2567 1049 2598; x_wconf 92' lang='lat' dir='ltr'>ab</span> <span class='ocrx_word' id='word_1_416' title='bbox 1072 2568 1135 2598; x_wconf 89' lang='lat' dir='ltr'>ista</span> 
     </span>
     <span class='ocr_line' id='line_1_57' title="bbox 178 2604 1132 2650; baseline 0.006 -15"><span class='ocrx_word' id='word_1_417' title='bbox 178 2606 322 2636; x_wconf 86' lang='lat' dir='ltr'>vanitate</span> <span class='ocrx_word' id='word_1_418' title='bbox 342 2604 572 2636; x_wconf 85' lang='lat' dir='ltr'>deterreamur.</span> <span class='ocrx_word' id='word_1_419' title='bbox 606 2605 731 2645; x_wconf 87' lang='lat' dir='ltr'>Ecquid</span> <span class='ocrx_word' id='word_1_420' title='bbox 750 2606 835 2637; x_wconf 88' lang='lat' dir='ltr'>enim</span> <span class='ocrx_word' id='word_1_421' title='bbox 859 2606 945 2638; x_wconf 88' lang='lat' dir='ltr'>aliud</span> <span class='ocrx_word' id='word_1_422' title='bbox 959 2613 1015 2645; x_wconf 73' lang='lat' dir='ltr'>‚est</span> <span class='ocrx_word' id='word_1_423' title='bbox 1037 2620 1132 2650; x_wconf 91' lang='lat' dir='ltr'>quam</span> 
     </span>
    </p>
   </div>
   <div class='ocr_carea' id='block_1_5' title="bbox 848 169 1516 205">
    <p class='ocr_par' dir='ltr' id='par_1_6' title="bbox 848 169 1516 205">
     <span class='ocr_line' id='line_1_58' title="bbox 848 169 1516 205; baseline 0.004 -4"><span class='ocrx_word' id='word_1_424' title='bbox 848 170 895 201; x_wconf 89' lang='lat' dir='ltr'>IN</span> <span class='ocrx_word' id='word_1_425' title='bbox 919 170 944 201; x_wconf 94' lang='lat' dir='ltr'>I.</span> <span class='ocrx_word' id='word_1_426' title='bbox 969 169 1057 202; x_wconf 90' lang='lat' dir='ltr'>LIB.</span> <span class='ocrx_word' id='word_1_427' title='bbox 1080 169 1278 202; x_wconf 82' lang='lat' dir='ltr'>SAMUEL.</span> <span class='ocrx_word' id='word_1_428' title='bbox 1303 171 1399 204; x_wconf 87' lang='lat' dir='ltr'>CAP.</span> <span class='ocrx_word' id='word_1_429' title='bbox 1423 173 1516 205; x_wconf 74' lang='lat' dir='ltr'>XVI.</span> 
     </span>
    </p>
   </div>
   <div class='ocr_carea' id='block_1_6' title="bbox 1159 266 1184 2625">
    <p class='ocr_par' dir='ltr' id='par_1_7' title="bbox 1159 266 1184 2625">
     <span class='ocr_line' id='line_1_59' title="bbox 1159 266 1184 2625; baseline 0 0"><span class='ocrx_word' id='word_1_430' title='bbox 1159 266 1184 2625; x_wconf 95' lang='lat' dir='ltr'> </span> 
     </span>
    </p>
   </div>
   <div class='ocr_carea' id='block_1_7' title="bbox 2104 178 2163 210">
    <p class='ocr_par' dir='ltr' id='par_1_8' title="bbox 2104 178 2163 210">
     <span class='ocr_line' id='line_1_60' title="bbox 2104 178 2163 210; baseline 0.034 -2"><span class='ocrx_word' id='word_1_431' title='bbox 2104 178 2163 210; x_wconf 75' lang='lat'>166</span> 
     </span>
    </p>
   </div>
   <div class='ocr_carea' id='block_1_8' title="bbox 1185 265 2163 2684">
    <p class='ocr_par' dir='ltr' id='par_1_9' title="bbox 1185 265 2163 2684">
     <span class='ocr_line' id='line_1_61' title="bbox 1208 265 2163 302; baseline 0.009 -9"><span class='ocrx_word' id='word_1_432' title='bbox 1208 274 1295 294; x_wconf 88' lang='lat' dir='ltr'>mera</span> <span class='ocrx_word' id='word_1_433' title='bbox 1327 265 1451 296; x_wconf 83' lang='lat' dir='ltr'>vanitas</span> <span class='ocrx_word' id='word_1_434' title='bbox 1482 271 1511 297; x_wconf 88' lang='lat' dir='ltr'>et</span> <span class='ocrx_word' id='word_1_435' title='bbox 1542 268 1675 299; x_wconf 83' lang='lat' dir='ltr'>stultitia</span> <span class='ocrx_word' id='word_1_436' title='bbox 1708 269 1802 300; x_wconf 89' lang='lat' dir='ltr'>rebus</span> <span class='ocrx_word' id='word_1_437' title='bbox 1828 269 2002 301; x_wconf 85' lang='lat' dir='ltr'>adhaerere</span> <span class='ocrx_word' id='word_1_438' title='bbox 2027 272 2163 302; x_wconf 87' lang='lat' dir='ltr'>terrenis</span> 
     </span>
     <span class='ocr_line' id='line_1_62' title="bbox 1207 307 2161 354; baseline 0.008 -17"><span class='ocrx_word' id='word_1_439' title='bbox 1207 312 1239 337; x_wconf 88' lang='lat' dir='ltr'>et</span> <span class='ocrx_word' id='word_1_440' title='bbox 1251 307 1386 343; x_wconf 85' lang='lat' dir='ltr'>caducis,</span> <span class='ocrx_word' id='word_1_441' title='bbox 1406 313 1435 338; x_wconf 87' lang='lat' dir='ltr'>et</span> <span class='ocrx_word' id='word_1_442' title='bbox 1456 309 1493 339; x_wconf 88' lang='lat' dir='ltr'>ab</span> <span class='ocrx_word' id='word_1_443' title='bbox 1513 310 1639 341; x_wconf 87' lang='lat' dir='ltr'>illarum</span> <span class='ocrx_word' id='word_1_444' title='bbox 1661 315 1793 342; x_wconf 83' lang='lat' dir='ltr'>externo</span> <span class='ocrx_word' id='word_1_445' title='bbox 1812 313 1980 352; x_wconf 77' lang='lat' dir='ltr'>splendore</span> <span class='ocrx_word' id='word_1_446' title='bbox 2000 313 2161 354; x_wconf 78' lang='lat' dir='ltr'>pendere?</span> 
     </span>
     <span class='ocr_line' id='line_1_63' title="bbox 1207 348 2162 397; baseline 0.01 -19"><span class='ocrx_word' id='word_1_447' title='bbox 1207 348 1272 379; x_wconf 79' lang='lat' dir='ltr'>Sed</span> <span class='ocrx_word' id='word_1_448' title='bbox 1301 349 1339 379; x_wconf 85' lang='lat' dir='ltr'>ad</span> <span class='ocrx_word' id='word_1_449' title='bbox 1369 355 1496 381; x_wconf 84' lang='lat' dir='ltr'>terrena</span> <span class='ocrx_word' id='word_1_450' title='bbox 1527 352 1579 383; x_wconf 90' lang='lat' dir='ltr'>illa</span> <span class='ocrx_word' id='word_1_451' title='bbox 1609 354 1703 384; x_wconf 89' lang='lat' dir='ltr'>etiam</span> <span class='ocrx_word' id='word_1_452' title='bbox 1725 355 1844 385; x_wconf 87' lang='lat' dir='ltr'>accedit</span> <span class='ocrx_word' id='word_1_453' title='bbox 1870 355 2062 395; x_wconf 64' lang='lat' dir='ltr'>hypocrisis:</span> <span class='ocrx_word' id='word_1_454' title='bbox 2099 367 2162 397; x_wconf 89' lang='lat' dir='ltr'>qua</span> 
     </span>
     <span class='ocr_line' id='line_1_64' title="bbox 1206 392 2162 436; baseline 0.009 -15"><span class='ocrx_word' id='word_1_455' title='bbox 1206 392 1242 421; x_wconf 85' lang='lat' dir='ltr'>fit</span> <span class='ocrx_word' id='word_1_456' title='bbox 1273 397 1307 422; x_wconf 85' lang='lat' dir='ltr'>ut</span> <span class='ocrx_word' id='word_1_457' title='bbox 1338 393 1535 432; x_wconf 84' lang='lat' dir='ltr'>gaudeamus</span> <span class='ocrx_word' id='word_1_458' title='bbox 1566 397 1675 434; x_wconf 88' lang='lat' dir='ltr'>procul</span> <span class='ocrx_word' id='word_1_459' title='bbox 1707 408 1724 427; x_wconf 93' lang='lat' dir='ltr'>a</span> <span class='ocrx_word' id='word_1_460' title='bbox 1756 398 1823 428; x_wconf 88' lang='lat' dir='ltr'>Deo</span> <span class='ocrx_word' id='word_1_461' title='bbox 1853 398 1972 436; x_wconf 85' lang='lat' dir='ltr'>abesse,</span> <span class='ocrx_word' id='word_1_462' title='bbox 2002 399 2097 430; x_wconf 87' lang='lat' dir='ltr'>veriti</span> <span class='ocrx_word' id='word_1_463' title='bbox 2122 410 2162 431; x_wconf 88' lang='lat' dir='ltr'>ne</span> 
     </span>
     <span class='ocr_line' id='line_1_65' title="bbox 1206 434 2162 482; baseline 0.01 -19"><span class='ocrx_word' id='word_1_464' title='bbox 1206 434 1285 464; x_wconf 88' lang='lat' dir='ltr'>vitia</span> <span class='ocrx_word' id='word_1_465' title='bbox 1320 440 1429 465; x_wconf 86' lang='lat' dir='ltr'>nostra</span> <span class='ocrx_word' id='word_1_466' title='bbox 1463 437 1493 466; x_wconf 89' lang='lat' dir='ltr'>in</span> <span class='ocrx_word' id='word_1_467' title='bbox 1530 437 1629 477; x_wconf 88' lang='lat' dir='ltr'>ipsius</span> <span class='ocrx_word' id='word_1_468' title='bbox 1663 445 1869 480; x_wconf 82' lang='lat' dir='ltr'>conspectum</span> <span class='ocrx_word' id='word_1_469' title='bbox 1907 442 2046 477; x_wconf 86' lang='lat' dir='ltr'>veniant,</span> <span class='ocrx_word' id='word_1_470' title='bbox 2082 452 2162 482; x_wconf 90' lang='lat' dir='ltr'>quae</span> 
     </span>
     <span class='ocr_line' id='line_1_66' title="bbox 1205 476 2161 523; baseline 0.01 -17"><span class='ocrx_word' id='word_1_471' title='bbox 1205 476 1342 508; x_wconf 86' lang='lat' dir='ltr'>libenter</span> <span class='ocrx_word' id='word_1_472' title='bbox 1362 478 1483 509; x_wconf 84' lang='lat' dir='ltr'>occulta</span> <span class='ocrx_word' id='word_1_473' title='bbox 1504 479 1665 511; x_wconf 79' lang='lat' dir='ltr'>vellemus.</span> <span class='ocrx_word' id='word_1_474' title='bbox 1696 482 1746 520; x_wconf 88' lang='lat' dir='ltr'>Et,</span> <span class='ocrx_word' id='word_1_475' title='bbox 1771 493 1898 522; x_wconf 85' lang='lat' dir='ltr'>quaeso,</span> <span class='ocrx_word' id='word_1_476' title='bbox 1922 494 2016 523; x_wconf 87' lang='lat' dir='ltr'>quam</span> <span class='ocrx_word' id='word_1_477' title='bbox 2041 485 2161 516; x_wconf 87' lang='lat' dir='ltr'>multae</span> 
     </span>
     <span class='ocr_line' id='line_1_67' title="bbox 1205 518 2162 567; baseline 0.01 -19"><span class='ocrx_word' id='word_1_478' title='bbox 1205 518 1308 549; x_wconf 90' lang='lat' dir='ltr'>cordis</span> <span class='ocrx_word' id='word_1_479' title='bbox 1339 520 1471 551; x_wconf 82' lang='lat' dir='ltr'>humani</span> <span class='ocrx_word' id='word_1_480' title='bbox 1502 521 1657 554; x_wconf 81' lang='lat' dir='ltr'>latebrae!</span> <span class='ocrx_word' id='word_1_481' title='bbox 1704 525 1753 555; x_wconf 83' lang='lat' dir='ltr'>Ex</span> <span class='ocrx_word' id='word_1_482' title='bbox 1786 525 1838 555; x_wconf 90' lang='lat' dir='ltr'>illa</span> <span class='ocrx_word' id='word_1_483' title='bbox 1865 526 1972 565; x_wconf 88' lang='lat' dir='ltr'>itaque</span> <span class='ocrx_word' id='word_1_484' title='bbox 1996 527 2162 567; x_wconf 74' lang='lat' dir='ltr'>hypocrisi</span> 
     </span>
     <span class='ocr_line' id='line_1_68' title="bbox 1205 563 2161 607; baseline 0.009 -16"><span class='ocrx_word' id='word_1_485' title='bbox 1205 567 1341 602; x_wconf 79' lang='lat' dir='ltr'>augetur</span> <span class='ocrx_word' id='word_1_486' title='bbox 1361 563 1472 593; x_wconf 83' lang='lat' dir='ltr'>vitium</span> <span class='ocrx_word' id='word_1_487' title='bbox 1498 563 1575 595; x_wconf 90' lang='lat' dir='ltr'>illud</span> <span class='ocrx_word' id='word_1_488' title='bbox 1600 567 1752 603; x_wconf 82' lang='lat' dir='ltr'>naturale,</span> <span class='ocrx_word' id='word_1_489' title='bbox 1778 578 1839 607; x_wconf 88' lang='lat' dir='ltr'>quo</span> <span class='ocrx_word' id='word_1_490' title='bbox 1862 569 1957 599; x_wconf 89' lang='lat' dir='ltr'>rebus</span> <span class='ocrx_word' id='word_1_491' title='bbox 1980 570 2107 600; x_wconf 87' lang='lat' dir='ltr'>caducis</span> <span class='ocrx_word' id='word_1_492' title='bbox 2131 575 2161 600; x_wconf 92' lang='lat' dir='ltr'>et</span> 
     </span>
     <span class='ocr_line' id='line_1_69' title="bbox 1204 606 2159 643; baseline 0.009 -9"><span class='ocrx_word' id='word_1_493' title='bbox 1204 606 1346 635; x_wconf 83' lang='lat' dir='ltr'>externis</span> <span class='ocrx_word' id='word_1_494' title='bbox 1376 606 1510 636; x_wconf 90' lang='lat' dir='ltr'>nimium</span> <span class='ocrx_word' id='word_1_495' title='bbox 1540 607 1760 640; x_wconf 70' lang='lat' dir='ltr'>inhaeremus:</span> <span class='ocrx_word' id='word_1_496' title='bbox 1792 616 1822 640; x_wconf 89' lang='lat' dir='ltr'>et</span> <span class='ocrx_word' id='word_1_497' title='bbox 1854 612 1884 641; x_wconf 93' lang='lat' dir='ltr'>in</span> <span class='ocrx_word' id='word_1_498' title='bbox 1915 611 1977 642; x_wconf 89' lang='lat' dir='ltr'>illis</span> <span class='ocrx_word' id='word_1_499' title='bbox 2001 622 2159 643; x_wconf 88' lang='lat' dir='ltr'>summam</span> 
     </span>
     <span class='ocr_line' id='line_1_70' title="bbox 1204 647 2159 693; baseline 0.008 -16"><span class='ocrx_word' id='word_1_500' title='bbox 1204 647 1368 687; x_wconf 85' lang='lat' dir='ltr'>religionis</span> <span class='ocrx_word' id='word_1_501' title='bbox 1387 649 1521 687; x_wconf 85' lang='lat' dir='ltr'>positam</span> <span class='ocrx_word' id='word_1_502' title='bbox 1547 650 1635 681; x_wconf 68' lang='lat' dir='ltr'>nobis</span> <span class='ocrx_word' id='word_1_503' title='bbox 1660 653 1898 690; x_wconf 78' lang='lat' dir='ltr'>persuademus.</span> <span class='ocrx_word' id='word_1_504' title='bbox 1933 653 2159 693; x_wconf 81' lang='lat' dir='ltr'>Quamobrem,</span> 
     </span>
     <span class='ocr_line' id='line_1_71' title="bbox 1204 690 2160 738; baseline 0.009 -19"><span class='ocrx_word' id='word_1_505' title='bbox 1204 696 1240 719; x_wconf 92' lang='lat' dir='ltr'>ut</span> <span class='ocrx_word' id='word_1_506' title='bbox 1271 690 1329 720; x_wconf 92' lang='lat' dir='ltr'>hoc</span> <span class='ocrx_word' id='word_1_507' title='bbox 1359 690 1520 730; x_wconf 85' lang='lat' dir='ltr'>fugiamus</span> <span class='ocrx_word' id='word_1_508' title='bbox 1555 693 1676 730; x_wconf 76' lang='lat' dir='ltr'>vitium¹</span> <span class='ocrx_word' id='word_1_509' title='bbox 1709 695 1893 726; x_wconf 85' lang='lat' dir='ltr'>meditanda</span> <span class='ocrx_word' id='word_1_510' title='bbox 1917 702 1964 726; x_wconf 87' lang='lat' dir='ltr'>est</span> <span class='ocrx_word' id='word_1_511' title='bbox 1988 696 2160 738; x_wconf 88' lang='lat' dir='ltr'>diligenter</span> 
     </span>
     <span class='ocr_line' id='line_1_72' title="bbox 1204 731 2159 779; baseline 0.009 -17"><span class='ocrx_word' id='word_1_512' title='bbox 1204 731 1282 763; x_wconf 91' lang='lat' dir='ltr'>haec</span> <span class='ocrx_word' id='word_1_513' title='bbox 1301 732 1454 769; x_wconf 88' lang='lat' dir='ltr'>doctrina,</span> <span class='ocrx_word' id='word_1_514' title='bbox 1480 745 1593 774; x_wconf 78' lang='lat' dir='ltr'>nempe.</span> <span class='ocrx_word' id='word_1_515' title='bbox 1613 747 1674 766; x_wconf 88' lang='lat' dir='ltr'>non</span> <span class='ocrx_word' id='word_1_516' title='bbox 1694 747 1783 776; x_wconf 84' lang='lat' dir='ltr'>posse</span> <span class='ocrx_word' id='word_1_517' title='bbox 1799 739 1901 769; x_wconf 91' lang='lat' dir='ltr'>Deum</span> <span class='ocrx_word' id='word_1_518' title='bbox 1923 739 2042 779; x_wconf 84' lang='lat' dir='ltr'>placari</span> <span class='ocrx_word' id='word_1_519' title='bbox 2066 741 2159 771; x_wconf 88' lang='lat' dir='ltr'>rebus</span> 
     </span>
     <span class='ocr_line' id='line_1_73' title="bbox 1202 774 2158 822; baseline 0.01 -17"><span class='ocrx_word' id='word_1_520' title='bbox 1202 774 1242 806; x_wconf 91' lang='lat' dir='ltr'>iis</span> <span class='ocrx_word' id='word_1_521' title='bbox 1276 785 1357 815; x_wconf 90' lang='lat' dir='ltr'>quae</span> <span class='ocrx_word' id='word_1_522' title='bbox 1390 776 1480 807; x_wconf 91' lang='lat' dir='ltr'>nobis</span> <span class='ocrx_word' id='word_1_523' title='bbox 1516 777 1668 816; x_wconf 89' lang='lat' dir='ltr'>pulchrae</span> <span class='ocrx_word' id='word_1_524' title='bbox 1703 780 1851 811; x_wconf 82' lang='lat' dir='ltr'>videntur</span> <span class='ocrx_word' id='word_1_525' title='bbox 1881 789 2014 812; x_wconf 71' lang='lat' dir='ltr'>externa</span> <span class='ocrx_word' id='word_1_526' title='bbox 2044 784 2158 822; x_wconf 87' lang='lat' dir='ltr'>specie,</span> 
     </span>
     <span class='ocr_line' id='line_1_74' title="bbox 1203 817 2158 866; baseline 0.01 -19"><span class='ocrx_word' id='word_1_527' title='bbox 1203 818 1258 848; x_wconf 90' lang='lat' dir='ltr'>sed</span> <span class='ocrx_word' id='word_1_528' title='bbox 1295 817 1564 850; x_wconf 83' lang='lat' dir='ltr'>abominationem</span> <span class='ocrx_word' id='word_1_529' title='bbox 1599 831 1667 852; x_wconf 90' lang='lat' dir='ltr'>esse</span> <span class='ocrx_word' id='word_1_530' title='bbox 1704 832 1810 853; x_wconf 91' lang='lat' dir='ltr'>coram</span> <span class='ocrx_word' id='word_1_531' title='bbox 1837 824 1903 862; x_wconf 88' lang='lat' dir='ltr'>ipso</span> <span class='ocrx_word' id='word_1_532' title='bbox 1934 834 2158 866; x_wconf 88' lang='lat' dir='ltr'>quemcunque</span> 
     </span>
     <span class='ocr_line' id='line_1_75' title="bbox 1202 860 2156 908; baseline 0.009 -18"><span class='ocrx_word' id='word_1_533' title='bbox 1202 860 1249 890; x_wconf 93' lang='lat' dir='ltr'>illi</span> <span class='ocrx_word' id='word_1_534' title='bbox 1272 871 1311 891; x_wconf 86' lang='lat' dir='ltr'>ex</span> <span class='ocrx_word' id='word_1_535' title='bbox 1336 861 1466 892; x_wconf 89' lang='lat' dir='ltr'>arbitrio</span> <span class='ocrx_word' id='word_1_536' title='bbox 1490 868 1597 893; x_wconf 89' lang='lat' dir='ltr'>nostro</span> <span class='ocrx_word' id='word_1_537' title='bbox 1620 864 1739 895; x_wconf 91' lang='lat' dir='ltr'>cultum</span> <span class='ocrx_word' id='word_1_538' title='bbox 1764 865 2018 905; x_wconf 83' lang='lat' dir='ltr'>exhibuerimus,</span> <span class='ocrx_word' id='word_1_539' title='bbox 2048 879 2156 908; x_wconf 91' lang='lat' dir='ltr'>quem-</span> 
     </span>
     <span class='ocr_line' id='line_1_76' title="bbox 1202 902 2157 944; baseline 0.009 -11"><span class='ocrx_word' id='word_1_540' title='bbox 1202 902 1374 934; x_wconf 90' lang='lat' dir='ltr'>admodum</span> <span class='ocrx_word' id='word_1_541' title='bbox 1405 904 1539 944; x_wconf 87' lang='lat' dir='ltr'>ipsemet</span> <span class='ocrx_word' id='word_1_542' title='bbox 1569 906 1726 938; x_wconf 88' lang='lat' dir='ltr'>Dominus</span> <span class='ocrx_word' id='word_1_543' title='bbox 1757 914 1865 939; x_wconf 76' lang='lat' dir='ltr'>noster</span> <span class='ocrx_word' id='word_1_544' title='bbox 1894 909 1983 940; x_wconf 86' lang='lat' dir='ltr'>Iesus</span> <span class='ocrx_word' id='word_1_545' title='bbox 2007 910 2157 943; x_wconf 88' lang='lat' dir='ltr'>Christus</span> 
     </span>
     <span class='ocr_line' id='line_1_77' title="bbox 1201 946 2156 993; baseline 0.009 -18"><span class='ocrx_word' id='word_1_546' title='bbox 1201 956 1261 976; x_wconf 88' lang='lat' dir='ltr'>nos</span> <span class='ocrx_word' id='word_1_547' title='bbox 1285 946 1376 977; x_wconf 90' lang='lat' dir='ltr'>docet</span> <span class='ocrx_word' id='word_1_548' title='bbox 1398 947 1507 978; x_wconf 89' lang='lat' dir='ltr'>Lucae</span> <span class='ocrx_word' id='word_1_549' title='bbox 1530 947 1652 980; x_wconf 90' lang='lat' dir='ltr'>decimo</span> <span class='ocrx_word' id='word_1_550' title='bbox 1675 955 1765 981; x_wconf 79' lang='lat' dir='ltr'>sexto</span> <span class='ocrx_word' id='word_1_551' title='bbox 1787 952 1898 991; x_wconf 84' lang='lat' dir='ltr'>capite.</span> <span class='ocrx_word' id='word_1_552' title='bbox 1945 952 2035 991; x_wconf 85' lang='lat' dir='ltr'>Quae</span> <span class='ocrx_word' id='word_1_553' title='bbox 2057 964 2156 993; x_wconf 92' lang='lat' dir='ltr'>quum</span> 
     </span>
     <span class='ocr_line' id='line_1_78' title="bbox 1200 989 2156 1035; baseline 0.009 -17"><span class='ocrx_word' id='word_1_554' title='bbox 1200 989 1245 1019; x_wconf 86' lang='lat' dir='ltr'>ita</span> <span class='ocrx_word' id='word_1_555' title='bbox 1278 999 1311 1019; x_wconf 87' lang='lat' dir='ltr'>se</span> <span class='ocrx_word' id='word_1_556' title='bbox 1345 989 1494 1027; x_wconf 84' lang='lat' dir='ltr'>habeant,</span> <span class='ocrx_word' id='word_1_557' title='bbox 1529 990 1699 1031; x_wconf 83' lang='lat' dir='ltr'>diligenter</span> <span class='ocrx_word' id='word_1_558' title='bbox 1730 993 1870 1024; x_wconf 87' lang='lat' dir='ltr'>notanda</span> <span class='ocrx_word' id='word_1_559' title='bbox 1902 996 2060 1026; x_wconf 83' lang='lat' dir='ltr'>sententia</span> <span class='ocrx_word' id='word_1_560' title='bbox 2092 996 2156 1035; x_wconf 90' lang='lat' dir='ltr'>illa,</span> 
     </span>
     <span class='ocr_line' id='line_1_79' title="bbox 1204 1031 2154 1071; baseline 0.009 -10"><span class='ocrx_word' id='word_1_561' title='bbox 1204 1031 1307 1062; x_wconf 90' lang='lat' dir='ltr'>Deum</span> <span class='ocrx_word' id='word_1_562' title='bbox 1336 1043 1398 1062; x_wconf 91' lang='lat' dir='ltr'>non</span> <span class='ocrx_word' id='word_1_563' title='bbox 1430 1043 1498 1063; x_wconf 87' lang='lat' dir='ltr'>esse</span> <span class='ocrx_word' id='word_1_564' title='bbox 1529 1038 1563 1064; x_wconf 90' lang='lat' dir='ltr'>ut</span> <span class='ocrx_word' id='word_1_565' title='bbox 1593 1034 1747 1071; x_wconf 86' lang='lat' dir='ltr'>homines,</span> <span class='ocrx_word' id='word_1_566' title='bbox 1778 1046 1818 1066; x_wconf 92' lang='lat' dir='ltr'>ne</span> <span class='ocrx_word' id='word_1_567' title='bbox 1847 1035 1886 1066; x_wconf 88' lang='lat' dir='ltr'>ad</span> <span class='ocrx_word' id='word_1_568' title='bbox 1917 1044 2063 1068; x_wconf 85' lang='lat' dir='ltr'>nostrum</span> <span class='ocrx_word' id='word_1_569' title='bbox 2088 1049 2154 1070; x_wconf 93' lang='lat' dir='ltr'>mo-</span> 
     </span>
     <span class='ocr_line' id='line_1_80' title="bbox 1200 1073 2156 1120; baseline 0.01 -17"><span class='ocrx_word' id='word_1_570' title='bbox 1200 1073 1312 1104; x_wconf 92' lang='lat' dir='ltr'>dulum</span> <span class='ocrx_word' id='word_1_571' title='bbox 1343 1075 1435 1105; x_wconf 92' lang='lat' dir='ltr'>illum</span> <span class='ocrx_word' id='word_1_572' title='bbox 1466 1076 1645 1115; x_wconf 84' lang='lat' dir='ltr'>metiamur,</span> <span class='ocrx_word' id='word_1_573' title='bbox 1676 1082 1705 1108; x_wconf 85' lang='lat' dir='ltr'>et</span> <span class='ocrx_word' id='word_1_574' title='bbox 1731 1078 1848 1109; x_wconf 89' lang='lat' dir='ltr'>nostris</span> <span class='ocrx_word' id='word_1_575' title='bbox 1871 1079 2156 1120; x_wconf 84' lang='lat' dir='ltr'>imaginationibus</span> 
     </span>
     <span class='ocr_line' id='line_1_81' title="bbox 1199 1117 2155 1161; baseline 0.007 -14"><span class='ocrx_word' id='word_1_576' title='bbox 1199 1117 1475 1157; x_wconf 86' lang='lat' dir='ltr'>transfiguremus.</span> <span class='ocrx_word' id='word_1_577' title='bbox 1519 1117 1582 1149; x_wconf 83' lang='lat' dir='ltr'>Sed</span> <span class='ocrx_word' id='word_1_578' title='bbox 1608 1124 1672 1150; x_wconf 87' lang='lat' dir='ltr'>tam</span> <span class='ocrx_word' id='word_1_579' title='bbox 1696 1120 1775 1151; x_wconf 83' lang='lat' dir='ltr'>altas</span> <span class='ocrx_word' id='word_1_580' title='bbox 1799 1122 1863 1161; x_wconf 85' lang='lat' dir='ltr'>egit</span> <span class='ocrx_word' id='word_1_581' title='bbox 1887 1122 2009 1153; x_wconf 88' lang='lat' dir='ltr'>radices</span> <span class='ocrx_word' id='word_1_582' title='bbox 2032 1124 2064 1153; x_wconf 93' lang='lat' dir='ltr'>in</span> <span class='ocrx_word' id='word_1_583' title='bbox 2089 1125 2155 1155; x_wconf 87' lang='lat' dir='ltr'>ani-</span> 
     </span>
     <span class='ocr_line' id='line_1_82' title="bbox 1198 1159 2153 1200; baseline 0.008 -11"><span class='ocrx_word' id='word_1_584' title='bbox 1198 1159 1260 1190; x_wconf 91' lang='lat' dir='ltr'>mis</span> <span class='ocrx_word' id='word_1_585' title='bbox 1291 1159 1459 1190; x_wconf 90' lang='lat' dir='ltr'>hominum</span> <span class='ocrx_word' id='word_1_586' title='bbox 1488 1160 1543 1191; x_wconf 91' lang='lat' dir='ltr'>illa</span> <span class='ocrx_word' id='word_1_587' title='bbox 1574 1161 1715 1200; x_wconf 81' lang='lat' dir='ltr'>audacia,</span> <span class='ocrx_word' id='word_1_588' title='bbox 1745 1168 1782 1193; x_wconf 89' lang='lat' dir='ltr'>ut</span> <span class='ocrx_word' id='word_1_589' title='bbox 1811 1165 1940 1194; x_wconf 88' lang='lat' dir='ltr'>nonnisi</span> <span class='ocrx_word' id='word_1_590' title='bbox 1972 1176 2097 1196; x_wconf 90' lang='lat' dir='ltr'>summa</span> <span class='ocrx_word' id='word_1_591' title='bbox 2120 1167 2153 1197; x_wconf 78' lang='lat' dir='ltr'>vi</span> 
     </span>
     <span class='ocr_line' id='line_1_83' title="bbox 1197 1202 2153 1241; baseline 0.009 -10"><span class='ocrx_word' id='word_1_592' title='bbox 1197 1202 1300 1241; x_wconf 83' lang='lat' dir='ltr'>possit</span> <span class='ocrx_word' id='word_1_593' title='bbox 1330 1202 1494 1234; x_wconf 87' lang='lat' dir='ltr'>eradicari.</span> <span class='ocrx_word' id='word_1_594' title='bbox 1539 1204 1584 1234; x_wconf 86' lang='lat' dir='ltr'>At</span> <span class='ocrx_word' id='word_1_595' title='bbox 1612 1205 1637 1235; x_wconf 90' lang='lat' dir='ltr'>si</span> <span class='ocrx_word' id='word_1_596' title='bbox 1662 1215 1719 1236; x_wconf 91' lang='lat' dir='ltr'>nos</span> <span class='ocrx_word' id='word_1_597' title='bbox 1742 1205 1888 1237; x_wconf 89' lang='lat' dir='ltr'>homines</span> <span class='ocrx_word' id='word_1_598' title='bbox 1907 1217 1976 1238; x_wconf 89' lang='lat' dir='ltr'>esse</span> <span class='ocrx_word' id='word_1_599' title='bbox 1999 1209 2153 1240; x_wconf 92' lang='lat' dir='ltr'>memine-</span> 
     </span>
     <span class='ocr_line' id='line_1_84' title="bbox 1197 1245 2153 1290; baseline 0.008 -16"><span class='ocrx_word' id='word_1_600' title='bbox 1197 1245 1308 1281; x_wconf 87' lang='lat' dir='ltr'>rimus,</span> <span class='ocrx_word' id='word_1_601' title='bbox 1339 1245 1407 1276; x_wconf 91' lang='lat' dir='ltr'>sola</span> <span class='ocrx_word' id='word_1_602' title='bbox 1437 1245 1492 1276; x_wconf 90' lang='lat' dir='ltr'>illa</span> <span class='ocrx_word' id='word_1_603' title='bbox 1520 1257 1582 1277; x_wconf 83' lang='lat' dir='ltr'>vox</span> <span class='ocrx_word' id='word_1_604' title='bbox 1612 1247 1743 1285; x_wconf 90' lang='lat' dir='ltr'>docebit,</span> <span class='ocrx_word' id='word_1_605' title='bbox 1773 1258 1829 1279; x_wconf 90' lang='lat' dir='ltr'>nos</span> <span class='ocrx_word' id='word_1_606' title='bbox 1859 1249 1986 1288; x_wconf 89' lang='lat' dir='ltr'>quando</span> <span class='ocrx_word' id='word_1_607' title='bbox 2010 1250 2153 1290; x_wconf 84' lang='lat' dir='ltr'>virtutis,</span> 
     </span>
     <span class='ocr_line' id='line_1_85' title="bbox 1198 1287 2154 1329; baseline 0.007 -12"><span class='ocrx_word' id='word_1_608' title='bbox 1198 1287 1378 1318; x_wconf 86' lang='lat' dir='ltr'>industriae</span> <span class='ocrx_word' id='word_1_609' title='bbox 1402 1294 1432 1318; x_wconf 90' lang='lat' dir='ltr'>et</span> <span class='ocrx_word' id='word_1_610' title='bbox 1455 1289 1604 1320; x_wconf 89' lang='lat' dir='ltr'>similium</span> <span class='ocrx_word' id='word_1_611' title='bbox 1630 1300 1710 1329; x_wconf 88' lang='lat' dir='ltr'>quae</span> <span class='ocrx_word' id='word_1_612' title='bbox 1733 1301 1824 1321; x_wconf 90' lang='lat' dir='ltr'>mens</span> <span class='ocrx_word' id='word_1_613' title='bbox 1848 1291 1990 1323; x_wconf 89' lang='lat' dir='ltr'>humana</span> <span class='ocrx_word' id='word_1_614' title='bbox 2013 1292 2154 1325; x_wconf 86' lang='lat' dir='ltr'>dictave-</span> 
     </span>
     <span class='ocr_line' id='line_1_86' title="bbox 1197 1330 2152 1377; baseline 0.007 -17"><span class='ocrx_word' id='word_1_615' title='bbox 1197 1330 1249 1369; x_wconf 88' lang='lat' dir='ltr'>rit,</span> <span class='ocrx_word' id='word_1_616' title='bbox 1269 1330 1374 1371; x_wconf 90' lang='lat' dir='ltr'>specie</span> <span class='ocrx_word' id='word_1_617' title='bbox 1386 1334 1519 1362; x_wconf 76' lang='lat' dir='ltr'>externa</span> <span class='ocrx_word' id='word_1_618' title='bbox 1537 1331 1740 1372; x_wconf 85' lang='lat' dir='ltr'>delectamur,</span> <span class='ocrx_word' id='word_1_619' title='bbox 1759 1333 1852 1373; x_wconf 86' lang='lat' dir='ltr'>longe</span> <span class='ocrx_word' id='word_1_620' title='bbox 1871 1334 2020 1373; x_wconf 90' lang='lat' dir='ltr'>opinione</span> <span class='ocrx_word' id='word_1_621' title='bbox 2039 1336 2152 1377; x_wconf 88' lang='lat' dir='ltr'>decipi.</span> 
     </span>
     <span class='ocr_line' id='line_1_87' title="bbox 1197 1372 2152 1418; baseline 0.007 -15"><span class='ocrx_word' id='word_1_622' title='bbox 1197 1372 1283 1411; x_wconf 91' lang='lat' dir='ltr'>Quid</span> <span class='ocrx_word' id='word_1_623' title='bbox 1306 1373 1352 1404; x_wconf 90' lang='lat' dir='ltr'>ita</span> <span class='ocrx_word' id='word_1_624' title='bbox 1374 1373 1472 1405; x_wconf 77' lang='lat' dir='ltr'>vero?</span> <span class='ocrx_word' id='word_1_625' title='bbox 1502 1374 1625 1415; x_wconf 89' lang='lat' dir='ltr'>Nempe</span> <span class='ocrx_word' id='word_1_626' title='bbox 1643 1374 1787 1406; x_wconf 87' lang='lat' dir='ltr'>homines</span> <span class='ocrx_word' id='word_1_627' title='bbox 1810 1386 1931 1416; x_wconf 86' lang='lat' dir='ltr'>sumus,</span> <span class='ocrx_word' id='word_1_628' title='bbox 1955 1376 1993 1408; x_wconf 84' lang='lat' dir='ltr'>ad</span> <span class='ocrx_word' id='word_1_629' title='bbox 2017 1389 2152 1418; x_wconf 91' lang='lat' dir='ltr'>quorum</span> 
     </span>
     <span class='ocr_line' id='line_1_88' title="bbox 1196 1415 2152 1459; baseline 0.007 -14"><span class='ocrx_word' id='word_1_630' title='bbox 1196 1415 1365 1446; x_wconf 87' lang='lat' dir='ltr'>arbitrium</span> <span class='ocrx_word' id='word_1_631' title='bbox 1390 1427 1453 1447; x_wconf 91' lang='lat' dir='ltr'>non</span> <span class='ocrx_word' id='word_1_632' title='bbox 1477 1422 1525 1448; x_wconf 91' lang='lat' dir='ltr'>est</span> <span class='ocrx_word' id='word_1_633' title='bbox 1548 1417 1747 1458; x_wconf 87' lang='lat' dir='ltr'>cogitandum</span> <span class='ocrx_word' id='word_1_634' title='bbox 1772 1419 1855 1449; x_wconf 86' lang='lat' dir='ltr'>flecti</span> <span class='ocrx_word' id='word_1_635' title='bbox 1880 1430 2023 1459; x_wconf 90' lang='lat' dir='ltr'>unquam</span> <span class='ocrx_word' id='word_1_636' title='bbox 2045 1420 2152 1453; x_wconf 89' lang='lat' dir='ltr'>Deum</span> 
     </span>
     <span class='ocr_line' id='line_1_89' title="bbox 1196 1458 2152 1504; baseline 0.007 -16"><span class='ocrx_word' id='word_1_637' title='bbox 1196 1458 1281 1489; x_wconf 82' lang='lat' dir='ltr'>velle</span> <span class='ocrx_word' id='word_1_638' title='bbox 1312 1463 1368 1489; x_wconf 88' lang='lat' dir='ltr'>aut</span> <span class='ocrx_word' id='word_1_639' title='bbox 1398 1469 1500 1499; x_wconf 89' lang='lat' dir='ltr'>posse,</span> <span class='ocrx_word' id='word_1_640' title='bbox 1531 1464 1585 1490; x_wconf 89' lang='lat' dir='ltr'>aut</span> <span class='ocrx_word' id='word_1_641' title='bbox 1615 1461 1661 1490; x_wconf 89' lang='lat' dir='ltr'>illi</span> <span class='ocrx_word' id='word_1_642' title='bbox 1692 1471 1830 1500; x_wconf 88' lang='lat' dir='ltr'>unquam</span> <span class='ocrx_word' id='word_1_643' title='bbox 1855 1467 1947 1501; x_wconf 82' lang='lat' dir='ltr'>grata</span> <span class='ocrx_word' id='word_1_644' title='bbox 1970 1470 2001 1492; x_wconf 88' lang='lat' dir='ltr'>et</span> <span class='ocrx_word' id='word_1_645' title='bbox 2024 1470 2152 1504; x_wconf 86' lang='lat' dir='ltr'>accepta</span> 
     </span>
     <span class='ocr_line' id='line_1_90' title="bbox 1195 1501 2151 1547; baseline 0.007 -16"><span class='ocrx_word' id='word_1_646' title='bbox 1195 1501 1262 1531; x_wconf 87' lang='lat' dir='ltr'>fore</span> <span class='ocrx_word' id='word_1_647' title='bbox 1284 1511 1364 1541; x_wconf 89' lang='lat' dir='ltr'>quae</span> <span class='ocrx_word' id='word_1_648' title='bbox 1387 1512 1478 1533; x_wconf 92' lang='lat' dir='ltr'>mens</span> <span class='ocrx_word' id='word_1_649' title='bbox 1502 1502 1642 1533; x_wconf 87' lang='lat' dir='ltr'>humana</span> <span class='ocrx_word' id='word_1_650' title='bbox 1665 1503 1802 1534; x_wconf 80' lang='lat' dir='ltr'>finxerit.</span> <span class='ocrx_word' id='word_1_651' title='bbox 1846 1504 1958 1544; x_wconf 86' lang='lat' dir='ltr'>Neque</span> <span class='ocrx_word' id='word_1_652' title='bbox 1982 1506 2066 1536; x_wconf 89' lang='lat' dir='ltr'>enim</span> <span class='ocrx_word' id='word_1_653' title='bbox 2090 1507 2151 1547; x_wconf 91' lang='lat' dir='ltr'>ipsi</span> 
     </span>
     <span class='ocr_line' id='line_1_91' title="bbox 1195 1545 2151 1583; baseline 0.008 -10"><span class='ocrx_word' id='word_1_654' title='bbox 1195 1548 1350 1583; x_wconf 89' lang='lat' dir='ltr'>tanquam</span> <span class='ocrx_word' id='word_1_655' title='bbox 1393 1554 1484 1575; x_wconf 81' lang='lat' dir='ltr'>caeco</span> <span class='ocrx_word' id='word_1_656' title='bbox 1525 1545 1577 1576; x_wconf 80' lang='lat' dir='ltr'>via</span> <span class='ocrx_word' id='word_1_657' title='bbox 1609 1546 1818 1577; x_wconf 84' lang='lat' dir='ltr'>monstranda</span> <span class='ocrx_word' id='word_1_658' title='bbox 1851 1552 1916 1577; x_wconf 88' lang='lat' dir='ltr'>est:</span> <span class='ocrx_word' id='word_1_659' title='bbox 1958 1548 2046 1579; x_wconf 86' lang='lat' dir='ltr'>euius</span> <span class='ocrx_word' id='word_1_660' title='bbox 2080 1549 2151 1581; x_wconf 91' lang='lat' dir='ltr'>luce</span> 
     </span>
     <span class='ocr_line' id='line_1_92' title="bbox 1196 1587 2149 1630; baseline 0.006 -14"><span class='ocrx_word' id='word_1_661' title='bbox 1196 1587 1302 1626; x_wconf 85' lang='lat' dir='ltr'>potius</span> <span class='ocrx_word' id='word_1_662' title='bbox 1334 1597 1391 1618; x_wconf 88' lang='lat' dir='ltr'>nos</span> <span class='ocrx_word' id='word_1_663' title='bbox 1422 1587 1576 1618; x_wconf 88' lang='lat' dir='ltr'>illustrari</span> <span class='ocrx_word' id='word_1_664' title='bbox 1607 1599 1734 1619; x_wconf 81' lang='lat' dir='ltr'>necesse</span> <span class='ocrx_word' id='word_1_665' title='bbox 1764 1593 1820 1626; x_wconf 84' lang='lat' dir='ltr'>est,</span> <span class='ocrx_word' id='word_1_666' title='bbox 1846 1595 1879 1619; x_wconf 89' lang='lat' dir='ltr'>ut</span> <span class='ocrx_word' id='word_1_667' title='bbox 1903 1589 1941 1620; x_wconf 85' lang='lat' dir='ltr'>ad</span> <span class='ocrx_word' id='word_1_668' title='bbox 1965 1590 2070 1630; x_wconf 79' lang='lat' dir='ltr'>ipsum</span> <span class='ocrx_word' id='word_1_669' title='bbox 2095 1592 2149 1622; x_wconf 91' lang='lat' dir='ltr'>ad-</span> 
     </span>
     <span class='ocr_line' id='line_1_93' title="bbox 1194 1629 2149 1672; baseline 0.006 -13"><span class='ocrx_word' id='word_1_670' title='bbox 1194 1629 1358 1667; x_wconf 88' lang='lat' dir='ltr'>ducamur,</span> <span class='ocrx_word' id='word_1_671' title='bbox 1378 1636 1409 1660; x_wconf 90' lang='lat' dir='ltr'>et</span> <span class='ocrx_word' id='word_1_672' title='bbox 1428 1629 1517 1660; x_wconf 88' lang='lat' dir='ltr'>nobis</span> <span class='ocrx_word' id='word_1_673' title='bbox 1536 1631 1613 1670; x_wconf 87' lang='lat' dir='ltr'>ipsis</span> <span class='ocrx_word' id='word_1_674' title='bbox 1636 1631 1834 1669; x_wconf 83' lang='lat' dir='ltr'>renunciare,</span> <span class='ocrx_word' id='word_1_675' title='bbox 1857 1636 1890 1661; x_wconf 90' lang='lat' dir='ltr'>ut</span> <span class='ocrx_word' id='word_1_676' title='bbox 1909 1631 1948 1662; x_wconf 92' lang='lat' dir='ltr'>ab</span> <span class='ocrx_word' id='word_1_677' title='bbox 1966 1633 2034 1672; x_wconf 90' lang='lat' dir='ltr'>ipso</span> <span class='ocrx_word' id='word_1_678' title='bbox 2053 1634 2149 1666; x_wconf 88' lang='lat' dir='ltr'>mise-</span> 
     </span>
     <span class='ocr_line' id='line_1_94' title="bbox 1193 1672 2146 1715; baseline 0.005 -13"><span class='ocrx_word' id='word_1_679' title='bbox 1193 1672 1363 1703; x_wconf 89' lang='lat' dir='ltr'>ricordiam</span> <span class='ocrx_word' id='word_1_680' title='bbox 1394 1683 1633 1712; x_wconf 86' lang='lat' dir='ltr'>consequamur,</span> <span class='ocrx_word' id='word_1_681' title='bbox 1666 1684 1800 1713; x_wconf 88' lang='lat' dir='ltr'>eumque</span> <span class='ocrx_word' id='word_1_682' title='bbox 1830 1684 2019 1715; x_wconf 90' lang='lat' dir='ltr'>quocunque</span> <span class='ocrx_word' id='word_1_683' title='bbox 2049 1676 2146 1708; x_wconf 81' lang='lat' dir='ltr'>duxe-</span> 
     </span>
     <span class='ocr_line' id='line_1_95' title="bbox 1193 1715 2143 1757; baseline 0.005 -12"><span class='ocrx_word' id='word_1_684' title='bbox 1193 1715 1236 1745; x_wconf 85' lang='lat' dir='ltr'>rit</span> <span class='ocrx_word' id='word_1_685' title='bbox 1276 1715 1382 1755; x_wconf 84' lang='lat' dir='ltr'>sequi,</span> <span class='ocrx_word' id='word_1_686' title='bbox 1425 1715 1543 1746; x_wconf 90' lang='lat' dir='ltr'>nedum</span> <span class='ocrx_word' id='word_1_687' title='bbox 1585 1722 1618 1746; x_wconf 87' lang='lat' dir='ltr'>ut</span> <span class='ocrx_word' id='word_1_688' title='bbox 1652 1716 1755 1756; x_wconf 84' lang='lat' dir='ltr'>ipsum</span> <span class='ocrx_word' id='word_1_689' title='bbox 1791 1727 1847 1747; x_wconf 84' lang='lat' dir='ltr'>nos</span> <span class='ocrx_word' id='word_1_690' title='bbox 1878 1718 1966 1757; x_wconf 84' lang='lat' dir='ltr'>sequi</span> <span class='ocrx_word' id='word_1_691' title='bbox 2001 1719 2143 1750; x_wconf 78' lang='lat' dir='ltr'>velimus.</span> 
     </span>
     <span class='ocr_line' id='line_1_96' title="bbox 1191 1757 2145 1798; baseline 0.004 -10"><span class='ocrx_word' id='word_1_692' title='bbox 1191 1757 1340 1797; x_wconf 82' lang='lat' dir='ltr'>Aequum</span> <span class='ocrx_word' id='word_1_693' title='bbox 1371 1759 1456 1789; x_wconf 90' lang='lat' dir='ltr'>enim</span> <span class='ocrx_word' id='word_1_694' title='bbox 1487 1763 1519 1788; x_wconf 91' lang='lat' dir='ltr'>et</span> <span class='ocrx_word' id='word_1_695' title='bbox 1550 1759 1669 1789; x_wconf 87' lang='lat' dir='ltr'>iustum</span> <span class='ocrx_word' id='word_1_696' title='bbox 1701 1764 1748 1789; x_wconf 89' lang='lat' dir='ltr'>est</span> <span class='ocrx_word' id='word_1_697' title='bbox 1778 1759 1918 1798; x_wconf 85' lang='lat' dir='ltr'>profecto</span> <span class='ocrx_word' id='word_1_698' title='bbox 1950 1771 2007 1791; x_wconf 87' lang='lat' dir='ltr'>nos</span> <span class='ocrx_word' id='word_1_699' title='bbox 2037 1761 2083 1792; x_wconf 90' lang='lat' dir='ltr'>illi</span> <span class='ocrx_word' id='word_1_700' title='bbox 2112 1763 2145 1793; x_wconf 90' lang='lat' dir='ltr'>in</span> 
     </span>
     <span class='ocr_line' id='line_1_97' title="bbox 1193 1800 2145 1841; baseline 0.006 -11"><span class='ocrx_word' id='word_1_701' title='bbox 1193 1800 1342 1831; x_wconf 85' lang='lat' dir='ltr'>omnibus</span> <span class='ocrx_word' id='word_1_702' title='bbox 1370 1801 1510 1841; x_wconf 85' lang='lat' dir='ltr'>obsequi,</span> <span class='ocrx_word' id='word_1_703' title='bbox 1542 1801 1624 1841; x_wconf 86' lang='lat' dir='ltr'>quod</span> <span class='ocrx_word' id='word_1_704' title='bbox 1652 1800 1736 1832; x_wconf 91' lang='lat' dir='ltr'>unde</span> <span class='ocrx_word' id='word_1_705' title='bbox 1759 1801 1804 1831; x_wconf 92' lang='lat' dir='ltr'>illi</span> <span class='ocrx_word' id='word_1_706' title='bbox 1826 1802 2059 1834; x_wconf 77' lang='lat' dir='ltr'>satisfaciamus</span> <span class='ocrx_word' id='word_1_707' title='bbox 2083 1815 2145 1836; x_wconf 89' lang='lat' dir='ltr'>non</span> 
     </span>
     <span class='ocr_line' id='line_1_98' title="bbox 1192 1842 2144 1883; baseline 0.005 -10"><span class='ocrx_word' id='word_1_708' title='bbox 1192 1842 1375 1881; x_wconf 83' lang='lat' dir='ltr'>habeamus,</span> <span class='ocrx_word' id='word_1_709' title='bbox 1411 1844 1470 1874; x_wconf 82' lang='lat' dir='ltr'>nisi</span> <span class='ocrx_word' id='word_1_710' title='bbox 1506 1844 1543 1874; x_wconf 87' lang='lat' dir='ltr'>ab</span> <span class='ocrx_word' id='word_1_711' title='bbox 1578 1844 1676 1883; x_wconf 86' lang='lat' dir='ltr'>ipsius</span> <span class='ocrx_word' id='word_1_712' title='bbox 1711 1844 1901 1874; x_wconf 82' lang='lat' dir='ltr'>liberalitate</span> <span class='ocrx_word' id='word_1_713' title='bbox 1934 1844 2144 1879; x_wconf 85' lang='lat' dir='ltr'>hauserimus.</span> 
     </span>
     <span class='ocr_line' id='line_1_99' title="bbox 1191 1885 2145 1926; baseline 0.005 -10"><span class='ocrx_word' id='word_1_714' title='bbox 1191 1885 1243 1916; x_wconf 87' lang='lat' dir='ltr'>En</span> <span class='ocrx_word' id='word_1_715' title='bbox 1273 1896 1330 1916; x_wconf 87' lang='lat' dir='ltr'>eur</span> <span class='ocrx_word' id='word_1_716' title='bbox 1359 1886 1410 1917; x_wconf 88' lang='lat' dir='ltr'>hic</span> <span class='ocrx_word' id='word_1_717' title='bbox 1433 1886 1565 1926; x_wconf 90' lang='lat' dir='ltr'>spiritus</span> <span class='ocrx_word' id='word_1_718' title='bbox 1589 1891 1715 1917; x_wconf 86' lang='lat' dir='ltr'>sanctus</span> <span class='ocrx_word' id='word_1_719' title='bbox 1735 1886 1826 1922; x_wconf 89' lang='lat' dir='ltr'>dicat,</span> <span class='ocrx_word' id='word_1_720' title='bbox 1858 1886 1963 1917; x_wconf 90' lang='lat' dir='ltr'>Deum</span> <span class='ocrx_word' id='word_1_721' title='bbox 1987 1899 2051 1919; x_wconf 88' lang='lat' dir='ltr'>non</span> <span class='ocrx_word' id='word_1_722' title='bbox 2077 1900 2145 1922; x_wconf 84' lang='lat' dir='ltr'>esse-</span> 
     </span>
     <span class='ocr_line' id='line_1_100' title="bbox 1191 1928 2143 1968; baseline 0.004 -9"><span class='ocrx_word' id='word_1_723' title='bbox 1191 1934 1226 1959; x_wconf 88' lang='lat' dir='ltr'>ut</span> <span class='ocrx_word' id='word_1_724' title='bbox 1238 1928 1393 1959; x_wconf 88' lang='lat' dir='ltr'>homines.</span> <span class='ocrx_word' id='word_1_725' title='bbox 1428 1929 1558 1959; x_wconf 85' lang='lat' dir='ltr'>Poterat</span> <span class='ocrx_word' id='word_1_726' title='bbox 1582 1930 1665 1959; x_wconf 90' lang='lat' dir='ltr'>enim</span> <span class='ocrx_word' id='word_1_727' title='bbox 1690 1929 1877 1968; x_wconf 84' lang='lat' dir='ltr'>simpliciter</span> <span class='ocrx_word' id='word_1_728' title='bbox 1901 1929 2013 1968; x_wconf 84' lang='lat' dir='ltr'>dicere,</span> <span class='ocrx_word' id='word_1_729' title='bbox 2037 1931 2143 1964; x_wconf 90' lang='lat' dir='ltr'>Deum</span> 
     </span>
     <span class='ocr_line' id='line_1_101' title="bbox 1191 1971 2143 2006; baseline 0.005 -5"><span class='ocrx_word' id='word_1_730' title='bbox 1191 1981 1256 2001; x_wconf 92' lang='lat' dir='ltr'>non</span> <span class='ocrx_word' id='word_1_731' title='bbox 1280 1971 1399 2001; x_wconf 89' lang='lat' dir='ltr'>intueri</span> <span class='ocrx_word' id='word_1_732' title='bbox 1424 1976 1591 2002; x_wconf 81' lang='lat' dir='ltr'>externam</span> <span class='ocrx_word' id='word_1_733' title='bbox 1615 1972 1765 2002; x_wconf 86' lang='lat' dir='ltr'>formam:</span> <span class='ocrx_word' id='word_1_734' title='bbox 1789 1971 1843 2002; x_wconf 88' lang='lat' dir='ltr'>sed</span> <span class='ocrx_word' id='word_1_735' title='bbox 1868 1972 1981 2003; x_wconf 76' lang='lat' dir='ltr'>vitium</span> <span class='ocrx_word' id='word_1_736' title='bbox 2006 1973 2143 2006; x_wconf 88' lang='lat' dir='ltr'>homini-</span> 
     </span>
     <span class='ocr_line' id='line_1_102' title="bbox 1190 2013 2142 2054; baseline 0.005 -10"><span class='ocrx_word' id='word_1_737' title='bbox 1190 2013 1250 2044; x_wconf 91' lang='lat' dir='ltr'>bus</span> <span class='ocrx_word' id='word_1_738' title='bbox 1273 2013 1418 2044; x_wconf 88' lang='lat' dir='ltr'>innatum</span> <span class='ocrx_word' id='word_1_739' title='bbox 1445 2019 1557 2045; x_wconf 80' lang='lat' dir='ltr'>not-are</span> <span class='ocrx_word' id='word_1_740' title='bbox 1581 2014 1693 2052; x_wconf 80' lang='lat' dir='ltr'>voluit,</span> <span class='ocrx_word' id='word_1_741' title='bbox 1717 2020 1752 2044; x_wconf 89' lang='lat' dir='ltr'>ut</span> <span class='ocrx_word' id='word_1_742' title='bbox 1776 2024 1832 2045; x_wconf 90' lang='lat' dir='ltr'>nos</span> <span class='ocrx_word' id='word_1_743' title='bbox 1855 2014 1940 2054; x_wconf 85' lang='lat' dir='ltr'>ipsos</span> <span class='ocrx_word' id='word_1_744' title='bbox 1965 2026 2056 2047; x_wconf 88' lang='lat' dir='ltr'>nosse</span> <span class='ocrx_word' id='word_1_745' title='bbox 2079 2017 2142 2049; x_wconf 86' lang='lat' dir='ltr'>dis—</span> 
     </span>
     <span class='ocr_line' id='line_1_103' title="bbox 1189 2057 2143 2097; baseline 0.004 -11"><span class='ocrx_word' id='word_1_746' title='bbox 1189 2066 1316 2087; x_wconf 92' lang='lat' dir='ltr'>camus:</span> <span class='ocrx_word' id='word_1_747' title='bbox 1347 2062 1377 2087; x_wconf 86' lang='lat' dir='ltr'>et</span> <span class='ocrx_word' id='word_1_748' title='bbox 1406 2057 1549 2097; x_wconf 82' lang='lat' dir='ltr'>agnitum</span> <span class='ocrx_word' id='word_1_749' title='bbox 1579 2057 1694 2087; x_wconf 87' lang='lat' dir='ltr'>vitium</span> <span class='ocrx_word' id='word_1_750' title='bbox 1724 2057 1841 2096; x_wconf 72' lang='lat' dir='ltr'>fugere,</span> <span class='ocrx_word' id='word_1_751' title='bbox 1873 2062 1902 2087; x_wconf 86' lang='lat' dir='ltr'>et</span> <span class='ocrx_word' id='word_1_752' title='bbox 1927 2062 2080 2097; x_wconf 88' lang='lat' dir='ltr'>tanquam</span> <span class='ocrx_word' id='word_1_753' title='bbox 2104 2071 2143 2091; x_wconf 81' lang='lat' dir='ltr'>ex</span> 
     </span>
     <span class='ocr_line' id='line_1_104' title="bbox 1189 2099 2143 2139; baseline 0.004 -10"><span class='ocrx_word' id='word_1_754' title='bbox 1189 2099 1256 2129; x_wconf 91' lang='lat' dir='ltr'>luto</span> <span class='ocrx_word' id='word_1_755' title='bbox 1286 2109 1460 2139; x_wconf 84' lang='lat' dir='ltr'>emergere,</span> <span class='ocrx_word' id='word_1_756' title='bbox 1490 2100 1521 2130; x_wconf 91' lang='lat' dir='ltr'>in</span> <span class='ocrx_word' id='word_1_757' title='bbox 1552 2099 1634 2139; x_wconf 92' lang='lat' dir='ltr'>quod</span> <span class='ocrx_word' id='word_1_758' title='bbox 1658 2104 1771 2129; x_wconf 87' lang='lat' dir='ltr'>natura</span> <span class='ocrx_word' id='word_1_759' title='bbox 1794 2099 1927 2130; x_wconf 87' lang='lat' dir='ltr'>demersi</span> <span class='ocrx_word' id='word_1_760' title='bbox 1953 2111 2080 2132; x_wconf 87' lang='lat' dir='ltr'>sumus:</span> <span class='ocrx_word' id='word_1_761' title='bbox 2111 2108 2143 2133; x_wconf 91' lang='lat' dir='ltr'>et</span> 
     </span>
     <span class='ocr_line' id='line_1_105' title="bbox 1189 2142 2142 2182; baseline 0.004 -10"><span class='ocrx_word' id='word_1_762' title='bbox 1189 2148 1324 2172; x_wconf 82' lang='lat' dir='ltr'>externa</span> <span class='ocrx_word' id='word_1_763' title='bbox 1354 2142 1410 2173; x_wconf 92' lang='lat' dir='ltr'>illa</span> <span class='ocrx_word' id='word_1_764' title='bbox 1433 2143 1539 2172; x_wconf 88' lang='lat' dir='ltr'>omnia</span> <span class='ocrx_word' id='word_1_765' title='bbox 1563 2152 1642 2182; x_wconf 88' lang='lat' dir='ltr'>quae</span> <span class='ocrx_word' id='word_1_766' title='bbox 1667 2142 1797 2181; x_wconf 88' lang='lat' dir='ltr'>pulchra</span> <span class='ocrx_word' id='word_1_767' title='bbox 1821 2152 1890 2172; x_wconf 84' lang='lat' dir='ltr'>esse</span> <span class='ocrx_word' id='word_1_768' title='bbox 1913 2142 1970 2172; x_wconf 83' lang='lat' dir='ltr'>sibi</span> <span class='ocrx_word' id='word_1_769' title='bbox 1994 2142 2142 2176; x_wconf 87' lang='lat' dir='ltr'>homines</span> 
     </span>
     <span class='ocr_line' id='line_1_106' title="bbox 1189 2183 2142 2226; baseline 0.004 -12"><span class='ocrx_word' id='word_1_770' title='bbox 1189 2185 1316 2224; x_wconf 80' lang='lat' dir='ltr'>fingunt</span> <span class='ocrx_word' id='word_1_771' title='bbox 1338 2185 1447 2215; x_wconf 85' lang='lat' dir='ltr'>inania</span> <span class='ocrx_word' id='word_1_772' title='bbox 1469 2195 1537 2216; x_wconf 88' lang='lat' dir='ltr'>esse</span> <span class='ocrx_word' id='word_1_773' title='bbox 1561 2184 1650 2215; x_wconf 90' lang='lat' dir='ltr'>nobis</span> <span class='ocrx_word' id='word_1_774' title='bbox 1674 2183 1873 2224; x_wconf 76' lang='lat' dir='ltr'>persuadere,</span> <span class='ocrx_word' id='word_1_775' title='bbox 1898 2190 1928 2214; x_wconf 89' lang='lat' dir='ltr'>et</span> <span class='ocrx_word' id='word_1_776' title='bbox 1947 2185 2080 2226; x_wconf 88' lang='lat' dir='ltr'>indigna</span> <span class='ocrx_word' id='word_1_777' title='bbox 2103 2198 2142 2218; x_wconf 77' lang='lat' dir='ltr'>ex</span> 
     </span>
     <span class='ocr_line' id='line_1_107' title="bbox 1189 2226 2143 2267; baseline 0.003 -10"><span class='ocrx_word' id='word_1_778' title='bbox 1189 2227 1302 2266; x_wconf 83' lang='lat' dir='ltr'>quibus</span> <span class='ocrx_word' id='word_1_779' title='bbox 1337 2227 1525 2267; x_wconf 81' lang='lat' dir='ltr'>dignitatem</span> <span class='ocrx_word' id='word_1_780' title='bbox 1555 2227 1695 2266; x_wconf 86' lang='lat' dir='ltr'>aliquam</span> <span class='ocrx_word' id='word_1_781' title='bbox 1725 2237 1829 2257; x_wconf 83' lang='lat' dir='ltr'>eoram</span> <span class='ocrx_word' id='word_1_782' title='bbox 1861 2226 2003 2257; x_wconf 82' lang='lat' dir='ltr'>Domino</span> <span class='ocrx_word' id='word_1_783' title='bbox 2035 2239 2143 2260; x_wconf 81' lang='lat' dir='ltr'>conse-</span> 
     </span>
     <span class='ocr_line' id='line_1_108' title="bbox 1189 2269 2141 2309; baseline 0.002 -9"><span class='ocrx_word' id='word_1_784' title='bbox 1189 2279 1344 2309; x_wconf 88' lang='lat' dir='ltr'>quamur:</span> <span class='ocrx_word' id='word_1_785' title='bbox 1373 2280 1408 2300; x_wconf 88' lang='lat' dir='ltr'>ac</span> <span class='ocrx_word' id='word_1_786' title='bbox 1432 2269 1565 2309; x_wconf 90' lang='lat' dir='ltr'>proinde</span> <span class='ocrx_word' id='word_1_787' title='bbox 1588 2269 1684 2300; x_wconf 87' lang='lat' dir='ltr'>semel</span> <span class='ocrx_word' id='word_1_788' title='bbox 1708 2269 1818 2299; x_wconf 79' lang='lat' dir='ltr'>inanes</span> <span class='ocrx_word' id='word_1_789' title='bbox 1843 2269 1911 2299; x_wconf 82' lang='lat' dir='ltr'>illas</span> <span class='ocrx_word' id='word_1_790' title='bbox 1935 2280 2067 2309; x_wconf 89' lang='lat' dir='ltr'>pompas</span> <span class='ocrx_word' id='word_1_791' title='bbox 2088 2271 2141 2302; x_wconf 90' lang='lat' dir='ltr'>ab·</span> 
     </span>
     <span class='ocr_line' id='line_1_109' title="bbox 1187 2311 2140 2352; baseline 0.002 -10"><span class='ocrx_word' id='word_1_792' title='bbox 1187 2312 1292 2344; x_wconf 86' lang='lat' dir='ltr'>iicere.</span> <span class='ocrx_word' id='word_1_793' title='bbox 1321 2323 1398 2352; x_wconf 89' lang='lat' dir='ltr'>quas</span> <span class='ocrx_word' id='word_1_794' title='bbox 1421 2313 1556 2352; x_wconf 87' lang='lat' dir='ltr'>ipsemet</span> <span class='ocrx_word' id='word_1_795' title='bbox 1579 2312 1788 2342; x_wconf 90' lang='lat' dir='ltr'>abominatur.</span> <span class='ocrx_word' id='word_1_796' title='bbox 1834 2311 1941 2350; x_wconf 87' lang='lat' dir='ltr'>Quum</span> <span class='ocrx_word' id='word_1_797' title='bbox 1967 2323 2042 2343; x_wconf 82' lang='lat' dir='ltr'>vero</span> <span class='ocrx_word' id='word_1_798' title='bbox 2067 2313 2140 2344; x_wconf 90' lang='lat' dir='ltr'>dici-</span> 
     </span>
     <span class='ocr_line' id='line_1_110' title="bbox 1187 2353 2136 2391; baseline 0.002 -6"><span class='ocrx_word' id='word_1_799' title='bbox 1187 2359 1241 2385; x_wconf 91' lang='lat' dir='ltr'>tur</span> <span class='ocrx_word' id='word_1_800' title='bbox 1271 2354 1360 2386; x_wconf 86' lang='lat' dir='ltr'>Deus</span> <span class='ocrx_word' id='word_1_801' title='bbox 1395 2365 1447 2386; x_wconf 91' lang='lat' dir='ltr'>cor</span> <span class='ocrx_word' id='word_1_802' title='bbox 1482 2355 1621 2385; x_wconf 78' lang='lat' dir='ltr'>hominis</span> <span class='ocrx_word' id='word_1_803' title='bbox 1652 2354 1783 2391; x_wconf 86' lang='lat' dir='ltr'>intueri,</span> <span class='ocrx_word' id='word_1_804' title='bbox 1819 2353 1970 2385; x_wconf 76' lang='lat' dir='ltr'>docemur</span> <span class='ocrx_word' id='word_1_805' title='bbox 2006 2366 2041 2385; x_wconf 89' lang='lat' dir='ltr'>eo</span> <span class='ocrx_word' id='word_1_806' title='bbox 2072 2366 2136 2387; x_wconf 89' lang='lat' dir='ltr'>non</span> 
     </span>
     <span class='ocr_line' id='line_1_111' title="bbox 1188 2396 2139 2437; baseline 0.003 -10"><span class='ocrx_word' id='word_1_807' title='bbox 1188 2402 1315 2427; x_wconf 87' lang='lat' dir='ltr'>tantum</span> <span class='ocrx_word' id='word_1_808' title='bbox 1347 2403 1493 2437; x_wconf 90' lang='lat' dir='ltr'>oportere</span> <span class='ocrx_word' id='word_1_809' title='bbox 1522 2407 1588 2435; x_wconf 86' lang='lat' dir='ltr'>nos,</span> <span class='ocrx_word' id='word_1_810' title='bbox 1619 2397 1645 2427; x_wconf 88' lang='lat' dir='ltr'>si</span> <span class='ocrx_word' id='word_1_811' title='bbox 1670 2397 1737 2427; x_wconf 90' lang='lat' dir='ltr'>Deo</span> <span class='ocrx_word' id='word_1_812' title='bbox 1768 2396 1850 2436; x_wconf 79' lang='lat' dir='ltr'>grati</span> <span class='ocrx_word' id='word_1_813' title='bbox 1880 2407 1949 2427; x_wconf 89' lang='lat' dir='ltr'>esse</span> <span class='ocrx_word' id='word_1_814' title='bbox 1980 2398 2139 2436; x_wconf 82' lang='lat' dir='ltr'>volumus,</span> 
     </span>
     <span class='ocr_line' id='line_1_112' title="bbox 1187 2438 2140 2480; baseline 0.002 -10"><span class='ocrx_word' id='word_1_815' title='bbox 1187 2439 1370 2470; x_wconf 90' lang='lat' dir='ltr'>hominibus</span> <span class='ocrx_word' id='word_1_816' title='bbox 1399 2440 1531 2479; x_wconf 85' lang='lat' dir='ltr'>placere,</span> <span class='ocrx_word' id='word_1_817' title='bbox 1560 2445 1591 2470; x_wconf 91' lang='lat' dir='ltr'>et</span> <span class='ocrx_word' id='word_1_818' title='bbox 1619 2439 1685 2469; x_wconf 91' lang='lat' dir='ltr'>sola</span> <span class='ocrx_word' id='word_1_819' title='bbox 1716 2438 1851 2478; x_wconf 87' lang='lat' dir='ltr'>quadam</span> <span class='ocrx_word' id='word_1_820' title='bbox 1881 2439 2012 2470; x_wconf 86' lang='lat' dir='ltr'>virtutis</span> <span class='ocrx_word' id='word_1_821' title='bbox 2035 2441 2140 2480; x_wconf 86' lang='lat' dir='ltr'>specie</span> 
     </span>
     <span class='ocr_line' id='line_1_113' title="bbox 1187 2481 2139 2521; baseline 0.001 -8"><span class='ocrx_word' id='word_1_822' title='bbox 1187 2488 1218 2513; x_wconf 89' lang='lat' dir='ltr'>et</span> <span class='ocrx_word' id='word_1_823' title='bbox 1252 2482 1364 2513; x_wconf 90' lang='lat' dir='ltr'>umbra</span> <span class='ocrx_word' id='word_1_824' title='bbox 1398 2483 1583 2521; x_wconf 88' lang='lat' dir='ltr'>conspicuos</span> <span class='ocrx_word' id='word_1_825' title='bbox 1618 2492 1700 2511; x_wconf 81' lang='lat' dir='ltr'>esse:</span> <span class='ocrx_word' id='word_1_826' title='bbox 1735 2481 1991 2521; x_wconf 89' lang='lat' dir='ltr'>quandoquidem</span> <span class='ocrx_word' id='word_1_827' title='bbox 2026 2483 2139 2515; x_wconf 85' lang='lat' dir='ltr'>inanes</span> 
     </span>
     <span class='ocr_line' id='line_1_114' title="bbox 1185 2523 2137 2564; baseline 0.003 -9"><span class='ocrx_word' id='word_1_828' title='bbox 1185 2525 1260 2556; x_wconf 90' lang='lat' dir='ltr'>illae</span> <span class='ocrx_word' id='word_1_829' title='bbox 1290 2535 1395 2564; x_wconf 84' lang='lat' dir='ltr'>nugae</span> <span class='ocrx_word' id='word_1_830' title='bbox 1424 2530 1514 2555; x_wconf 85' lang='lat' dir='ltr'>sunt:</span> <span class='ocrx_word' id='word_1_831' title='bbox 1546 2529 1577 2555; x_wconf 89' lang='lat' dir='ltr'>et</span> <span class='ocrx_word' id='word_1_832' title='bbox 1599 2523 1689 2554; x_wconf 88' lang='lat' dir='ltr'>Deus</span> <span class='ocrx_word' id='word_1_833' title='bbox 1718 2534 1781 2554; x_wconf 92' lang='lat' dir='ltr'>non</span> <span class='ocrx_word' id='word_1_834' title='bbox 1806 2528 1852 2554; x_wconf 88' lang='lat' dir='ltr'>est</span> <span class='ocrx_word' id='word_1_835' title='bbox 1876 2524 1991 2554; x_wconf 90' lang='lat' dir='ltr'>infanti</span> <span class='ocrx_word' id='word_1_836' title='bbox 2015 2526 2137 2564; x_wconf 85' lang='lat' dir='ltr'>similis,</span> 
     </span>
     <span class='ocr_line' id='line_1_115' title="bbox 1186 2566 2136 2607; baseline 0.001 -9"><span class='ocrx_word' id='word_1_837' title='bbox 1186 2568 1240 2607; x_wconf 90' lang='lat' dir='ltr'>qui</span> <span class='ocrx_word' id='word_1_838' title='bbox 1268 2566 1398 2598; x_wconf 89' lang='lat' dir='ltr'>ludicris</span> <span class='ocrx_word' id='word_1_839' title='bbox 1429 2567 1533 2598; x_wconf 87' lang='lat' dir='ltr'>neseio</span> <span class='ocrx_word' id='word_1_840' title='bbox 1563 2566 1677 2606; x_wconf 91' lang='lat' dir='ltr'>quibus</span> <span class='ocrx_word' id='word_1_841' title='bbox 1708 2566 1865 2606; x_wconf 86' lang='lat' dir='ltr'>placetur:</span> <span class='ocrx_word' id='word_1_842' title='bbox 1894 2566 1948 2597; x_wconf 90' lang='lat' dir='ltr'>sed</span> <span class='ocrx_word' id='word_1_843' title='bbox 1972 2577 2024 2598; x_wconf 93' lang='lat' dir='ltr'>cor</span> <span class='ocrx_word' id='word_1_844' title='bbox 2047 2569 2136 2607; x_wconf 87' lang='lat' dir='ltr'>petit,</span> 
     </span>
     <span class='ocr_line' id='line_1_116' title="bbox 1185 2608 2138 2650; baseline 0.002 -10"><span class='ocrx_word' id='word_1_845' title='bbox 1185 2609 1451 2650; x_wconf 90' lang='lat' dir='ltr'>quemadmodum</span> <span class='ocrx_word' id='word_1_846' title='bbox 1476 2609 1628 2640; x_wconf 87' lang='lat' dir='ltr'>Ieremias</span> <span class='ocrx_word' id='word_1_847' title='bbox 1659 2609 1717 2639; x_wconf 88' lang='lat' dir='ltr'>ait:</span> <span class='ocrx_word' id='word_1_848' title='bbox 1743 2608 1873 2639; x_wconf 71' lang='lat' dir='ltr'>Domine</span> <span class='ocrx_word' id='word_1_849' title='bbox 1902 2610 1981 2641; x_wconf 71' lang='lat' dir='ltr'>oculi</span> <span class='ocrx_word' id='word_1_850' title='bbox 2010 2611 2057 2641; x_wconf 80' lang='lat' dir='ltr'>tui</span> <span class='ocrx_word' id='word_1_851' title='bbox 2078 2621 2138 2643; x_wconf 72' lang='lat' dir='ltr'>uon.</span> 
     </span>
     <span class='ocr_line' id='line_1_117' title="bbox 1887 2659 1936 2684; baseline 0 0"><span class='ocrx_word' id='word_1_852' title='bbox 1887 2659 1936 2684; x_wconf 77' lang='lat'>11·</span> 
     </span>
    </p>
   </div>
  </div>
 </body>
</html>
