2551 3044
390 229 454 260 483

397 331 492 362 quani
522 321 554 351 in
579 318 738 358 sepulcro.
784 318 875 348 Dura
902 327 978 347 sanc
1002 315 1141 348 conditio
1165 315 1282 345 misero
1305 312 1367 344 Dei

399 374 502 398 servo,
534 368 629 402 atque
661 361 830 392 hominum
862 359 980 390 iudicio
1005 359 1099 399 longe
1123 357 1237 388 melior
1261 357 1369 387 futura

399 408 424 438 si
457 405 564 436 statim
597 404 702 444 potius
733 404 832 434 vitani
865 401 1077 443 perdidisset.
1107 410 1202 440 quam
1226 409 1298 431 cum
1323 403 1369 429 tot
1394 409 1395 418 ¹

1183 219 1387 252 HOMILIA
1408 218 1586 251 LXXXV.

1394 315 1396 355 l

1394 359 1396 407 h

400 447 629 480 afflictionibus
663 446 803 477 luctatus
834 451 919 476 esset
950 450 981 475 et
1012 444 1133 474 evitato
1163 441 1306 483 periculo
1336 441 1368 472 in
1394 443 1396 450 ¹

400 491 486 523 aliud
512 489 681 530 impulsus,
709 488 793 528 quod
816 487 958 524 obsecro,
982 486 1057 526 quid
1083 486 1141 516 fuit
1165 484 1251 516 aliud
1274 493 1370 525 quam

401 545 418 565 a
451 534 521 564 Deo
552 532 663 563 multis
692 531 804 562 mortis
835 529 1009 571 generibus
1041 527 1178 568 exponi?
1230 527 1371 558 Verum-

400 578 568 608 enimvero
600 584 699 614 quum
732 574 792 604 Dei
823 571 1063 603 misericordiae
1092 576 1221 612 gustum
1253 570 1370 601 babere

401 626 432 651 et
463 618 502 650 ad
534 618 623 649 illum
654 618 827 657 confugere
858 616 891 646 in
922 615 1049 653 magnis
1079 614 1198 645 nostris
1221 611 1371 654 perieulis

401 671 592 703 possumus,
623 666 747 691 certum
779 663 828 690 est
858 667 978 698 niagno
1008 663 1118 688 nostro
1148 655 1312 688 commodo
1341 660 1372 685 et

403 704 535 736 utilitati
549 702 798 734 divinamillam
817 701 1075 740 explorationem
1097 698 1219 731 cedere.
1244 698 1372 730 Scimus

403 748 488 779 enim
515 745 716 777 maledictam
743 745 809 775 fore
832 743 982 774 fiduciam
1006 750 1148 774 nostram
1172 743 1198 772 si
1222 742 1253 772 in
1279 741 1374 772 rebus
1400 776 1401 779 Ἰ
1427 739 1582 769 Domino:
1613 737 1670 767 tibi

404 790 520 822 creatis
544 788 795 825 substiterimus,
819 785 1090 826 quemadmodum
1114 784 1274 825 propheta
1298 783 1373 813 dicit

405 832 613 864 maledictum
657 830 821 861 hominem
858 829 912 869 qui
949 829 981 859 in
1018 828 1147 859 homine
1177 826 1309 858 contidit
1343 831 1374 855 et

405 875 575 907 brachium
622 873 762 904 hominis
807 882 903 903 suum
949 869 1230 912 propugnaculum
1276 869 1374 908 ponit.

407 917 507 957 Atqui
552 922 668 947 natura
711 915 846 946 nimium
882 914 1040 954 proclives
1074 914 1105 944 in
1142 913 1255 944 vitium
1291 910 1374 941 istud

406 971 528 995 sumus,
553 960 613 990 nisi
636 959 725 989 Deus
750 958 872 989 virtute
891 967 949 988 sua
972 967 1031 987 nos
1055 956 1094 987 ab
1118 966 1154 986 eo
1178 954 1374 986 retraheret:

405 1013 505 1044 quum
530 1002 629 1042 igitur
653 1011 711 1032 nos
734 1000 773 1031 ad
798 1010 832 1031 sc
853 1004 953 1037 vocat,
987 1009 1044 1039 per
1067 998 1187 1029 multas
1211 997 1376 1037 angustias

405 1056 501 1087 quam
532 1046 572 1075 sit
605 1043 696 1075 nobis
726 1043 805 1074 illud
838 1042 916 1073 utile
947 1042 1104 1073 videmus.
1157 1039 1375 1079 Quamobrem

406 1089 658 1129 quotiescunque
683 1086 751 1117 Deo
772 1085 934 1116 videbitur
959 1095 1016 1116 nos
1040 1085 1074 1114 in
1097 1083 1218 1114 multas
1242 1081 1375 1112 difficul-

410 1138 496 1162 tates
527 1130 668 1168 iniicere,
699 1138 930 1169 cognoscamus
960 1132 1072 1158 nostro
1102 1125 1268 1158 commodo
1299 1124 1376 1161 fieri,

410 1181 445 1205 ut
469 1173 575 1204 Deum
609 1181 803 1211 quaeramus
833 1177 863 1201 et
887 1170 948 1210 ipsi
971 1169 1214 1206 adhaereamus,
1241 1173 1272 1198 et
1296 1177 1336 1197 ne
1360 1176 1376 1196 a

411 1217 507 1247 vanis
530 1214 760 1255 cupiditatibus
783 1212 965 1250 mundanis,
986 1212 1103 1252 quibus
1122 1211 1257 1242 exitium
1273 1219 1377 1240 aecer-

412 1260 505 1294 situr,
530 1257 739 1297 decipiamur.
775 1256 858 1286 Nam
881 1255 958 1295 ipsis
980 1254 1146 1286 fraudibus
1160 1253 1260 1285 Satan
1285 1262 1377 1284 cona-

414 1308 467 1332 tur
499 1311 517 1331 a
548 1300 617 1331 Deo
648 1309 706 1330 nos
737 1298 904 1335 abducere,
935 1303 1014 1338 puta
1045 1307 1151 1328 rerum
1175 1302 1377 1327 terrenarum

414 1354 492 1375 cura
515 1348 547 1374 et
570 1341 795 1377 sollicitudine,
819 1340 934 1380 quibus
957 1340 1126 1371 hominum
1150 1344 1275 1370 mentes
1298 1337 1379 1369 solet

414 1387 550 1418 irretire.
596 1385 641 1416 Et
664 1384 769 1415 Deum
797 1388 924 1424 oportet
954 1383 1096 1414 vicissim
1129 1381 1167 1412 de
1196 1380 1379 1412 hominibus

413 1429 520 1469 ipsum
539 1428 660 1459 honore
679 1427 785 1458 debito
806 1425 1020 1465 spoliantibus
1043 1425 1217 1456 vindictam
1243 1433 1378 1454 sumere.

416 1472 518 1503 Porro
537 1470 599 1502 nisi
620 1470 721 1501 vitam
746 1474 889 1500 nostram
913 1469 945 1498 in
968 1468 1037 1508 ipso
1060 1477 1264 1507 reponamus,
1288 1472 1319 1496 et
1341 1465 1380 1496 ab

416 1514 517 1554 ipsius
553 1513 648 1544 unica
679 1513 798 1542 virtute
828 1510 967 1551 pendere
994 1510 1151 1548 sciamus,
1179 1514 1304 1540 certum
1333 1513 1382 1538 est

416 1557 522 1598 ipsum
553 1566 571 1586 a
601 1555 692 1586 nobis
722 1565 779 1585 suo
810 1554 878 1584 iure
902 1557 934 1584 et
955 1553 1128 1584 autoritate
1150 1552 1290 1592 spoliari,
1318 1560 1382 1581 res-

417 1609 480 1640 que
511 1608 623 1629 omnes
653 1603 777 1628 creatas
808 1597 841 1626 in
872 1596 988 1636 quibus
1017 1595 1167 1627 fiduciam
1191 1593 1383 1626 collocamus

418 1653 437 1674 a
471 1640 563 1672 nobis
598 1641 630 1670 in
664 1639 749 1670 idola
783 1639 1020 1677 transformari,
1055 1637 1141 1678 quod
1177 1636 1382 1676 saerilegium

419 1684 529 1715 Deum
556 1682 668 1714 ulcisci
698 1692 756 1721 par
784 1687 841 1712 est.
894 1680 1018 1712 Contra
1050 1691 1125 1712 vero
1155 1688 1386 1720 cognoscamus

419 1738 478 1758 nos
509 1726 547 1757 ad
578 1726 684 1765 ipsum
716 1723 936 1755 invocandum
960 1724 1192 1764 confugientes,
1219 1721 1385 1753 fiduciam-

420 1780 481 1810 que
504 1778 633 1799 omnem
664 1773 808 1798 nostram
839 1767 870 1798 in
904 1766 1008 1806 ipsius
1037 1767 1157 1798 virtute
1186 1765 1386 1801 collocantes,

419 1812 558 1843 multum
590 1810 770 1851 profecisse.
816 1808 955 1840 Davidis
985 1809 1085 1850 igitur
1108 1807 1292 1848 exemplum
1316 1806 1387 1837 idco

419 1855 512 1886 nobis
544 1853 744 1894 proponitur,
776 1857 812 1883 ut
841 1852 1002 1892 patienter
1024 1852 1156 1892 quosvis
1178 1860 1272 1882 casus
1294 1850 1387 1886 ferre,

419 1903 452 1929 et
474 1897 580 1937 ipsum
603 1896 724 1926 imitari
747 1894 918 1926 discamus.

507 1939 604 1979 Agite
636 1938 737 1977 igitur
759 1938 853 1968 aliam
879 1938 1039 1968 rationem
1063 1947 1081 1967 a
1103 1936 1267 1976 superiore
1291 1945 1387 1974 quam

422 1984 513 2015 Deus
543 1983 575 2013 in
606 1981 733 2012 Davide
763 1980 930 2011 liberando
953 1984 1110 2020 sequutus
1133 1984 1191 2015 est,
1226 1977 1388 2018 expenda—

421 2036 506 2057 mus.
553 2023 693 2055 Latebat
722 2023 755 2054 in
786 2022 942 2063 spelunca
971 2022 1078 2054 David
1109 2022 1222 2062 paucis
1244 2020 1308 2051 illis
1333 2020 1389 2051 sti-

421 2075 516 2109 patus
539 2067 714 2098 militibus:
738 2070 850 2097 contra
873 2075 950 2096 vcro
973 2065 1054 2097 Saul
1074 2064 1165 2096 illum
1189 2073 1261 2095 cum
1286 2062 1391 2094 tribus

422 2110 512 2142 mille
542 2108 795 2149 persequebatur
825 2108 936 2140 electis
962 2114 995 2140 et
1023 2107 1216 2144 exercitatis,
1245 2106 1300 2146 qui
1323 2104 1390 2136 Da-

424 2153 533 2184 videm
563 2151 706 2191 undique
738 2152 873 2190 cingunt
902 2161 943 2182 ne
975 2160 1037 2191 qua
1063 2150 1164 2191 possit
1185 2148 1279 2181 elabi.
1325 2147 1390 2179 Sed

425 2197 450 2228 si
482 2195 590 2226 David
614 2199 742 2225 tantum
767 2192 864 2225 biduo
886 2193 919 2224 in
942 2193 1099 2233 spelunca
1122 2192 1177 2223 illa
1200 2192 1313 2223 fuisset
1335 2190 1391 2221 ob-

426 2249 543 2276 sessus,
573 2236 660 2268 unde
683 2237 783 2267 vitam
813 2236 882 2276 ipse
912 2246 983 2267 cum
1009 2236 1075 2268 suis
1098 2235 1161 2267 illis
1183 2233 1392 2275 stipatoribus

425 2279 615 2313 tolerasset?
662 2279 767 2318 Quam
809 2279 963 2310 miserum
998 2279 1083 2309 fame
1115 2278 1250 2315 enecari,
1292 2280 1325 2307 et
1358 2275 1391 2306 in

425 2323 584 2364 specubus
615 2328 768 2362 tanquam
799 2328 893 2353 extra
923 2321 1092 2352 hominum
1123 2324 1250 2353 coetum
1278 2319 1311 2350 in
1342 2328 1391 2349 se-

426 2367 537 2407 pulcro
574 2365 702 2398 latitare
737 2369 769 2395 et
802 2364 945 2404 quotidie
975 2364 1065 2401 mori,
1102 2373 1161 2395 nec
1190 2372 1284 2403 posse
1312 2361 1393 2392 lucis

427 2409 582 2441 beneficio
617 2408 690 2439 frui.
736 2407 968 2438 Verumtamen
1006 2406 1168 2438 Dominus
1200 2405 1325 2437 exitum
1358 2403 1393 2434 in

427 2462 526 2483 manu
567 2450 716 2487 habebat,
756 2449 980 2489 Davidemque
1017 2460 1057 2480 ex
1091 2448 1212 2480 inimici
1245 2446 1394 2478 manibus

427 2504 567 2532 servare,
600 2498 728 2533 praeter
757 2492 925 2523 hominum
955 2493 1227 2532 exspectationem
1258 2489 1393 2521 volebat.

428 2537 512 2569 Nam
537 2536 616 2568 Saul
641 2536 672 2567 in
697 2545 828 2576 specum
854 2535 940 2566 illam
962 2535 1051 2566 solus
1075 2535 1114 2566 ad
1134 2539 1270 2566 naturae
1289 2531 1394 2572 requi-

429 2581 491 2611 sita
514 2579 656 2617 secessit,
681 2579 712 2609 in
737 2588 800 2619 qua
823 2577 929 2609 David
953 2588 1027 2609 cum
1051 2578 1118 2609 suis
1142 2577 1272 2614 latebat,
1295 2584 1395 2615 quare

429 2633 504 2654 vero
528 2632 593 2653 non
617 2622 754 2662 aliquem
780 2630 887 2652 secum
907 2630 949 2651 ex
971 2623 1016 2652 tot
1035 2620 1228 2652 satellitibus
1247 2626 1394 2657 assump-

427 2664 491 2697 sit?
537 2664 606 2696 Nae
629 2663 719 2695 Deus
743 2663 833 2694 illum
857 2663 946 2703 quasi
970 2673 1069 2694 manu
1093 2663 1238 2699 deduxit,
1262 2665 1294 2692 et
1311 2658 1394 2701 quod

1395 532 1397 540 .

1395 554 1397 610 l

1396 637 1399 712 l

1399 822 1402 879 ἵ

1401 938 1403 972 l

2322 212 2385 244 484

1421 312 1504 354 apud
1535 323 1568 343 se
1600 310 1789 342 decreverat
1819 308 1960 349 perfecit.
2007 307 2179 349 Ingressus
2208 307 2309 348 igitur
2337 318 2388 340 ea-

1421 365 1554 386 vernam
1585 353 1672 384 illam
1706 351 1824 383 dieitur
1853 351 1892 382 ad
1925 349 2023 391 pedes
2056 349 2221 391 tegendos,
2255 350 2390 391 quaele

1421 397 1539 439 quendi
1573 395 1700 436 phrasis
1731 393 1816 434 apud
1843 393 2009 424 Hebraeos
2042 393 2176 424 honeste
2199 393 2281 434 tegit
2303 393 2387 434 quod

1422 440 1539 480 alioqui
1565 449 1621 479 per
1644 448 1677 468 se
1701 436 1889 478 pudendum
1914 443 1972 467 est.
2020 435 2122 467 Pedes
2145 436 2245 476 igitur
2267 435 2388 468 texisse

1422 483 1548 518 dicitnr,
1579 482 1631 521 qui
1662 479 1701 510 ad
1732 479 1886 519 requisita
1910 486 2046 509 naturae
2069 479 2217 510 secessit:
2248 488 2310 518 quo
2333 488 2389 510 vo-

1424 527 1480 557 luit
1507 525 1595 555 Deus
1619 524 1724 563 ipsum
1750 522 1870 553 venire.
1917 522 2018 553 Porro
2038 521 2175 553 Davidis
2194 521 2313 552 milites
2335 521 2391 552 ubi

1425 567 1553 599 Saulem
1590 567 1771 607 ingressum
1808 563 1968 599 viderunt,
2004 564 2066 595 rati
2100 563 2159 595 sibi
2191 563 2391 595 occasionem

1424 613 1527 652 ipsum
1560 607 1775 639 interficiendi
1799 607 1938 638 oblatam
1963 607 2132 647 divinitus,
2166 606 2326 637 Davidem
2350 605 2392 637 ad

1424 653 1551 685 caedem
1577 651 1727 687 bominis,
1751 655 1783 682 et
1806 649 1934 690 quidem
1957 650 2100 690 specioso
2123 655 2294 690 praetextu
2315 655 2392 680 sunt

1425 695 1590 728 cohortati.
1637 694 1730 733 Nam⁷
1763 693 1863 729 aiunt,
1894 696 1930 723 tu
1961 693 1994 723 in
2024 702 2134 733 regem
2164 698 2278 723 unctus
2309 702 2344 723 es
2373 701 2393 722 a

1702 746 1759 777 per
1783 735 1970 767 Samuelem
1991 735 2181 775 prophetam
2206 734 2391 775 promissio-

1429 793 1483 813 nes
1502 782 1603 812 faetae
1622 783 1715 811 sunt:
1740 778 1819 810 Saul
1839 778 1941 819 igitur
1964 782 2191 809 exauctoratus
2215 788 2233 808 a
2251 776 2393 808 Domino

1427 833 1576 855 coronam
1601 823 1720 853 iniuste
1744 820 1886 861 possidet
1909 825 1939 851 ct
1963 830 2021 861 per
2044 820 2111 851 vim
2135 825 2283 860 usurpat:
2307 823 2339 851 et
2361 823 2394 850 te

1429 872 1594 907 praeterea
1623 869 1707 896 testa
1737 864 1869 904 lutoque
1899 863 2115 904 persequitur,
2151 868 2306 902 tanquam
2333 862 2395 903 ipsi

1430 910 1507 946 Deo,
1537 919 1555 939 a
1578 918 1640 948 quo
1664 907 1784 938 electus
1807 917 1849 941 es,
1875 905 1994 937 bellum
2017 905 2178 937 illaturus.
2223 904 2292 936 Iam
2319 914 2396 936 vero

1430 951 1518 982 vides
1547 951 1637 981 illum
1668 960 1687 980 a
1716 949 1788 981 Deo
1818 949 1875 979 tibi
1905 948 2000 979 etiam
2026 948 2215 989 incogitanti
2240 947 2397 979 traditum

1430 996 1460 1025 in
1481 1004 1605 1029 manus,
1630 992 1705 1033 quid
1725 993 1825 1033 igitur
1843 990 2028 1023 cunctaris?
2071 991 2161 1022 Haec
2180 990 2236 1021 tibi
2256 990 2397 1022 laetitiae

1402 1037 1497 1068 ,dies
1531 1036 1690 1067 divinitus
1723 1034 1845 1066 affulsit
1879 1034 1917 1065 ad
1953 1034 2076 1065 hostem
2111 1033 2396 1074 pessumdandum.

1430 1079 1600 1119 Speciosae
1624 1078 1766 1118 profecto
1789 1078 1930 1108 rationes
1953 1076 2070 1117 quibus
2093 1076 2266 1108 videbatur
2288 1075 2397 1107 David

1430 1123 1540 1154 statim
1571 1119 1825 1161 persuadendus.
1871 1119 1955 1150 Nam
1987 1119 2110 1150 sciebat
2139 1129 2172 1150 se
2201 1128 2267 1150 non
2298 1118 2399 1150 hono-

1431 1175 1501 1195 rum
1526 1163 1703 1204 cupiditate
1727 1163 1849 1204 regiam
1874 1162 2064 1203 dignitatem
2089 1162 2270 1200 ambivisse,
2301 1160 2357 1192 sed
2380 1171 2398 1192 a

1432 1208 1510 1244 Deo,
1544 1217 1643 1247 quum
1674 1205 1757 1236 nihil
1789 1206 1897 1236 minus
1929 1215 2025 1245 quam
2058 1203 2096 1235 de
2120 1215 2221 1246 regno
2243 1203 2400 1245 cogitaret

1431 1256 1592 1286 vocatum,
1622 1254 1655 1281 et
1683 1247 1813 1289 quidem
1839 1248 1989 1279 omnibus
2013 1247 2080 1278 suis
2103 1247 2256 1278 fratribus
2278 1247 2400 1287 primo-

1433 1293 1560 1333 genitis,
1600 1302 1680 1332 quos
1711 1290 1854 1323 Samueli
1884 1296 1977 1331 pater
2008 1289 2179 1328 obtulerat,
2214 1288 2401 1330 repudiatis,

1433 1336 1573 1375 ipsisque
1596 1345 1614 1365 a
1631 1334 1778 1371 Domino,
1804 1334 1878 1364 licet
1897 1333 2042 1364 omnium
2065 1333 2218 1364 minimus
2241 1338 2274 1363 et
2296 1332 2401 1363 abiec-

1434 1378 1578 1409 tissimus
1597 1382 1692 1415 esset,
1716 1376 1941 1416 antepositum.
1989 1375 2114 1406 Deinde
2137 1374 2196 1406 sibi
2222 1374 2302 1406 bene
2327 1385 2401 1406 con-

1434 1421 1518 1452 scius
1537 1424 1607 1451 erat
1625 1424 1762 1451 navatae
1785 1418 1890 1450 fidelis
1911 1428 2028 1459 operae
2051 1428 2127 1449 suae
2151 1423 2216 1449 tam
2235 1418 2294 1458 ipsi
2308 1416 2402 1449 Sauli

1436 1474 1532 1503 quani
1557 1463 1614 1494 toti
1640 1462 1772 1503 regioni,
1798 1462 1889 1493 cuius
1912 1461 1973 1501 ipsi
1999 1461 2161 1492 sufficiens
2180 1460 2401 1492 testimonium

1437 1507 1525 1537 Deus
1549 1506 1618 1546 ipse
1637 1511 1669 1536 ct
1688 1504 1795 1545 angeli
1815 1504 1917 1545 ipsius
1936 1503 2066 1534 dabant.
2101 1503 2275 1534 Praeterea
2294 1501 2404 1535 Saulis

1436 1549 1662 1581 crudelitatem
1686 1548 1880 1583 intuebatur,
1915 1556 1977 1587 qua
2001 1556 2065 1577 non
2090 1550 2216 1577 tantum
2240 1546 2272 1577 in
2296 1555 2330 1577 se
2348 1541 2404 1576 ¹fu-

1437 1592 1535 1627 rcbat,
1565 1590 1621 1622 sed
1650 1591 1746 1621 etiam
1774 1590 1807 1620 in
1838 1589 1944 1621 Deum
1976 1589 2082 1629 ipsum
2113 1588 2290 1620 ferebatur:
2322 1597 2404 1628 quae

1437 1645 1536 1674 quum
1570 1633 1680 1664 omnia
1709 1636 1948 1670 concurrerent,
1983 1642 2084 1672 quare
2113 1642 2176 1663 non
2207 1631 2320 1663 liceret
2341 1630 2404 1671 ipsi

1438 1687 1532 1717 quem
1567 1676 1658 1707 Deus
1691 1675 1815 1707 hostem
1851 1675 1884 1706 in
1919 1684 2033 1706 manus
2068 1684 2143 1706 suas
2172 1673 2351 1705 tradiderat
2373 1678 2406 1704 et

1438 1719 1639 1759 repudiatum
1664 1722 1938 1756 exauctoraverat,
1962 1716 2166 1749 interficere?
2214 1715 2294 1749 Saul
2317 1716 2404 1748 enim

1438 1762 1628 1793 crudelitate
1656 1766 1688 1793 ct
1710 1761 1914 1792 immanitate
1937 1760 2092 1797 saeviens,
2122 1759 2248 1791 nullum
2272 1759 2404 1790 modum

1439 1805 1596 1842 servabat,
1620 1814 1720 1845 quare
1743 1803 1843 1845 igitur
1866 1802 2004 1834 Davidis
2026 1802 2182 1833 militibus
2205 1812 2271 1834 non
2295 1801 2406 1834 liceret

1440 1848 1470 1878 in
1496 1848 1602 1887 ipsum
1625 1852 1780 1887 tanquam
1804 1847 1835 1877 in
1859 1846 2018 1877 latronem
2043 1851 2073 1876 et
2092 1844 2286 1877 homicidam
2305 1844 2406 1886 impe-

1440 1896 1508 1920 tum
1543 1891 1655 1928 facere,
1695 1893 1728 1920 et
1761 1896 1914 1929 tanquam
1949 1888 2109 1928 perfidum
2143 1892 2175 1918 et
2208 1887 2405 1928 proditorem

1441 1932 1646 1964 interficere?
1677 1931 1892 1963 Verumenim
1913 1941 1989 1962 vero
2003 1930 2110 1962 David
2135 1930 2204 1962 istis
2227 1929 2410 1962 rationibus

1441 1975 1555 2006 adduci
1579 1985 1644 2006 non
1668 1975 1781 2015 potnit,
1814 1979 1849 2005 ut
1873 1975 1904 2005 in
1931 1973 2062 2005 Saulem
2087 1973 2208 2014 aliquid
2231 1972 2411 2012 moliretur,

1442 2024 1473 2049 et
1491 2018 1557 2049 ulla
1576 2019 1609 2049 in
1629 2023 1722 2058 parte
1741 2017 1801 2058 ipsi
1820 2022 1958 2048 noceret.
1994 2015 2082 2055 Quid
2102 2016 2194 2047 illum
2213 2015 2408 2056 impedivit?

1442 2061 1565 2101 Nempe
1595 2061 1776 2092 reverentia
1805 2060 1967 2091 unctionis
1997 2069 2093 2099 quam
2118 2058 2194 2090 olim
2218 2058 2298 2090 Saul
2322 2067 2409 2090 aece-

1443 2108 1541 2144 perat.
1576 2103 1661 2135 Nam
1685 2104 1744 2135 etsi
1768 2112 1905 2143 regnum
1929 2102 1961 2133 in
1986 2101 2072 2132 tribu
2097 2106 2128 2132 et
2151 2101 2273 2132 familia
2289 2101 2408 2132 Benia-

1444 2147 1521 2177 mini
1552 2157 1616 2177 non
1647 2150 1773 2186 poterat
1802 2155 1872 2177 esse
1903 2144 2107 2176 diuturnum:
2137 2143 2192 2174 sed
2223 2143 2255 2174 in
2287 2143 2408 2175 tribum

1444 2189 1524 2220 Iuda
1543 2189 1802 2220 transferendum
1822 2191 1899 2226 erat,
1924 2187 2006 2228 quod
2031 2187 2064 2217 in
2078 2186 2205 2218 Davide
2227 2186 2408 2227 perfectum

1444 2237 1506 2263 est:
1543 2231 1649 2263 David
1684 2238 1792 2263 tamen
1826 2229 1961 2271 pulchre
1994 2229 2114 2261 sciebat
2149 2239 2212 2260 non
2247 2239 2318 2260 esse
2347 2228 2408 2261 sibi

1445 2273 1688 2306 transsiliendos
1722 2274 1857 2305 limites:
1889 2272 1945 2304 sed
1980 2271 2226 2313 quiescendum,
2260 2275 2293 2302 et
2325 2271 2409 2302 nihil

1445 2317 1698 2357 aggrediendum
1739 2317 1802 2348 nisi
1841 2315 1924 2356 quod
1960 2314 2049 2346 Deus
2082 2314 2308 2355 praecepisset.
2361 2315 2409 2346 Ae

1445 2360 1517 2390 licet
1532 2361 1712 2391 unctionem
1733 2370 1751 2390 a
1765 2358 1916 2391 Samuele
1935 2358 2117 2397 accepisset,
2137 2357 2282 2388 nondum
2300 2361 2409 2388 tamen

1445 2408 1514 2433 erat
1544 2403 1575 2433 in
1607 2403 1841 2442 possessionem
1873 2401 1980 2442 regiae
2010 2400 2179 2441 dignitatis
2209 2400 2342 2431 missus:
2377 2404 2410 2431 et

1446 2444 1535 2476 Deus
1556 2446 1659 2485 ipsum
1678 2446 1711 2476 in
1730 2444 1883 2476 mediocri
1906 2448 2002 2480 statu,
2027 2448 2180 2484 tanquam
2203 2442 2279 2474 vilis
2300 2446 2332 2474 et
2353 2441 2408 2473 ab·

1446 2487 1544 2518 iectae
1568 2488 1761 2519 conditionis
1783 2487 1947 2518 hominem
1972 2485 2138 2517 continere
2161 2484 2275 2521 voluit.
2306 2483 2409 2517 donec

1446 2530 1479 2560 in
1511 2531 1600 2570 regni
1624 2531 1857 2570 possessionem
1880 2529 1986 2569 ipsum
2018 2528 2175 2564 misisset,
2206 2527 2411 2569 regionisque

1446 2577 1542 2612 caput
1566 2573 1700 2604 fecisset.
1733 2572 1841 2612 Quam
1865 2571 1998 2612 pulchre
2021 2571 2120 2611 igitur
2141 2571 2175 2601 in
2199 2580 2295 2602 usum
2317 2579 2412 2601 revo-

1446 2615 1532 2647 cavit
1561 2615 1645 2655 quod
1676 2615 1714 2647 de
1745 2626 1779 2648 se
1805 2614 1969 2656 praedicat
2000 2613 2120 2645 Psalm.
2153 2612 2231 2644 131:
2267 2612 2410 2644 Domine

1448 2668 1513 2689 non
1547 2662 1596 2690 est
1629 2658 1807 2690 exaltatum
1841 2667 1894 2689 cor
1927 2666 2052 2696 meum,
2087 2665 2191 2696 neque
2224 2654 2299 2686 elati
2333 2657 2410 2686 sunt
