2551 3044
356 203 416 235 163
1161 198 1363 232 HOMILIA
1387 199 1514 232 LVIII.
2271 202 2333 233 1134

355 296 454 328 nostri
484 295 557 326 Iesu
589 294 712 327 Christi
743 295 882 326 adventu
911 296 1023 335 coepit,
1058 293 1112 325 sed
1145 294 1207 324 iam
1239 300 1315 324 ante
1341 316 1343 333 ,
1369 304 1470 325 unum
1500 299 1556 325 aut
1586 294 1740 333 alterum,
1769 295 1823 327 sed
1855 302 1955 326 totam
1987 296 2088 326 vitam
2121 296 2191 327 Deo
2221 307 2332 328 conse-

353 339 449 371 ctiam
474 338 660 369 inoleverat
696 338 750 370 Sic
775 338 920 369 videmus
940 338 1162 369 Samaritanos
1186 342 1315 376 patrum

353 381 510 421 exemplis
528 391 597 412 sese
617 381 698 411 tucri
719 391 817 421 quum
836 381 869 412 in
889 381 1068 412 adulterino
1088 379 1206 418 templo
1226 389 1317 410 sacra

353 425 504 459 facerent,
534 423 618 463 quod
643 424 674 454 in
700 422 854 454 invidiam
879 423 1072 455 Iudaeorum
1095 427 1315 453 constructum

354 468 466 504 fuerat,
500 473 531 497 ct
565 466 664 496 stulta
698 465 868 497 devotione
902 466 962 497 loci
993 465 1198 497 sanctitatem
1229 475 1317 504 prac-

355 517 481 543 texere
512 508 594 549 quod
625 509 656 539 in
688 508 752 540 illis
781 509 984 550 patriarchas
1015 508 1117 539 Deum
1148 507 1316 538 invocasse

353 552 581 593 gloriarentur
593 552 632 582 ad
646 561 784 600 quorum
797 552 981 592 exemplum
995 561 1064 582 sese
1077 555 1315 590 componerent.

353 595 419 627 Sed
449 595 499 626 lex
526 594 586 625 Dei
617 602 664 625 est
694 594 873 626 certissima
903 603 932 625 et
956 594 1117 625 tutissima
1141 592 1252 633 regula
1276 592 1316 623 ad

352 648 447 678 quam
467 637 590 669 cultum
609 647 738 668 omnem
758 637 869 668 referri
891 642 1024 677 oportet.
1054 619 1194 667 Idcircoe
1199 635 1317 666 diserte

354 688 439 712 vetat
456 680 616 711 Dominus
639 679 813 720 quidquam
837 680 871 710 in
893 690 952 711 suo
975 680 1062 711 cultu
1085 689 1127 709 ex
1150 678 1316 708 hominum

353 723 485 754 arbitrio
509 723 668 759 innovari,
692 722 748 754 sed
771 728 884 754 contra
907 721 991 762 quod
1016 722 1102 753 iubet
1125 726 1236 752 exacte
1260 720 1315 751 ob-

353 766 485 802 servari,
511 772 545 796 ut
564 765 644 796 nihil
663 765 697 796 in
717 776 753 796 eo
777 766 975 803 immutetur,
1000 764 1081 795 nihil
1101 763 1238 794 addatur
1261 763 1314 793 de-

354 809 556 844 trahaturve,
589 819 691 848 neque
714 807 753 839 ad
778 808 903 839 laevam
927 817 981 838 aut
1005 807 1151 838 dextram
1176 805 1314 837 decline-

353 857 413 882 tur.
461 850 522 882 Dei
554 861 616 881 vox
646 858 676 882 et
706 855 911 891 praeceptum
935 850 1021 881 istud
1045 856 1091 880 est
1115 848 1315 879 immutabile

352 901 382 925 et
411 893 638 925 irrevocabile:
669 893 876 933 quamobrem
900 893 996 924 etiam
1021 892 1058 923 ad
1083 892 1235 922 amussim
1259 891 1314 922 ob-

351 935 557 968 servandum.
610 936 731 967 Verum
759 937 843 967 euim
872 947 947 967 vero
973 942 1099 966 sanctos
1130 934 1199 965 illos
1231 934 1315 965 viros

353 979 428 1010 olim
448 979 542 1010 aliter
560 990 634 1010 usos
659 978 814 1016 videmus,
837 989 935 1019 quare
959 989 1034 1018 ergo
1058 977 1129 1008 illos
1154 987 1217 1007 non
1242 977 1314 1007 imi-

352 1021 519 1053 taremur?
552 1021 686 1062 Nempe,
705 1021 788 1061 quod
801 1022 826 1052 si
847 1020 1016 1061 privilegio
1035 1019 1173 1061 quodam
1192 1020 1313 1051 factum

351 1072 413 1102 est,
456 1076 520 1095 non
552 1064 647 1096 liceat
678 1065 736 1095 hoc
766 1070 907 1104 tempore
940 1064 1019 1094 illud
1051 1071 1223 1103 usui-:pare
1259 1061 1314 1093 sed

350 1107 502 1138 standum
539 1108 581 1139 sit
618 1107 730 1148 regula
758 1117 852 1147 quam
884 1107 952 1146 ipse
981 1106 1069 1137 Deus
1099 1105 1313 1145 praescripsit.

352 1150 526 1182 Caeterum
560 1159 623 1180 non
655 1160 766 1181 sumus
789 1150 868 1181 satis
897 1149 1003 1181 idonei
1028 1148 1146 1179 iudices
1170 1148 1208 1178 de
1231 1148 1313 1179 facto

351 1192 531 1232 Samuelis,
573 1198 700 1224 rectene
743 1203 784 1223 an
819 1203 909 1223 secus
943 1192 1051 1223 feccrit
1082 1190 1313 1222 Bethlehemae

351 1236 549 1267 sacrificans:
574 1245 673 1276 quum
697 1236 885 1275 praesertim
907 1234 974 1265 Deo
997 1238 1125 1275 gratum
1149 1241 1177 1264 et
1203 1243 1313 1273 accep-

350 1283 420 1309 tum
438 1278 481 1309 sit
499 1277 700 1316 sacrificium,
725 1289 789 1309 non
809 1278 991 1318 inquirente
1015 1278 1045 1307 in
1071 1277 1184 1307 vitium
1209 1286 1313 1315 neque

351 1321 506 1352 severiter
525 1320 564 1352 ad
584 1331 660 1353 suae
680 1320 820 1351 iustitiae
839 1320 983 1361 regulam
1003 1319 1214 1360 expendente.
1246 1319 1312 1350 Nos

352 1365 460 1404 itaque
473 1363 543 1394 Deo
566 1363 634 1395 sine
657 1364 864 1394 contentione
887 1373 1000 1403 parere
1024 1362 1194 1399 discamus,
1218 1366 1249 1392 et
1273 1372 1312 1392 ne

351 1406 425 1446 quid
457 1406 496 1437 ab
526 1417 590 1437 uno
614 1406 663 1436 vel
689 1406 788 1437 altero
812 1406 929 1437 factum
949 1406 991 1436 sit
1014 1406 1206 1441 intueamur,
1232 1404 1312 1435 illud

351 1449 384 1480 in
409 1449 594 1489 exemplum
620 1449 765 1485 tracturi,
789 1448 1045 1489 quandoquidem
1066 1447 1126 1478 Dei
1152 1446 1312 1478 mandatis

351 1492 420 1524 sine
443 1492 630 1531 exceptione
654 1498 702 1522 est
724 1491 1020 1531 obtemperandum.

438 1533 608 1574 Sequitur:
646 1534 909 1574 Sanctificamini,
943 1536 968 1565 et
1003 1534 1096 1564 venite
1130 1543 1247 1564 mecum
1280 1535 1313 1564 ut

352 1577 509 1608 immolem.
564 1576 774 1616 Sanctificavit
803 1587 874 1617 erqo
905 1576 974 1607 Isa'i
1003 1580 1030 1607 et
1056 1575 1139 1614 filios
1169 1576 1250 1606 eius.
1287 1578 1313 1606 ct

350 1620 466 1650 vocavit
489 1630 537 1650 eos
559 1619 601 1650 ad
623 1619 817 1658 sacrificium.
864 1619 935 1650 Mos
959 1619 1011 1649 illc
1035 1619 1096 1649 fuit
1119 1618 1177 1649 sub
1202 1618 1312 1658 legali-

350 1662 410 1693 bus
453 1662 574 1693 umbris
609 1663 747 1693 usitatus
783 1667 816 1693 ut
849 1662 949 1693 sacris
984 1661 1206 1702 participaturi
1242 1671 1312 1692 sese

349 1705 568 1746 purificarent.
610 1704 673 1736 Ubi
697 1704 942 1740 observandum,
967 1714 1020 1735 eos
1043 1705 1095 1743 qui
1119 1703 1312 1735 sacrificium

349 1746 535 1785 offerebant,
559 1757 733 1779 convocare
756 1747 868 1778 solitos
892 1747 1019 1783 amieos,
1045 1753 1075 1777 et
1099 1747 1191 1777 rebus
1215 1748 1312 1778 sacris

350 1790 450 1826 vesci,
481 1795 650 1830 postquam
680 1789 829 1821 sacerdos
860 1790 1037 1829 portionem
1066 1789 1248 1825 sustulerat,
1281 1796 1313 1820 et

348 1833 409 1864 rite
434 1832 503 1862 Deo
532 1843 571 1863 ex
604 1833 702 1873 ipsius
734 1832 930 1872 praescripto
961 1842 1051 1863 sacra
1076 1832 1200 1868 fecerat,
1225 1840 1253 1862 et
1280 1833 1310 1862 in

350 1876 410 1907 Dei
429 1882 601 1914 conspectu
624 1874 817 1906 exhilarari:
841 1876 932 1906 cuius
954 1875 998 1905 rei
1022 1874 1168 1914 exempla
1192 1875 1310 1915 passim

349 1919 382 1949 in
417 1918 517 1949 sacris
551 1925 689 1949 exstant.
735 1918 837 1949 Porro
870 1918 1060 1948 sacrificium
1095 1918 1261 1957 oportebat
1294 1928 1311 1948 a

349 1961 527 2002 purificatis
539 1966 570 1991 et
585 1960 671 1991 nulla
691 1960 785 1991 sorde
804 1960 1015 2000 coinquinatis
1033 1959 1164 1990 comedi.
1189 1959 1310 1999 Quam-

349 2004 459 2035 obrem
490 2003 529 2034 ad
558 2003 750 2034 sacrificium
777 2002 924 2034 advocati
948 2010 1099 2043 tanquam
1125 2002 1163 2032 ad
1188 2013 1309 2034 sacram

350 2056 494 2078 mensam
529 2046 779 2084 conveniebant,
811 2051 844 2076 et
877 2056 947 2076 eam
981 2046 1020 2076 ob
1054 2055 1121 2075 rem
1154 2044 1311 2077 Dominus

349 2088 513 2130 purificari
544 2088 682 2125 iubebat,
713 2099 752 2119 ne
784 2088 865 2120 ullas
895 2088 1004 2119 sordes
1034 2095 1065 2119 et
1095 2087 1236 2119 maculas
1266 2089 1311 2118 in-

351 2133 478 2164 ferrent.
525 2114 684 2171 Equidem
716 2132 825 2169 fateor,
856 2141 954 2171 quum
980 2131 1068 2162 Deus
1091 2129 1177 2161 cibos
1200 2141 1311 2162 omnes

349 2174 535 2210 sanctificet,
570 2174 631 2205 illis
666 2174 761 2204 ctiam
797 2173 881 2204 bona
914 2173 1109 2205 conscientia
1145 2173 1310 2209 utendum,

350 2217 432 2258 quod
466 2216 616 2256 alioquin,
649 2222 683 2246 ut
709 2224 816 2247 monet
841 2215 962 2247 Paulus
993 2215 1164 2256 apostolus
1190 2216 1311 2256 polluta

349 2261 455 2291 omnia
480 2260 588 2290 futura
611 2260 684 2295 sint,
709 2265 740 2290 et
763 2269 969 2299 quoscunque
993 2258 1079 2290 cibos
1098 2257 1256 2289 sumimus
1278 2259 1310 2288 in

348 2302 604 2334 maledictionem
621 2302 773 2342 iniquitas
785 2308 814 2332 et
835 2301 968 2342 pollutio
986 2303 1163 2333 consertat.
1188 2300 1310 2331 Verum

350 2351 457 2377 tamen
488 2344 662 2385 singularis
692 2344 847 2384 quaedam
878 2343 938 2375 fuit
961 2344 1189 2375 sacrificiorum
1213 2344 1310 2374 ratio:

350 2399 424 2419 nam
456 2389 487 2418 in
520 2387 559 2418 iis
588 2388 805 2419 sacrificantes
836 2397 904 2418 sese
931 2386 1029 2417 veluti
1053 2385 1123 2417 Deo
1146 2385 1310 2416 sistebant.

350 2430 567 2470 Quamobrem
591 2440 681 2461 sarra
703 2429 758 2460 illa
781 2430 928 2461 convivia
952 2429 1105 2460 differunt
1126 2438 1144 2458 a
1167 2428 1310 2468 privatis,

349 2474 430 2521 quod
451 2473 506 2504 illa
529 2472 563 2502 in
586 2471 654 2504 loco
677 2483 767 2504 sacro
789 2483 896 2504 coram
917 2471 1066 2508 Domino,
1089 2471 1168 2502 haec
1190 2470 1222 2501 in
1247 2471 1311 2511 pri-

350 2516 432 2547 vatis
463 2513 595 2546 aedibus
625 2515 843 2546 celebrentur:
874 2521 905 2546 et
935 2514 1052 2546 idcirco
1081 2513 1120 2546 ad
1144 2523 1235 2545 sacra
1257 2513 1311 2544 illa

350 2559 499 2590 convivia
529 2557 717 2589 accedentes
748 2557 915 2598 oportebat
945 2557 1116 2598 purificari.
1169 2554 1223 2587 Sic
1253 2566 1310 2587 nos

350 2600 388 2631 ad
422 2611 545 2632 sacram
580 2601 714 2640 synaxin
752 2606 921 2636 venturos.
959 2606 991 2631 et
1024 2610 1142 2631 coenae
1175 2597 1309 2630 Domini

351 2643 600 2684 participaturos
634 2647 761 2684 oportet
793 2642 981 2684 praeparari
1013 2642 1100 2684 (licet
1133 2651 1197 2674 non
1227 2640 1311 2672 diem

1368 347 1459 368 erare
1491 348 1548 368 nos
1577 338 1735 386 oporteat)
1763 347 1794 370 et
1825 338 1980 370 attentius
2010 338 2048 368 de
2079 338 2170 369 nobis
2193 340 2332 380 cogitare

1369 387 1521 419 tanquam
1553 379 1592 410 ad
1623 380 1726 420 ipsum
1758 381 1935 412 Dominum
1967 381 2158 419 accessuris,
2182 387 2332 414 caventes

1370 433 1408 452 ne
1432 432 1468 453 eo
1491 422 1601 454 sordes
1624 428 1655 454 et
1678 423 1868 464 pollutiones
1893 428 2018 455 nostras
2041 406 2232 460 adterainus,
2263 434 2332 455 rem

1369 471 1434 495 tam
1461 471 1695 497 sacrosanctam
1720 466 1931 506 profanaturi.
1977 466 2128 497 Testatur
2157 466 2243 497 enim
2266 466 2333 499 illic

1371 507 1531 539 Dominus
1565 518 1623 539 nos
1658 508 1795 540 Domino
1831 518 1938 540 nostro
1969 509 2042 540 Iesu
2073 508 2206 540 Christo
2237 509 2332 548 uniri,

1369 550 1502 590 eiusque
1536 560 1650 590 corpus
1683 559 1712 583 et
1744 553 1936 593 sanguinem
1968 551 2057 583 nobis
2086 551 2118 583 in
2148 552 2331 583 animarum

1370 598 1555 623 nostrarum
1597 593 1783 626 alimentum
1824 594 1945 626 cedere.
2000 594 2171 626 Caeterum
2212 595 2332 626 veteris

1369 635 1570 666 Testamenti
1605 646 1673 667 mos
1707 636 1759 668 ille
1793 636 1982 677 purificandi
2017 638 2261 675 sacrificaturos,
2295 643 2331 668 ut

1368 678 1504 718 quisque
1543 679 1698 719 cogitaret
1737 680 1892 720 quomodo
1935 679 1973 710 ad
2007 680 2114 711 Deum
2155 680 2329 717 accederet,

1369 720 1451 751 ritus
1481 721 1666 752 continebat
1688 732 1823 762 quorum
1847 722 1941 754 hodie
1966 733 2028 753 non
2053 727 2157 762 potest
2180 733 2256 754 usus
2281 734 2329 753 re-

1369 763 1481 799 tineri,
1522 763 1578 795 sed
1613 775 1746 804 quorum
1781 770 1890 796 tamen
1925 766 2045 796 veritas
2079 765 2237 796 servanda
2271 773 2328 796 est.

1368 805 1450 837 Nam
1482 811 1550 837 tum
1581 806 1815 839 adhibebantur
1844 808 1999 848 quaedam
2025 808 2266 848 purificationes
2289 817 2330 839 ex

1367 858 1458 888 aqua,
1482 854 1514 880 et
1537 849 1619 880 aliae
1642 851 1821 882 istiusmodi
1845 851 2074 886 caeremoniae,
2105 850 2219 891 quibus
2240 850 2331 882 Deus

1367 892 1521 932 populum
1563 891 1652 923 illum
1687 893 1798 924 rudem
1834 900 1985 942 tanquam
2021 903 2136 934 pueros
2171 894 2330 924 exercuit:

1367 944 1447 974 quas
1476 941 1584 965 tamen
1617 945 1698 976 papa
1727 936 1831 967 voluit
1861 937 1980 967 imitari
2004 943 2035 966 ct
2059 936 2206 973 retinere,
2230 946 2330 975 quum

1366 976 1405 1007 ad
1430 983 1555 1017 tempus
1579 983 1706 1008 tantum
1728 985 1834 1010 essent
1857 979 2031 1010 institutae.
2066 978 2214 1017 Quarum
2241 984 2331 1009 tanta

1367 1025 1415 1050 est
1435 1020 1628 1059 depravatio,
1654 1025 1687 1051 ut
1709 1031 1807 1061 quum
1831 1021 2033 1052 instiusmodi
2057 1021 2177 1052 stultae
2199 1027 2229 1052 et
2253 1020 2329 1052 ridi-

1365 1062 1456 1093 culae
1485 1063 1744 1102 gesticulationes
1774 1064 1986 1101 adhibeutur,
2019 1065 2138 1095 veritas
2169 1063 2329 1104 evangelii

1366 1104 1575 1143 adulteretur,
1605 1111 1637 1137 et
1659 1107 1800 1146 papistae
1824 1106 1995 1138 videantur
2019 1106 2196 1137 Dominum
2221 1106 2329 1138 Iesum

1367 1146 1534 1179 Christum
1565 1147 1726 1189 abnegare
1755 1149 1853 1188 velle,
1888 1149 1928 1180 ad
1957 1149 2088 1180 umbras
2119 1150 2190 1180 illas
2221 1159 2328 1180 rever-

1367 1196 1469 1221 tentes
1497 1201 1633 1231 quarum
1656 1202 1734 1223 usus
1756 1192 1815 1223 fuit
1837 1198 1962 1223 tantum
1988 1191 2026 1223 ad
2049 1198 2177 1232 tempus
2200 1192 2328 1223 institu-

1367 1239 1428 1264 tus.
1473 1233 1692 1272 Quamobrem
1721 1245 1927 1275 quoscunque
1958 1236 2038 1266 ritus
2063 1235 2210 1266 videmus
2234 1246 2252 1265 a
2275 1244 2329 1275 pa-

1367 1276 1458 1316 pistis
1487 1276 1689 1308 introductos
1719 1277 1754 1307 in
1783 1278 1957 1314 ecclesiam,
1988 1277 2027 1308 ad
2052 1286 2198 1308 veterum
2223 1278 2328 1308 imita-

1367 1319 1496 1355 tionem,
1517 1320 1656 1351 sciamus
1669 1330 1788 1351 meram
1809 1330 1878 1351 esse
1896 1321 2134 1369 corruptionem
2155 1327 2187 1351 et
2202 1320 2328 1351 foedam

1366 1361 1630 1402 depravationem
1655 1363 1760 1394 cultus
1783 1362 1882 1394 aDeo
1907 1363 2057 1393 instituti.
2093 1362 2328 1394 Verumtamen

1366 1411 1401 1435 ut
1432 1411 1559 1436 veteres
1591 1404 1735 1436 videmus
1765 1415 1798 1437 se
1827 1416 1910 1446 aqua
1941 1406 2092 1437 lustrasse
2123 1412 2155 1436 et
2178 1405 2327 1443 abluisse,

1366 1447 1509 1487 aliosque
1542 1448 1623 1478 ritus
1657 1447 1696 1478 ad
1731 1449 1984 1488 purificationem
2016 1448 2201 1479 adhibuisse
2231 1458 2327 1488 quam

1366 1491 1419 1530 qui
1452 1489 1546 1521 hodie
1576 1498 1653 1521 sunt
1683 1491 1715 1521 in
1744 1502 1821 1528 usu,
1856 1491 1938 1531 quod
1970 1491 2029 1521 fuit
2061 1492 2093 1521 in
2125 1491 2188 1522 illis
2216 1491 2328 1531 figuris

1365 1532 1532 1573 spirituale
1556 1532 1647 1564 nobis
1671 1540 1718 1565 ost
1742 1534 1960 1565 retinendum:
1991 1534 2191 1574 sublatisque
2215 1534 2329 1574 figuris

1365 1580 1491 1616 oportet
1530 1586 1588 1607 nos
1630 1577 1660 1606 in
1696 1577 1909 1608 conscientiae
1944 1578 2082 1616 puritate
2116 1586 2222 1607 coram
2261 1577 2329 1608 Deo

1365 1629 1559 1658 comparere.
1617 1622 1664 1650 Ac
1708 1620 1959 1660 quotiescunque
2002 1619 2106 1650 Deum
2149 1629 2327 1659 precamur,

1365 1661 1449 1701 quod
1491 1666 1540 1692 est
1580 1662 1787 1702 praecipuum
1824 1662 2084 1693 Christianorum
2126 1662 2328 1701 sacrificium,

1365 1704 1510 1744 sinuulos
1542 1711 1668 1744 oportet
1702 1715 1770 1736 sese
1798 1705 1979 1745 expendere
2007 1713 2039 1735 et
2069 1705 2267 1743 examinare,
2297 1712 2329 1736 et

1366 1747 1442 1777 vitia
1461 1757 1519 1778 sua
1538 1747 1701 1784 detestari,
1727 1747 1916 1787 veniamque
1935 1747 2120 1787 suppliciter
2144 1748 2325 1788 deprecari:

1364 1800 1445 1829 quae
1475 1800 1551 1821 vera
1581 1797 1693 1821 nostra
1716 1796 1764 1821 est
1787 1790 1975 1830 purificatio.
2019 1790 2103 1821 Nam
2127 1790 2195 1821 sive
2220 1791 2326 1821 Deum

1364 1833 1554 1869 invocaturi,
1585 1833 1655 1863 sive
1685 1842 1807 1864 sacram
1837 1843 1968 1864 coenam
1993 1833 2225 1873 participaturi,
2257 1833 2326 1864 sive

1364 1875 1503 1915 denique
1527 1875 1646 1915 aliquid
1671 1876 1752 1915 quod
1776 1875 1815 1906 ad
1839 1875 1901 1907 Dei
1924 1875 2044 1907 cultum
2069 1881 2192 1916 spectet
2214 1874 2326 1908 fideles

1363 1919 1552 1957 suscepturi,
1587 1928 1620 1949 se
1654 1919 1739 1958 ipsos
1772 1918 1940 1958 explorare
1971 1918 2096 1955 debent,
2131 1924 2162 1948 et
2199 1919 2328 1949 innatas

1364 1970 1476 1991 omnes
1505 1961 1728 2001 corruptiones
1759 1960 1984 1992 condemnare:
2009 1959 2178 2000 Deumque
2203 1961 2327 2000 precari

1365 2008 1399 2034 ut
1419 2003 1458 2034 ab
1482 2003 1546 2034 illis
1569 2003 1718 2035 omnibus
1741 2014 1794 2035 eos
1816 2010 1939 2044 purget,
1970 2010 2001 2034 et
2025 2014 2134 2034 veram
2160 2004 2325 2043 poeniten-

1363 2046 1441 2077 tiam
1465 2056 1570 2086 agere,
1596 2052 1861 2086 peccatorumque
1884 2046 2102 2077 remissionem
2128 2046 2302 2086 deprecari.

1448 2088 1491 2120 Et
1521 2088 1560 2120 de
1590 2090 1658 2120 istis
1683 2089 1853 2121 hactenus:
1881 2089 2048 2129 sequentia
2075 2088 2139 2119 iam
2163 2088 2324 2129 expenda

1364 2142 1444 2171 mus,
1476 2131 1529 2162 ubi
1560 2132 1678 2163 dicitur
1700 2131 1830 2164 Samuel
1860 2131 1943 2163 facto
1972 2132 2127 2162 sacrificio
2151 2137 2323 2171 antequam

1363 2174 1587 2205 accumberent
1618 2174 1658 2205 ad
1692 2185 1852 2211 mensam,
1890 2175 2053 2205 vocavissc
2082 2174 2147 2205 lsai
2177 2179 2210 2205 et
2239 2174 2323 2206 filios

1363 2217 1438 2253 eius,
1463 2223 1495 2248 et
1512 2217 1659 2258 ingresso
1682 2218 1893 2257 primogenito
1906 2217 1998 2248 Eliab
2022 2217 2322 2257 praestantissimae

1362 2265 1512 2297 staturae,
1537 2259 1575 2291 ad
1600 2260 1788 2301 dignitatem
1813 2260 1984 2300 appositae,
2008 2260 2208 2291 existimasse
2231 2259 2323 2291 illum

1363 2313 1431 2333 esse
1462 2301 1629 2334 Christum
1651 2303 1810 2340 Domini
1850 2302 1903 2334 sed
1937 2302 2088 2342 opinione
2117 2313 2175 2333 sua
2205 2302 2322 2334 falsum

1364 2344 1468 2379 fuisse
1490 2345 1572 2385 quod
1593 2337 1745 2377 reiectum
1766 2344 1938 2376 aDomino
1960 2344 2163 2376 intellexerit.
2195 2345 2324 2377 Deinde

1363 2387 1522 2419 secundus
1553 2388 1736 2426 advocatus,
1766 2393 1835 2419 tum
1866 2388 1989 2426 tertius,
2020 2388 2158 2427 denique
2189 2399 2247 2419 suo
2270 2397 2322 2418 or-

1363 2429 1436 2460 dinc
1455 2430 1582 2471 singuli,
1607 2441 1741 2471 quorum
1762 2424 1870 2462 nullus
1882 2430 1950 2461 Deo
1969 2438 2080 2470 gratus
2103 2430 2166 2461 fuit
2188 2430 2227 2461 ad
2251 2439 2321 2470 sep

1364 2473 1474 2503 timum
1505 2484 1625 2522 usque.
1683 2474 1869 2504 Postremus
1903 2471 2010 2504 David
2045 2473 2320 2512 contemnebatur,

1363 2515 1444 2554 quod
1470 2516 1622 2547 minimus
1645 2516 1789 2547 omnium
1813 2516 1847 2547 in
1870 2516 1956 2557 agris
1978 2516 2087 2546 ovium
2111 2526 2225 2556 greges
2248 2524 2321 2556 pas-

1362 2562 1458 2588 ceret:
1483 2559 1541 2589 etsi
1565 2557 1696 2590 Samuel
1719 2558 1878 2590 indicarat
1900 2557 2024 2589 nullum
2048 2569 2088 2588 ex
2111 2558 2175 2590 illis
2197 2565 2321 2599 septem

1362 2598 1496 2630 electum
1533 2612 1551 2632 a
1585 2601 1742 2633 Domino:
1775 2601 1875 2642 Atqui
1909 2611 1972 2632 non
2007 2601 2125 2632 frustra
2155 2603 2273 2634 missus
2301 2610 2321 2632 a

1363 2642 1501 2673 Domino
1530 2644 1647 2675 fuerat:
1678 2644 1786 2684 itaque
1816 2644 1951 2684 aliquem
1983 2643 2149 2683 oportebat
2179 2645 2212 2675 in
2244 2643 2319 2676 filiis
