2551 3044
371 226 433 255 >3332
1167 218 1364 251 HOMILIA

371 319 431 348 ista
456 327 530 346 vero
552 326 624 346 cum
648 315 767 346 divinis
792 314 959 354 promissis
984 313 1195 353 quadrabant,
1223 314 1338 353 quinus

375 360 461 390 Deus
487 357 605 389 Davidi
631 357 821 397 promiserat
852 367 885 387 se
908 355 1000 386 illum
1025 356 1133 396 populi
1164 356 1212 386 sui
1244 363 1338 395 caput

372 401 642 436 constituturum,
683 406 714 430 et
755 398 883 439 quidem
924 398 1084 430 facturum
1128 398 1264 437 figuram
1306 404 1339 429 et

372 443 547 483 imaginem
573 442 655 473 unici
681 441 740 472 filii
764 440 824 478 sui,
849 440 948 471 donec
974 441 1003 470 in
1037 441 1133 470 terris
1156 448 1338 481 appareret,

371 483 632 526 quandoquidem
658 483 807 514 exsulare
838 488 905 513 tota
931 483 1049 513 Iudaea
1079 485 1214 523 cogitur,
1240 490 1274 513 ut
1299 493 1338 513 ue

372 529 417 559 illi
443 526 582 567 angulus
605 526 747 566 supersit
771 526 803 556 in
828 536 865 556 ea
890 525 920 555 in
945 536 1008 564 qua
1033 533 1121 555 tutus
1145 526 1195 562 sit,
1219 525 1274 555 scd
1299 525 1337 555 ad

373 573 457 611 ipsos
471 568 653 600 incredulos
677 569 849 608 confugere
872 575 1016 608 cogatur,
1042 574 1075 598 ut
1089 567 1234 608 pluribus
1248 567 1337 598 dein-

371 623 445 652 ceps
469 610 671 642 videbimus?
695 610 823 649 Quibus
847 609 938 640 illum
958 610 1156 641 arbitramur
1179 611 1338 650 augustiis

371 653 551 695 agitatum?
600 652 715 692 quibus
757 663 830 684 eum
870 651 1114 684 difficultatibus
1155 652 1337 683 luctatum?

373 698 522 728 Deumuc
547 706 622 726 vcro
648 695 708 725 mci
733 694 879 731 oblitum,
909 702 941 725 et
970 695 1200 734 promissorum
1225 696 1338 724 imme-

373 738 516 770 morem?
543 739 594 768 An
620 748 669 768 mc
684 737 774 767 Deus
798 737 891 768 vanis
912 737 1178 776 promissionibus
1203 735 1337 767 luserit?

372 781 478 821 Quam
504 781 615 811 melior
639 785 708 810 crat
733 790 804 810 mea
827 779 967 810 conditio
1000 790 1100 819 quum
1131 780 1231 819 patris
1263 789 1338 808 ‹1v‹s

372 834 511 865 agerem,
535 833 694 862 quamque
718 821 798 852 mihi
822 821 945 854 tutior?
968 821 1037 852 Nae
1062 832 1133 852 inea
1156 832 1240 852 sorte
1264 832 1337 850 ‹zon-

372 873 481 897 tcntus
507 865 665 902 vivebam,
696 874 755 905 ego
779 863 818 894 ad
842 863 971 895 divitias
995 871 1028 894 et
1051 875 1127 903 opes
1151 875 1213 894 non
1240 864 1339 902 appli-
1365 882 1367 890 .

372 909 485 939 cubam
510 907 667 945 animum,
691 916 794 946 neque
819 906 978 937 honorum
1002 907 1177 945 cupiditate
1203 906 1339 936 rebusve
1365 926 1366 930 ,

372 952 444 983 aliis
474 949 656 981 istiusmodi
688 948 836 980 ducebar.
893 948 956 980 Sed
989 960 1039 978 mc
1072 948 1160 979 Deus
1196 951 1234 979 dc
1271 948 1339 978 istis

373 1004 436 1024 non
471 993 668 1032 cogitantem
710 991 853 1028 vocavit,
894 1001 1010 1030 meque
1052 1001 1108 1031 per
1150 990 1339 1030 proplietam

372 1035 560 1068 Samuelem
585 1034 774 1074 inaugurari
800 1043 907 1074 regem
934 1034 1084 1064 unctione
1114 1044 1203 1064 sacra
1230 1033 1337 1067 voluit,

372 1078 550 1118 ducemque
581 1087 617 1108 ac
647 1076 882 1107 dominatorem
914 1075 1023 1115 populi
1054 1076 1104 1107 sui
1144 1075 1337 1115 designavit,

371 1120 426 1152 scd
446 1120 585 1155 obscero,
611 1119 662 1149 ubi
682 1128 755 1158 spes
775 1117 830 1148 illa
843 1117 1027 1148 divinarum
1044 1116 1337 1158 pollicitationum?

373 1163 442 1203 Ego
467 1163 529 1193 iam
553 1161 674 1193 centies
697 1161 736 1191 ad
762 1161 860 1200 ipsius
884 1161 1021 1200 sepulcri
1046 1163 1151 1191 fauces
1173 1161 1255 1199 veni,
1279 1169 1338 1198 ego

371 1207 440 1237 sine
464 1205 527 1235 fine
551 1204 692 1235 crucior:
723 1213 784 1242 quo
814 1213 864 1233 tue
898 1203 1003 1242 itaque
1028 1210 1150 1233 vertam
1176 1201 1338 1241 amplius?

371 1248 456 1279 Istas
480 1254 535 1278 aut-
565 1245 686 1277 similes
717 1245 866 1285 querelas
891 1244 1050 1276 Davidem
1083 1246 1192 1276 iecisse
1225 1244 1338 1275 verisi-

371 1290 446 1321 mile
471 1298 533 1320 cst:
565 1295 597 1318 et
628 1288 722 1329 louge
752 1287 855 1318 satius
886 1286 1016 1318 duxisse
1042 1287 1101 1318 sibi
1133 1288 1211 1318 mori
1243 1298 1338 1327 quam

373 1340 418 1363 tot
432 1332 525 1362 malis
549 1331 703 1370 agitatam
724 1329 823 1360 vitam
843 1329 968 1361 ducere.
1007 1329 1071 1361 Sed
1098 1340 1202 1370 neque
1223 1331 1339 1367 vivere,

374 1385 479 1415 neque
503 1374 583 1404 mori
616 1377 752 1413 poterat,
781 1376 813 1403 et
845 1378 954 1402 tamen
984 1372 1133 1403 exsulare
1164 1374 1340 1413 cogebatur

374 1425 461 1448 terra
483 1424 595 1447 sancta
618 1425 713 1454 quam
739 1414 830 1445 Deus
854 1414 1002 1454 elegerat,
1034 1423 1070 1444 ut
1098 1415 1130 1445 in
1162 1426 1199 1445 va
1222 1416 1339 1446 colere-

375 1466 437 1496 tur,
481 1466 513 1490 et
543 1457 764 1489 sanctuarium
805 1457 905 1496 ipsius
935 1457 1131 1496 erigeretur,
1164 1467 1341 1497 nomenque

374 1511 468 1533 suum
500 1506 740 1531 sacrosanctum
780 1498 974 1530 adoraretur.
1021 1499 1109 1530 sano
1147 1500 1173 1530 si
1205 1500 1343 1530 Davidis

374 1543 528 1575 exercitia
569 1549 600 1573 et
642 1541 837 1572 tentationes
872 1541 1045 1581 diligenter
1084 1542 1343 1582 expenderimus,

375 1593 500 1619 certum
526 1592 584 1617 est,
621 1595 679 1615 nos
704 1595 765 1614 nou
793 1586 857 1614 lore
883 1589 946 1614 tam
972 1584 1084 1615 molles
1115 1590 1147 1615 et
1177 1585 1344 1615 effemina-

375 1636 423 1659 tos
448 1629 479 1659 in
501 1627 645 1658 adversis
669 1625 807 1657 ferendis
832 1637 926 1665 quam
942 1626 1007 1656 fere
1030 1627 1266 1658 consuevimus.
1302 1627 1343 1658 Et

376 1671 444 1702 Deo
470 1681 526 1700 uos
551 1669 648 1699 variis
672 1667 908 1699 calamitatibus
940 1673 972 1698 et
1002 1669 1092 1699 duris
1115 1669 1343 1700 afflictionibus

374 1718 555 1749 exercente,
587 1722 651 1742 uon
677 1710 771 1741 modo
795 1721 860 1741 non
890 1711 1158 1750 dcspoudebimus
1189 1713 1343 1749 animum,

376 1755 430 1787 scd
454 1765 490 1785 co
519 1753 759 1784 ardentioribus
792 1753 874 1784 votis
903 1753 942 1784 ad
975 1753 1080 1792 ipsum
1111 1755 1344 1794 confugiemus,

376 1805 411 1829 ut
454 1797 624 1827 infractam
661 1795 752 1826 nobis
787 1795 1002 1826 constantiam
1033 1796 1187 1835 sufficiat,
1217 1797 1344 1836 qualem

377 1839 507 1875 Davidi,
531 1848 595 1878 quo
621 1837 711 1868 uobis
735 1843 866 1868 nostrae
888 1837 1075 1878 fragilitatis
1099 1839 1202 1878 magis
1225 1839 1345 1870 erimus

373 1882 504 1918 conscii,
535 1891 597 1920 qua.
628 1881 663 1911 fit
691 1886 726 1910 ut
756 1878 796 1909 ad
828 1880 992 1911 levissima
1026 1891 1171 1920 quaeque
1202 1881 1346 1920 pericula
1371 1890 1373 1919 1

375 1925 426 1955 vel
460 1924 707 1955 fortissimorum
744 1922 843 1953 animi
875 1922 1125 1961 labefactentur,
1160 1928 1192 1954 et
1222 1924 1346 1963 primus
1372 1933 1373 1945 ³

377 1971 514 1998 conatus
537 1965 647 1996 statim
672 1971 854 2004 evanescat,
890 1964 950 1996 nisi
975 1965 1108 2004 spiritus
1134 1964 1194 1996 Dei
1226 1965 1346 1996 virtute

378 2009 596 2041 sustineamur
619 2012 652 2038 ct
670 2006 852 2038 fulciamur.
887 2006 1078 2039 Cavendum
1092 2007 1201 2047 itaque
1225 2019 1344 2039 summ-

378 2061 475 2093 opere
510 2061 550 2081 ne
583 2049 655 2081 illos
690 2049 855 2080 imitemur
888 2050 941 2089 qui
983 2049 1043 2080 sibi
1077 2050 1156 2090 ipsis
1197 2050 1346 2082 facillime

379 2094 488 2126 omnia
522 2092 708 2132 indulgent,
749 2097 781 2122 et
821 2092 972 2123 inanibus
1013 2092 1274 2124 excusationibus
1313 2103 1346 2123 se

379 2141 521 2168 tuemur.
570 2135 651 2165 Nam
676 2134 877 2165 satisfactum
901 2144 970 2165 esse
995 2134 1064 2165 Deo
1087 2139 1214 2173 putant,
1245 2135 1271 2165 si
1297 2135 1345 2165 vel
1371 2130 1373 2140 '

380 2179 562 2211 levissimas
586 2177 810 2208 excusationes
824 2183 1022 2217 praetexant.
1058 2176 1178 2214 Quales
1203 2177 1346 2216 plerique

381 2221 507 2253 adferre
531 2219 651 2250 solent:
686 2219 748 2250 Per
772 2230 823 2250 me
847 2230 909 2250 non
934 2220 1023 2250 stetit
1046 2219 1219 2259 quominus
1242 2219 1346 2250 officio
1372 2226 1373 2229 ’

382 2265 552 2304 fungerer,
580 2263 634 2292 scd
665 2262 738 2301 quis
769 2269 904 2293 naturae
935 2260 1122 2292 resisteret?
1154 2261 1271 2292 Nonne
1301 2270 1346 2291 tot

382 2306 522 2346 undique
547 2315 597 2335 me
611 2304 717 2335 minae
738 2303 925 2335 terrebant?
950 2303 1067 2335 Nonne
1081 2308 1127 2334 tot
1139 2303 1347 2334 difficultates
1373 2306 1374 2311 ¹

382 2358 542 2380 remoram
568 2346 777 2377 iniit-iebant?
803 2346 902 2377 Dicas
934 2356 998 2377 non
1028 2350 1154 2376 tantum
1187 2345 1349 2385 repagulis

383 2390 574 2431 quibusdam
599 2389 764 2425 coliibitos,
789 2388 844 2420 scd
869 2388 986 2420 arduos
1009 2389 1088 2428 ipsis
1111 2394 1238 2419 montes
1250 2387 1349 2418 fuisse

383 2433 469 2465 saltu
493 2431 701 2471 superandos,
732 2436 788 2462 aut
819 2441 937 2472 magna
960 2431 992 2462 vi
1023 2429 1286 2471 perfringendus:
1319 2436 1350 2460 ct

382 2476 452 2507 istis
475 2474 736 2505 excusationibus
764 2484 798 2504 sc
830 2480 916 2504 tutos
940 2483 1008 2505 csse
1038 2472 1245 2507 arbitrantur,
1278 2472 1350 2502 lieet

385 2517 567 2549 levissimis.

614 2516 834 2555 Quamobrem
859 2526 957 2555 quum
982 2521 1029 2546 tot
1053 2514 1194 2555 undique
1219 2514 1350 2554 impedi·
1376 2519 1377 2530 ¹

386 2560 501 2591 mentis
525 2559 736 2590 sollicitemur
759 2564 791 2589 et
816 2564 861 2589 tot
881 2558 1000 2589 delitiis
1020 2559 1058 2589 ab
1073 2558 1175 2588 officio
1189 2556 1349 2588 deterrea-
1376 2566 1377 2575 ¹

387 2613 476 2641 mur,
506 2601 665 2632 Davidem
699 2612 755 2632 nos
784 2606 911 2641 oportet
941 2600 1075 2638 intueri,
1109 2606 1140 2630 et
1177 2609 1351 2639 agnoscere

385 2644 523 2675 multum
558 2644 676 2681 abesse,
712 2650 747 2675 ut
782 2654 839 2674 nos
874 2643 963 2674 Deus
997 2648 1062 2674 tam
1099 2642 1221 2673 duriter
1255 2651 1349 2682 quam

1390 220 1567 253 LXXVII.
2299 220 2361 250 384

1391 314 1482 345 illum
1507 314 1582 344 olim
1607 314 1755 353 excipiat.
1801 313 1885 344 Nam
1916 313 1942 344 si
1968 313 2186 344 conditionem
2216 320 2360 344 nostram

1390 367 1462 387 cum
1488 357 1588 396 ipsius
1638 356 1891 392 contulerimus,
1945 366 1979 386 re
2004 356 2073 395 ipsa
2124 356 2360 395 comperiemus

1391 399 1553 429 levissime
1585 398 1752 429 nobiscum
1786 398 1838 438 agi
1868 405 1901 429 et
1931 397 2138 429 difficultates
2168 397 2360 437 quibuscum

1391 441 1600 471 colluctamur
1631 450 1692 471 non
1731 440 1882 471 accedere
1919 439 1958 471 ad
1989 440 2194 471 millesimam
2234 445 2359 480 partem

1390 494 1499 513 carum
1525 483 1642 522 quibus
1666 482 1772 513 David
1802 483 1876 514 olim
1902 489 1951 513 cst
1974 483 2146 514 exercitus.
2192 482 2275 513 Nam
2298 481 2359 513 etsi

1392 536 1449 555 nos
1477 526 1563 555 Deus
1591 535 1630 555 ex
1656 525 1715 556 hoe
1747 533 1904 556 terrarum
1936 525 2012 556 orbe
2046 525 2191 556 violenta
2221 523 2359 564 quadam

1390 567 1574 598 calamitate
1599 568 1711 606 rapiat,
1736 577 1801 598 non
1825 566 1954 598 accedet
1972 573 2081 598 tamen
2105 567 2144 598 ad
2168 566 2239 598 illas
2259 566 2361 597 animi

1391 610 1557 649 angustias
1588 609 1704 649 quibus
1734 608 1843 640 David
1877 609 2112 649 quodammodo
2148 610 2270 640 fractus
2303 614 2361 646 est,

1391 652 1538 682 exsulare
1575 658 1686 682 sancta
1727 651 1858 682 Israelis
1899 658 1986 683 terra
2025 656 2163 684 coactus.
2215 652 2264 683 Ac
2284 650 2360 682 licet

1394 694 1486 724 hodie
1520 695 1551 724 in
1588 694 1694 724 varias
1728 693 1814 725 orbis
1849 699 2008 725 terrarum
2047 699 2155 734 partes
2189 694 2359 724 iactemur:

1364 747 1456 767 ‚non
1497 737 1576 766 tanti
1615 742 1664 766 est
1701 735 1870 766 calamitas
1901 735 2062 767 facienda:
2101 735 2360 775 quandoquidem

1364 810 1365 815 ,
1393 778 1487 809 hodie
1511 784 1576 809 tota
1602 784 1688 809 terra
1713 778 1781 809 Deo
1805 784 1991 810 consecrata
2014 785 2071 814 est,
2095 779 2186 810 cuius
2204 777 2359 818 angulum

1364 849 1366 859 ,
1391 821 1467 851 olim
1493 827 1610 851 terram
1635 819 1789 851 Iudaeam
1813 821 1862 851 sui
1888 821 2027 851 nominis
2050 820 2153 852 cultui
2180 819 2359 852 dedicarat:

1393 864 1467 894 licct
1495 863 1595 904 igitur
1626 862 1721 893 bodie
1751 863 1783 893 in
1815 863 1910 894 certis
1941 863 2127 903 regionibus
2158 871 2360 903 vagaremur,

1394 917 1457 936 non
1482 906 1582 936 tantis
1605 904 1834 936 afflictionibus
1848 915 1952 945 neque
1966 904 2207 942 tentationibus,
2230 904 2362 944 quantis

1392 948 1467 978 olim
1499 947 1624 987 David,
1656 947 1870 988 agitarcmur,
1901 947 1956 987 qui
1987 947 2086 978 veluti
2117 946 2267 986 putidum
2302 946 2361 978 ali·

1392 990 1475 1030 quod
1511 1001 1529 1021 a
1564 990 1688 1029 reliquo
1728 1000 1861 1030 corpore
1896 990 2078 1020 membrum
2115 995 2257 1020 resectus
2291 999 2361 1020 esse

1393 1032 1571 1064 videbatur.
1625 1031 1860 1063 Verumtamen
1892 1032 1944 1063 ille
1978 1042 2048 1063 sese
2080 1032 2149 1063 Deo
2183 1031 2241 1063 uni
2274 1041 2360 1063 eom-

1392 1074 1570 1114 meudavit‚
1594 1084 1752 1114 suamque
1776 1075 1807 1104 in
1832 1076 1902 1114 ipso
1921 1074 2073 1106 fiduciam
2096 1074 2274 1111 collocavit,
2297 1084 2362 1105 non

1392 1119 1460 1148 sinc
1504 1117 1656 1157 lacrymis
1697 1116 1826 1157 quidem
1861 1123 1895 1148 et
1927 1117 2118 1157 gemitibus,
2159 1116 2216 1148 sed
2245 1115 2364 1156 quibus

1392 1160 1504 1191 fideles
1527 1160 1631 1199 magis
1655 1170 1691 1191 ac
1714 1159 1818 1198 magis
1840 1166 1968 1199 oportet
2002 1159 2035 1190 in
2067 1158 2179 1190 divina
2207 1158 2363 1190 bonitatis

1392 1202 1510 1233 fiducia
1533 1202 1728 1234 confirmari.
1764 1201 2034 1241 Quandoquidem
2058 1212 2098 1232 ex
2122 1201 2186 1233 illis
2210 1200 2363 1233 discimus

1393 1255 1452 1275 nos
1485 1245 1559 1275 licet
1589 1245 1746 1284 infirmos,
1777 1250 1809 1274 et
1835 1244 1924 1275 duris
1951 1244 2191 1275 calamitatibus
2214 1243 2363 1281 afflictos,

1394 1287 1510 1327 quibus
1532 1297 1586 1318 eor
1610 1287 1714 1326 ipsum
1739 1291 1885 1317 nostrum
1910 1291 2064 1326 tanquam
2088 1286 2199 1318 lancea
2223 1285 2364 1325 perfore-

1395 1336 1457 1365 tur,
1481 1330 1589 1360 ctiam
1610 1329 1674 1360 iam
1694 1328 1899 1360 miseriarum
1913 1329 2006 1369 copia
2019 1328 2186 1360 videamur
2197 1328 2365 1366 obruendi,

1396 1382 1459 1402 non
1483 1379 1632 1412 oportere
1663 1377 1773 1402 tamen
1797 1370 1868 1402 ideo
1891 1370 2092 1411 despondere
2120 1371 2277 1408 animum,
2307 1369 2365 1402 sed

1395 1415 1427 1445 in
1464 1413 1534 1445 Deo
1569 1424 1716 1453 sperare,
1758 1418 1790 1444 ct
1830 1413 1956 1445 animos
1988 1413 2170 1444 effundere:
2204 1412 2364 1453 siquidem

1396 1463 1521 1488 certum
1545 1463 1594 1487 est
1615 1456 1733 1493 Deum,
1757 1466 1855 1495 quum
1881 1456 1940 1495 ipsi
1960 1455 2127 1496 placuerit,
2151 1456 2197 1487 sic
2214 1461 2364 1495 operatu—

1398 1510 1484 1536 rum,
1527 1505 1562 1529 ut
1604 1506 1774 1538 postquam
1816 1499 1847 1528 iu
1883 1499 2073 1529 infirmitate
2108 1504 2220 1529 nostra
2254 1497 2366 1530 luetati

1398 1541 1564 1577 fuerimus,
1600 1541 1729 1571 tandem
1763 1539 1952 1577 eluctemur,
1982 1548 2013 1571 ct
2046 1546 2156 1571 nostra
2189 1539 2269 1571 fides
2302 1540 2369 1572 vie-

1398 1584 1512 1616 toriam
1538 1583 1692 1620 obtineat,
1725 1592 1761 1614 ac
1784 1593 1819 1613 re
1842 1583 1912 1622 ipsa
1940 1583 2148 1623 experiamur
2175 1582 2261 1622 quod
2291 1592 2367 1624 pro-

1399 1626 1495 1666 pheta
1518 1625 1610 1657 docet
1634 1636 1670 1656 co
1695 1625 1835 1662 Psalmo,
1859 1635 1956 1665 quem
1975 1635 2092 1656 canere
2111 1625 2285 1665 coepimus,
2307 1635 2365 1656 nos

1396 1669 1448 1708 qui
1478 1673 1573 1699 antea
1607 1668 1761 1708 lacrymis
1793 1668 2013 1707 pascebamur,
2052 1667 2264 1698 nihilominus
2295 1671 2367 1698 tan-

1370 1711 1469 1742 ,dem
1511 1711 1545 1741 in
1587 1710 1647 1741 Dei
1688 1710 1840 1747 bonitate,
1882 1715 1914 1740 et.
1955 1709 2174 1741 misericordia
2212 1709 2366 1750 gaudium

1398 1758 1594 1793 accepturos,
1618 1753 1671 1792 qui
1686 1758 1831 1783 nostrum
1858 1753 1987 1784 unicum
2001 1752 2127 1793 asylum
2141 1759 2172 1783 et
2184 1752 2366 1792 perfugium

1397 1806 1467 1827 esso
1491 1795 1594 1832 debet,
1618 1795 1673 1834 qui
1697 1795 1771 1825 licet
1794 1805 1890 1834 saepe
1921 1794 2068 1826 labamur
2097 1799 2130 1826 et
2163 1795 2366 1833 fluctuemus,

1371 1842 1373 1876 ζ
1399 1848 1564 1877 nunquam
1590 1845 1696 1868 tamen
1722 1847 1780 1868 nos
1804 1837 1867 1867 labi
1890 1837 2022 1868 omnino
2053 1837 2147 1875 sinet,
2179 1842 2212 1868 et
2235 1837 2262 1868 si
2285 1837 2367 1868 forte

1399 1880 1462 1911 labi
1486 1880 1669 1920 contigerit,
1692 1879 1908 1911 nihilominus
1931 1879 2097 1916 relevabit,
2121 1889 2286 1919 manuque
2308 1889 2368 1910 sua.

1398 1923 1581 1960 sustinebit,
1605 1927 1641 1953 ut
1663 1921 1757 1953 facile
1781 1922 1815 1952 in
1840 1922 2018 1953 vocationis
2049 1926 2177 1953 nostrae
2206 1921 2367 1953 curriculo

1399 1965 1618 2004 decurramus,
1654 1964 1755 1995 donec
1778 1963 1818 1995 ad
1841 1969 2009 1995 aeternum
2035 1963 2198 1996 felicitatis
2238 1969 2367 2004 portum

1399 2008 1618 2039 deveniamus.

1485 2050 1555 2080 Iam
1580 2060 1655 2081 vero
1679 2049 1774 2089 agite,
1798 2051 1849 2080 etc.

1641 2268 1885 2308 HOMILIA
1914 2268 2126 2307 LXXVH.

1775 2343 1872 2375 CAP.
1899 2343 1993 2375 XXI.

1490 2431 1514 2460 1.
1545 2429 1634 2461 Venit
1663 2431 1763 2460 autem
1794 2428 1903 2460 David
1933 2429 1967 2459 in
1998 2428 2081 2460 Nolae
2111 2429 2152 2460 ad
2176 2428 2370 2461 Achimclech

1401 2472 1602 2503 sacerdotem.-
1633 2474 1659 2502 et
1681 2471 1837 2510 obstupuit
1866 2470 2062 2502 Achimelcch
2084 2481 2116 2502 eo
2139 2471 2220 2511 quod
2240 2472 2370 2503 venisset

1403 2514 1511 2545 David
1534 2517 1561 2544 et
1581 2514 1663 2545 dizit
1681 2514 1726 2545 ei:
1750 2514 1854 2553 Quare
1877 2516 1909 2544 tu
1931 2513 2016 2545 solus
2026 2516 2053 2544 ec
2064 2513 2172 2545 nullus
2183 2516 2227 2546 esi
2245 2513 2368 2546 tecum?

1403 2556 1430 2586 2.
1458 2556 1500 2587 Et
1522 2558 1565 2587 ait
1580 2556 1688 2588 David
1710 2557 1752 2588 ad
1765 2556 2176 2587 Achimelechsaccrdotem:
2200 2555 2369 2596 Rexprae-

1403 2599 1478 2637 cepit
1503 2599 1579 2630 mihi
1600 2609 1769 2630 sermonem
1792 2601 1818 2630 et
1839 2599 1937 2630 diarit:
1962 2598 2060 2629 Nemo
2081 2599 2160 2630 sciat
2171 2609 2236 2630 rem
2241 2601 2369 2639 propter

1404 2651 1497 2680 quam
1520 2642 1634 2672 numus
1656 2652 1687 2673 es
1706 2652 1725 2671 α
1748 2651 1802 2678 mc,
1826 2644 1853 2672 et
1874 2641 2049 2672 cuiusmodi
2065 2643 2230 2680 praeapte
2241 2641 2298 2672 tibi
2318 2641 2368 2673 de-
