2551 3044
195 174 234 205 97
844 173 890 205 IN
916 174 941 206 Ι.
965 173 1053 205 LIB.
1076 171 1273 205 SAMUEL.
1298 172 1396 204 CAP.
1420 172 1495 204 XV.
2123 179 2162 210 95>

194 267 321 306 aboleri,
355 269 431 309 quin
465 266 525 300 sibi
557 268 706 308 reliquias
739 277 864 307 semper
897 268 1020 308 aliquas
1048 277 1148 298 reser-

195 311 287 348 varit,
311 321 329 341 a
352 312 467 351 quibus
489 321 583 342 suum
608 320 724 341 nomen
747 312 921 341 invocetur.
961 310 1069 349 Quare
1093 319 1150 340 nos

193 358 318 393 oportet
340 364 409 385 esse
433 363 610 393 persuasos,
633 357 800 392 postquam
823 363 841 383 a
864 353 932 384 Deo
955 353 988 383 in
1011 352 1150 383 filiorum

195 406 363 427 numerum
388 396 528 436 adoptati
553 406 672 432 sumus,
696 394 785 426 nulla
808 395 978 426 metuenda
1001 394 1151 435 pericula,

193 438 307 478 quibus
330 439 448 479 alioqui
472 439 582 469 terreri
607 448 780 478 possemus,
811 439 872 469 nisi
896 438 930 468 in
953 438 1052 478 ipsius
1074 447 1149 468 con-

193 481 257 512 silii
280 481 576 512 immutabilitatem
599 481 806 511 intueremur.
853 480 963 520 Itaque
986 480 1060 511 licet
1078 490 1150 511 sex-

194 523 296 555 centis
331 525 441 555 mortis
475 522 625 563 periculis
658 523 843 563 cingamur,
877 523 1008 553 minime
1041 527 1149 552 tamen

194 566 416 604 dubitandum,
458 566 535 606 quin
576 566 657 597 salvi
691 572 723 596 et
757 565 933 596 incolumes
967 564 1149 602 evadamus,

193 608 449 648 quandoquidem
474 618 570 648 penes
594 608 699 639 Deum
722 613 769 638 est
799 608 966 639 fortitudo:
999 606 1149 647 quemad-

193 650 321 681 modum
346 652 480 690 ipsemet
503 650 587 691 apud
609 650 767 683 Joannem
792 650 951 682 Dominus
974 655 1082 681 noster
1104 648 1149 679 lo-

192 694 317 733 quitur:
344 693 436 724 Pater
458 704 542 725 meus
563 694 616 733 qui
638 693 722 724 dedit
740 692 817 723 mihi
836 703 910 730 oves,
934 693 1033 724 maior
1051 692 1147 723 omm'-

191 736 247 767 bus
269 739 321 767 est.
366 735 491 775 Quibus
520 735 625 767 verbis
648 735 776 772 indicat,
807 736 944 766 salutem
968 740 1108 766 nostram
1131 745 1149 765 a

192 778 381 810 mortalibus
410 779 565 810 creaturis
588 778 718 809 minime
742 777 896 818 pendere:
931 778 986 809 sed
1010 777 1107 808 semel
1131 786 1149 807 a

190 821 261 852 Deo
284 821 400 852 electos
423 826 455 852 et
483 821 517 852 in
542 831 712 852 numerum
736 820 875 851 filiorum
900 821 1065 860 adoptatos
1088 819 1148 859 ipsi

189 873 258 895 esse
282 873 386 900 curae,
422 874 458 895 ae
488 863 622 904 proinde
652 863 718 894 vim
747 873 837 894 suam
862 868 893 894 et
916 862 1092 904 potentiam
1114 862 1148 892 in

190 905 253 937 illis
275 917 402 946 semper
424 906 653 938 conservandis
676 905 780 936 Deum
805 917 840 937 re
859 906 928 946 ipsa
950 905 1148 937 demonstra—

191 953 311 980 turum.
355 948 478 980 Verum
501 949 588 980 enim
611 959 689 979 vero
713 958 770 979 nos
800 948 896 979 etiam
921 948 1060 980 vicissim
1090 957 1149 988 par

191 996 240 1022 est
260 991 366 1032 ipsum
389 991 525 1023 assiduis
548 992 695 1031 precibus
719 990 898 1028 sollicitare,
932 1001 973 1022 ne
996 1000 1054 1021 nos
1076 1000 1148 1030 per-

190 1033 299 1065 mittat
328 1044 469 1074 unquam
498 1045 516 1064 a
546 1044 579 1065 se
610 1033 766 1070 recedere,
801 1038 856 1064 aut
886 1033 952 1065 ulla
985 1034 1149 1064 occasione

189 1077 301 1114 averti,
326 1087 366 1107 ne
388 1076 542 1108 adversus
564 1076 665 1116 ipsius
689 1075 840 1107 mandata
864 1075 1038 1116 quidquam
1054 1075 1148 1107 facia-

193 1129 273 1157 mus,
314 1119 466 1159 nobisque
500 1119 674 1159 perniciem
706 1123 738 1150 et
771 1119 906 1150 exitium
940 1128 1148 1150 accersamus.

193 1161 298 1192 Tanto
321 1163 426 1201 itaque
440 1161 663 1193 vehementius
687 1172 744 1192 nos
767 1162 805 1192 ad
826 1161 914 1192 illum
933 1159 1149 1193 invocandum

193 1204 320 1235 incitari
340 1214 399 1245 par
421 1210 485 1242 est,
519 1209 555 1235 ut
585 1204 686 1236 sancti
716 1204 847 1244 spiritus
877 1204 926 1235 sui
951 1204 1069 1235 virtute
1092 1213 1150 1234 nos

192 1246 237 1277 sic
259 1246 378 1278 afficiat
400 1252 432 1278 et
454 1246 614 1287 impellat,
649 1252 684 1278 ut
719 1257 783 1278 non
808 1251 934 1277 tantum
956 1246 1072 1278 bonam
1095 1255 1150 1276 vo-

193 1289 349 1320 luntatem
373 1290 406 1320 in
430 1289 530 1329 ipsius
553 1290 667 1320 timore
690 1289 884 1327 ambulandi,
919 1288 974 1320 sed
997 1289 1092 1320 etiam
1115 1288 1148 1319 in

192 1341 230 1363 ea
251 1331 489 1372 perseverandi,
512 1336 545 1363 et
566 1332 652 1363 malo
676 1331 846 1364 resistendi
869 1331 1013 1363 studium
1036 1331 1147 1362 habea-

193 1384 273 1406 mus.
291 1374 494 1415 Quapropter
505 1375 610 1407 locum
623 1374 714 1405 illum
728 1374 892 1406 Geneseos
905 1375 1019 1406 animis
1031 1374 1149 1405 nostris

191 1417 287 1448 altius
309 1418 490 1458 infigamus,
521 1422 558 1448 ut
590 1417 846 1457 quandoquidem
871 1423 987 1448 natura
1008 1416 1078 1448 Deo
1099 1417 1148 1447 in-

189 1460 248 1491 visi
282 1470 403 1498 sumus,
438 1465 470 1491 et
502 1460 577 1491 inde
611 1471 629 1491 a
662 1460 775 1491 matris
808 1465 897 1491 utero
932 1460 976 1491 rei
1000 1464 1148 1491 aeternae

189 1502 433 1539 maledictionis,
468 1508 500 1534 et
523 1514 579 1534 nos
603 1508 734 1534 aeterna
757 1502 919 1534 damnatio
942 1508 1059 1540 manet,
1084 1502 1148 1533 dis-

189 1555 299 1577 camus
327 1544 366 1576 ad
395 1545 564 1585 specialem
596 1545 683 1576 illam
713 1545 842 1576 divinae
873 1544 1052 1585 adoptionis
1075 1555 1148 1585 gra-

191 1588 269 1619 tiam
292 1588 466 1628 gratuitam
490 1589 674 1628 confugere,
697 1593 733 1619 ut
755 1587 831 1619 facti
854 1588 940 1619 illius
962 1587 1029 1624 filii,
1053 1587 1148 1619 etiam

191 1630 276 1671 grati
308 1630 369 1670 ipsi
393 1635 424 1661 et
446 1631 567 1671 accepti
590 1632 700 1669 simus,
732 1638 762 1661 et
790 1631 822 1661 in
846 1630 935 1662 nobis
957 1629 1148 1661 delectetur:

191 1673 458 1713 quemadmodum
489 1673 563 1705 alibi
596 1673 714 1704 dicitur
745 1673 903 1704 Dominus
932 1672 1082 1704 delectari
1116 1673 1147 1703 in

189 1726 284 1755 opere
317 1726 472 1747 manuum
506 1727 646 1748 suarum.
698 1715 807 1755 Quare
841 1726 938 1756 quum
972 1715 1033 1746 Dei
1065 1726 1150 1746 nova

191 1763 336 1790 creatura
358 1759 522 1797 fuerimus,
557 1764 590 1790 et
619 1759 720 1790 sancti
751 1758 801 1790 sui
831 1759 962 1798 spiritus
987 1764 1092 1789 notam
1115 1758 1150 1788 in

191 1801 281 1832 nobis
304 1801 512 1841 impresserit,
542 1806 714 1841 nostraque
737 1801 866 1841 adoptio
889 1806 957 1832 rata
980 1800 1087 1839 fuerit,
1110 1811 1150 1831 ne

191 1843 374 1875 dubitemus
404 1844 482 1884 quin
513 1844 667 1875 adversus
696 1844 802 1874 omnia
833 1843 974 1884 pericula
996 1844 1056 1874 tuti
1078 1853 1150 1875 con-

191 1896 368 1917 servemur.

275 1929 318 1960 Et
341 1929 378 1960 de
402 1929 461 1960 hac
484 1940 560 1961 voce
583 1929 762 1961 Poeniteudi
785 1929 948 1960 hactenus.
978 1928 1150 1960 Caeterum

191 1971 244 2003 hic
267 1971 455 2010 notandum,
479 1983 541 2012 quo
564 1972 685 2003 maiora
707 1978 782 2002 sunt
801 1971 863 2002 Dei
882 1981 959 2012 erga
977 1981 1036 2003 nos
1055 1972 1150 2002 bene-

190 2013 284 2051 facta,
308 2024 344 2045 eo
368 2014 512 2046 severius
535 2015 603 2046 eius
626 2015 659 2045 in
684 2024 742 2044 nos
766 2015 844 2044 iram
869 2024 1064 2052 exarsuram,
1088 2014 1150 2045 nisi

191 2061 282 2088 tanta
315 2056 399 2088 bona
432 2061 468 2088 ut
502 2067 561 2097 par
595 2062 644 2088 est
672 2063 894 2097 agnoscentes,
927 2057 1049 2089 meritis
1077 2067 1150 2088 eum

190 2098 340 2131 laudibus
381 2100 590 2137 extollamus,
633 2105 664 2130 et
697 2098 820 2130 debitas
853 2100 973 2139 gratias
1008 2110 1152 2140 agamus,

190 2141 274 2181 quod
297 2142 342 2172 ita
365 2148 495 2182 peccata
517 2148 627 2173 nostra
645 2142 679 2172 in
703 2141 770 2173 dies
794 2147 988 2182 augerentur
1008 2148 1040 2174 et
1059 2143 1150 2174 novis

190 2184 445 2216 cumularentur.
484 2184 549 2216 Sed
573 2184 649 2225 quid
673 2184 753 2215 illud
776 2189 833 2220 est,
856 2184 938 2224 quod
961 2185 1151 2226 indignatus

192 2225 324 2258 Samuel
355 2227 480 2263 dicitur,
511 2233 543 2258 et
572 2228 600 2258 ei
637 2226 721 2258 istud
754 2227 973 2267 displicuisse?
1019 2227 1151 2259 Adeone

191 2269 240 2300 sui
264 2269 400 2307 oblitus,
425 2275 458 2300 ut
477 2269 634 2301 adversus
658 2280 752 2309 quem
775 2270 931 2301 irascatur
954 2281 1018 2302 non
1034 2281 1150 2312 agnos-

191 2310 264 2343 cat?
310 2311 422 2351 Neque
445 2313 531 2343 enim
562 2312 700 2343 habebat
723 2312 775 2343 hic
798 2322 905 2352 parem
935 2314 988 2345 cui
1018 2324 1151 2345 succen-

191 2358 283 2391 seret,
308 2354 415 2385 nullus
445 2361 513 2385 erat
546 2355 599 2394 qui
630 2355 792 2394 negotium
815 2355 875 2395 ipsi
898 2356 1083 2389 facesseret:
1112 2356 1150 2386 de

191 2396 259 2428 solo
293 2395 355 2427 Dei
388 2396 517 2428 decreto
550 2396 642 2428 Sauli
676 2397 909 2430 manifestando
942 2399 993 2431 hic
1027 2399 1151 2440 agitur:

192 2439 398 2479 quamobrem
421 2449 519 2479 quum
543 2439 622 2470 adeo
647 2439 853 2472 vehementer
875 2441 1071 2482 indignatur,
1095 2441 1150 2472 ad-

192 2492 303 2513 versus
334 2481 441 2513 Deum
473 2482 579 2522 ipsum
611 2482 779 2522 insurgere
813 2483 894 2515 velle
925 2484 1061 2516 videtur.
1106 2484 1150 2515 Et

192 2534 270 2556 sane
285 2523 468 2555 Samuelem
493 2524 545 2556 hie
568 2525 656 2556 omni
680 2525 775 2565 culpa
796 2526 932 2558 liberare
955 2537 1018 2558 non
1042 2537 1152 2567 possu-

191 2577 273 2604 mus,
303 2567 381 2607 quin
409 2566 527 2606 aliquid
551 2567 686 2598 humani
709 2578 823 2608 passus
845 2569 894 2608 sit,
918 2574 950 2601 et
978 2570 1152 2601 temeraria

191 2609 338 2651 passione
359 2608 497 2649 quadam
520 2609 687 2649 abreptus:
719 2620 792 2641 nam
823 2611 972 2644 humanis
994 2613 1150 2652 passioni-

264 2659 372 2687 calvini
389 2666 480 2693 opera.
520 2659 577 2687 Vol.
594 2659 691 2686 XXX.

1205 265 1263 296 bus
1294 276 1359 297 non
1390 273 1457 296 erat
1488 267 1619 298 omnino
1648 269 1811 309 spoliatus.
1857 269 1981 301 Verum
2004 272 2164 312 scriptura

1203 307 1295 338 docet
1327 308 1422 339 etiam
1454 309 1609 341 rationem
1645 322 1706 351 qua
1729 312 1861 343 Samuel
1892 313 2034 344 subitum
2064 315 2162 345 istum

1203 350 1352 381 affectum
1377 351 1422 381 sic
1446 354 1649 391 compescuit,
1674 365 1713 384 nc
1737 355 1820 385 ultra
1834 355 1867 385 in
1891 357 2111 396 arrogantiam
2131 364 2163 388 et

1202 403 1350 424 murmur
1372 393 1628 433 progrederetur,
1660 407 1771 437 nempe
1802 397 1840 428 ad
1874 398 1977 429 Deum
2013 400 2161 439 precibus

1203 440 1268 465 tota
1293 441 1382 466 nocte
1406 436 1558 468 clamans.
1603 438 1665 469 Hic
1689 439 1786 479 igitur
1809 439 2045 472 observandum
2065 452 2162 482 quam

1203 488 1302 517 prava
1324 483 1357 509 et
1379 478 1522 519 maligna
1544 479 1584 510 sit
1608 479 1772 512 hominum
1796 488 1920 521 natura,
1945 484 1996 523 qui
2012 484 2080 515 Deo
2097 495 2160 515 non

1201 525 1352 560 operante
1374 532 1413 552 ex
1438 521 1579 561 ipsorum
1604 523 1765 555 voluntate
1788 532 1819 555 et
1842 524 2016 565 desiderio,
2051 528 2159 558 statim

1203 563 1236 593 in
1256 563 1465 594 diffidentiam
1490 563 1527 595 de
1549 565 1616 596 Deo
1639 566 1801 597 incidunt:
1826 574 1857 598 et
1880 567 1955 600 licet
1978 569 2017 600 ad
2032 574 2160 610 tempus

1202 605 1246 636 illi
1276 606 1442 646 obsequuti
1475 606 1611 647 fuerint,
1645 615 1750 640 tamen
1773 610 2002 650 obloquantur:
2033 619 2064 642 et
2094 613 2161 652 ipsc

1202 648 1347 679 diabolus
1383 649 1449 680 suis
1482 648 1561 680 dolis
1595 656 1627 681 et
1661 651 1826 683 fraudibus
1856 653 2091 686 circumventos
2121 654 2160 686 ad

1202 691 1307 721 Deum
1341 683 1568 723 contumeliose
1603 692 1822 725 lacessendum
1852 695 2007 735 impellat.
2053 698 2160 737 Atque

1201 734 1325 764 utinam
1350 743 1411 764 non
1437 740 1521 765 esset
1543 735 1629 766 istud
1652 741 1717 767 tam
1742 737 1842 768 multa
1855 739 2055 778 experientia
2074 749 2160 771 com-

1201 775 1381 816 probatum,
1415 783 1446 807 et
1479 777 1617 817 quidem,
1651 779 1731 818 proh
1765 780 1870 811 dolor!
1906 781 2056 813 infaustis
2090 783 2159 814 istis

1200 819 1319 850 nostris
1342 819 1549 859 temporibus.
1579 820 1683 859 Quam
1708 822 1824 853 multos
1847 823 1932 854 enim
1957 823 2066 855 videas
2088 824 2160 856 nul-

1199 861 1267 892 lum
1291 871 1420 892 sensum
1445 862 1598 894 habentes
1622 863 1748 895 divinae
1772 865 1915 905 gratiae?
1961 865 2053 905 Quae
2084 878 2160 899 vero

1200 914 1297 935 causa
1323 909 1373 935 est
1402 903 1463 935 alia
1491 916 1585 945 quam
1609 906 1691 945 quod
1715 918 1748 938 se
1771 908 1854 947 ipsos
1878 918 1942 939 non
1965 909 2158 949 explorant?

1201 946 1284 977 Nam
1308 952 1431 978 certum
1455 953 1503 978 est
1526 958 1579 979 eos
1602 949 1654 988 qui
1678 959 1747 981 sese
1771 960 1832 980 uon
1852 955 1972 982 norunt
1991 952 2162 992 explorare

1201 999 1328 1029 semper
1350 989 1472 1029 aliquid
1495 990 1527 1020 in
1552 1001 1584 1021 se
1608 991 1712 1022 acerbi
1734 998 1925 1032 reperturos.
1960 993 2043 1025 Nam
2067 995 2161 1026 rebus

1200 1031 1279 1071 ipsis
1319 1042 1358 1063 ex
1399 1032 1497 1063 animi
1538 1034 1695 1065 sententia
1735 1035 1866 1066 minime
1906 1036 2160 1075 succedentibus,

1201 1075 1309 1106 statim
1333 1075 1381 1105 ira
1405 1080 1597 1107 exaestuant
1619 1082 1650 1107 et
1672 1077 1896 1109 effervescunt.
1932 1078 2007 1116 Sed,
2031 1090 2159 1119 quaeso,

1201 1117 1330 1157 quicum
1363 1117 1494 1148 tandem
1524 1129 1592 1150 esse
1623 1119 1681 1150 sibi
1716 1130 1782 1150 rem
1816 1121 2038 1152 arbitrantur?
2086 1121 2160 1160 Sed,

1201 1159 1284 1199 quod
1317 1160 1419 1191 maius
1454 1167 1522 1198 est,
1564 1161 1650 1201 ipsos
1690 1162 1798 1194 fideles
1840 1163 1949 1195 videas
1985 1175 2004 1195 a
2037 1164 2162 1197 diabolo

1202 1202 1377 1240 sollicitari,
1409 1209 1439 1233 et
1468 1202 1507 1234 ad
1537 1204 1741 1235 rebellionem
1767 1205 1956 1245 quibusdam
1980 1207 2083 1238 veluti
2106 1210 2162 1239 sti-

1202 1245 1299 1276 mulis
1322 1245 1460 1285 impelli,
1495 1246 1555 1276 nisi
1580 1246 1640 1277 Dei
1664 1247 1879 1279 misericordia
1902 1249 1933 1279 in
1957 1249 2062 1280 officio
2085 1251 2159 1281 reti-

1202 1292 1365 1319 nerentur.
1396 1288 1439 1319 At
1462 1293 1569 1319 tamen
1594 1290 1727 1321 summis
1752 1291 1872 1321 viribus
1895 1290 2051 1323 adversus
2073 1292 2159 1324 istud

1201 1330 1322 1361 malum
1362 1331 1570 1371 pugnandum
1612 1336 1668 1371 est,
1707 1337 1744 1363 ut
1777 1340 1980 1373 expugnetur
2013 1335 2052 1366 ab
2092 1336 2160 1375 ipso

1200 1373 1307 1404 initio:
1342 1380 1374 1404 et
1408 1384 1464 1413 pro
1500 1383 1535 1404 eo
1570 1374 1651 1414 quod
1682 1375 1837 1406 increduli
1868 1376 1970 1416 magis
1993 1378 2159 1418 magisque

1200 1416 1234 1447 in
1258 1416 1322 1447 iras
1341 1416 1566 1454 effervescunt,
1590 1423 1620 1448 et
1639 1417 1791 1449 adversus
1809 1418 1914 1449 Deum
1935 1419 2033 1450 veluti
2052 1419 2159 1452 furore

1201 1459 1314 1499 perciti
1348 1458 1511 1495 feruntur,
1548 1465 1713 1499 postquam
1746 1460 1843 1491 semel
1878 1466 1983 1492 mente
2017 1461 2056 1493 ab
2090 1463 2158 1503 ipso

1201 1506 1277 1532 sunt
1301 1501 1441 1538 alienati,
1467 1508 1499 1533 et
1522 1507 1737 1542 contemptum
1760 1503 1846 1534 illius
1870 1504 2044 1536 maiestatis
2067 1505 2100 1536 in
2124 1516 2158 1537 se

1202 1544 1410 1582 admiserunt,
1435 1554 1493 1576 nos
1512 1550 1623 1576 contra
1642 1546 1765 1576 fortiter
1785 1545 1954 1577 adversum
1967 1546 2157 1587 cupiditates

1202 1592 1328 1618 nostras
1359 1597 1548 1627 pugnemus,
1583 1598 1686 1628 neque
1716 1598 1857 1628 unquam
1888 1590 2051 1630 animum,
2084 1591 2157 1622 licet

1203 1629 1361 1660 violenter
1374 1640 1392 1660 a
1405 1630 1530 1661 diabolo
1549 1630 1588 1661 ad
1608 1630 1810 1661 rebellionem
1830 1631 2001 1671 sollicitati,
2021 1632 2156 1673 despon-

1202 1671 1341 1703 deamus.
1387 1672 1469 1704 Nam
1501 1677 1533 1704 et
1562 1673 1836 1704 sanctissimorum
1859 1674 1913 1713 qui
1937 1685 2077 1714 unquam
2101 1686 2157 1707 ex·

1201 1715 1356 1746 stiterunt
1378 1715 1522 1746 virorum
1546 1715 1628 1747 hanc
1648 1716 1744 1747 fuisse
1767 1715 1980 1748 conditionem
2003 1717 2156 1750 videmus.

1202 1757 1384 1798 Prophetae
1402 1758 1462 1798 ipsi
1482 1769 1588 1789 nonne
1607 1758 1743 1799 quadam
1763 1759 1982 1799 indignatione
2001 1765 2033 1790 et
2051 1761 2157 1792 animo

1203 1810 1297 1840 saepe
1321 1807 1395 1831 suut
1419 1801 1578 1838 commoti,
1603 1811 1699 1841 quum
1724 1801 1888 1832 videretur
1908 1802 2079 1834 universus
2102 1814 2159 1844 po-

1203 1843 1298 1883 pulus
1311 1854 1329 1874 a
1341 1843 1410 1874 Deo
1431 1843 1609 1881 derelictus,
1630 1844 1781 1883 improbis
1799 1844 1928 1874 interim
1942 1843 2004 1875 Dei
2025 1846 2159 1877 verbum

1203 1885 1505 1918 contemnentibus?
1552 1886 1664 1917 Nonne
1693 1886 1727 1917 in
1758 1886 1815 1917 has
1846 1897 1938 1917 voces
1967 1894 2161 1927 eruperunt:

1203 1928 1314 1968 Usque
1343 1939 1415 1968 quo,
1451 1929 1596 1966 Domine,
1632 1929 1692 1960 viri
1723 1928 1856 1968 improbi
1887 1929 2161 1962 dominabuntur?

1205 1982 1306 2011 usque
1329 1981 1391 2011 quo
1415 1972 1545 2011 patieris
1569 1971 1639 2003 illos
1664 1971 1873 2011 triumphare,
1905 1976 1937 2002 et
1967 1971 2162 2012 blasphemis

1205 2014 1336 2046 vocibus
1359 2020 1447 2045 tuam
1471 2014 1605 2055 gloriam
1629 2014 1867 2054 proscindentes
1891 2014 2021 2045 efferri?
2057 2016 2160 2048 Tuam

1204 2068 1281 2088 vero
1305 2056 1472 2089 ecclesiam
1493 2067 1549 2097 per
1566 2067 1725 2088 summum
1746 2056 1881 2088 dedecus
1900 2059 1931 2087 et
1951 2057 2161 2097 ignominiam

1204 2099 1312 2140 diripi,
1346 2104 1378 2130 et
1400 2099 1438 2130 ab
1461 2100 1566 2139 impiis
1595 2099 1764 2139 proscindi,
1796 2109 1865 2129 cum
1896 2104 1969 2130 tuae
1999 2102 2161 2140 potentiae

1204 2147 1235 2173 et
1258 2142 1388 2174 virtutis
1418 2152 1543 2173 summo
1573 2141 1780 2182 contemptu?
1826 2141 1911 2180 Quid
1935 2152 2010 2183 ergo
2034 2154 2160 2182 promo-

1205 2195 1318 2216 vemus
1341 2191 1372 2216 te
1395 2184 1559 2216 colentes?
1591 2184 1676 2216 Sane
1699 2183 1870 2224 prophetas
1896 2184 2042 2216 videmus
2066 2196 2161 2226 saepe

1204 2228 1299 2259 fateri
1321 2237 1356 2259 se
1386 2228 1451 2259 suis
1481 2227 1681 2267 passionibus
1711 2227 1756 2258 sic
1786 2226 1942 2266 abreptos,
1966 2233 2002 2257 ut
2024 2228 2160 2260 libenter

1204 2281 1311 2302 coram
1334 2270 1405 2301 Deo
1429 2270 1516 2301 velut
1538 2280 1645 2300 coram
1669 2277 1794 2300 terreno
1818 2269 1920 2300 iudice
1951 2269 2160 2310 disceptaturi

1203 2313 1332 2344 fuerint.
1384 2312 1521 2343 Interim
1556 2322 1631 2343 vero
1664 2311 1761 2343 semel
1796 2311 1923 2351 quidem
1958 2311 2027 2343 Deo
2061 2313 2159 2344 veluti

1203 2355 1432 2386 contradixisse
1447 2355 1604 2386 videmus:
1630 2359 1724 2394 atque
1743 2353 1820 2385 adeo
1839 2353 1939 2384 veluti
1953 2355 2159 2387 anathemata

1203 2398 1282 2435 fieri,
1306 2409 1345 2429 ex
1370 2397 1549 2429 vehementi
1573 2396 1690 2435 dolore,
1713 2406 1773 2436 quo
1793 2396 2016 2428 afficiebantur
2033 2398 2159 2429 intuen-

1204 2446 1251 2472 tes
1285 2440 1346 2471 Dei
1390 2450 1507 2470 nomen
1548 2439 1743 2479 blasphemis
1777 2439 1906 2470 vocibus
1939 2439 2158 2480 improborum

1204 2482 1374 2524 proscindi,
1400 2483 1521 2522 Deique
1533 2481 1697 2513 ecclesiam
1710 2481 1853 2521 graviter
1871 2482 1983 2521 premi,
2007 2488 2039 2514 et
2058 2483 2159 2516 veluti

1204 2525 1335 2567 pedibus
1358 2525 1527 2564 impiorum
1556 2524 1681 2555 calcari.
1727 2523 1781 2555 Sic
1804 2523 1958 2555 Ieremias
1982 2525 2157 2558 Dominum

1203 2569 1382 2608 alloquens:
1407 2567 1487 2607 Ego,
1510 2566 1621 2606 inquit,
1646 2566 1785 2597 Domine
1809 2565 1900 2597 video
1924 2576 2041 2598 nomen
2065 2573 2157 2600 tuum

1202 2611 1374 2652 impiorum
1387 2610 1551 2642 cachinnis
1563 2613 1593 2640 et
1606 2609 1671 2640 risu
1690 2608 1861 2649 profanari.
1898 2608 1983 2641 Sane
2002 2615 2156 2651 tanquam

1942 2669 1948 2685 d
