2551 3044
227 229 287 259 621
849 224 897 255 IN
921 224 945 255 I.
972 225 1055 255 LIB.
1081 223 1279 256 SAMUEL.
1305 224 1402 255 CAP.
1428 225 1591 257 XXVIII.

2162 229 2224 259 ⁴542

227 327 339 362 quant,
374 325 510 352 caveant
533 331 572 351 ne
595 320 628 351 in
652 319 788 350 miseros
810 318 940 348 infimae
965 317 1067 357 plebis
1090 317 1195 348 homi·
1221 319 1223 364 ζ
1249 318 1345 348 critas
1369 318 1577 349 condemnet:
1610 319 1872 359 quandoquidem
1902 330 1966 350 non
2000 329 2039 350 ex
2064 320 2144 351 facie
2167 332 2222 352 cx-

228 374 286 396 nes
307 363 502 395 sententiam
527 363 642 399 ferant,
674 366 706 392 et
729 360 809 391 alios
832 360 940 399 aliqua
969 359 1141 391 autoritate
1165 364 1197 390 et

228 406 333 448 gratia
366 405 526 446 pollentes
559 403 736 444 impunitos
769 401 978 442 relinquant,
1020 408 1051 433 et
1085 402 1196 432 favore
1222 416 1223 430 l

228 449 395 490 gratiaque
418 448 563 487 ipsorum
583 445 740 477 maleficia
765 450 892 484 tegant:
918 455 954 476 ac
972 444 1108 484 proinde
1131 453 1196 474 me-

229 495 334 526 tuant,
358 501 399 520 ne
422 491 456 520 in
479 498 513 520 se
537 489 623 529 ipsos
646 497 755 519 coram
775 487 845 518 Deo
870 487 1066 518 sententiam
1090 486 1197 517 ferant

229 542 259 565 et
283 537 419 564 mortem
440 541 535 572 quam
560 530 632 562 aliis
652 530 842 567 intulerunt,
867 530 898 560 in
924 539 958 560 se
981 529 1067 569 ipsos
1090 538 1192 560 accer-

229 574 319 607 sant:
349 584 424 605 nam
455 574 515 604 etsi
547 573 594 603 illi
624 572 753 612 quidem
784 582 849 603 non
887 572 1062 612 affigantur
1098 571 1193 607 cruci,

229 622 285 648 aut-
316 617 378 647 alio
408 616 514 655 aliquo
544 614 727 646 istiusmodi
755 614 911 654 supplicio
941 614 980 645 ab
1011 613 1195 645 hominibus

229 660 420 695 afficiantur,
449 657 512 689 Dei
536 663 643 688 tamen
667 657 840 689 vindictam
864 657 1007 697 effugere
1029 666 1195 696 nunquam

229 705 384 743 poterunt
405 700 483 740 quin
508 710 614 732 coram
639 700 741 739 ipsius
764 700 844 731 solio
857 699 1064 731 condemnati
1077 699 1194 729 misere

227 745 262 776 in
292 743 343 774 his
374 743 469 774 terris
499 743 599 774 vitam
629 742 765 779 finiant,
802 742 854 773 vel
886 742 1016 772 tandem
1046 741 1193 772 ultimam

227 785 531 818 condemnationem
566 785 757 816 sustineant.
810 783 934 815 Multos
973 795 1051 815 sane
1088 784 1194 814 istius-

230 829 316 860 modi
347 828 495 858 homines
533 827 627 858 hodie
663 827 771 858 videas
802 826 895 858 Sauli
925 837 990 857 non
1020 826 1195 865 absimiles,

228 881 333 911 neque
356 875 464 901 tamen
489 871 683 902 vestimenta
706 874 871 900 mutantes
902 876 939 899 ut
961 869 1037 900 fecit
1067 868 1130 904 ille,
1160 868 1194 899 in

227 925 266 945 ea
300 913 379 944 vitia
412 914 651 944 consentientes
685 922 767 952 quae
800 912 891 952 prius
933 923 992 943 sua
1032 911 1195 942 sententia

227 956 494 992 condemnarunt,
535 956 567 986 in
595 954 719 994 ,quibus
754 955 844 986 nulla
876 960 925 985 est
958 955 1129 994 integritas
1163 958 1194 984 et

229 1008 369 1039 quorum
404 1004 538 1037 apparet
569 997 750 1038 hypocrisis
776 1002 808 1027 et
841 997 875 1027 in
910 996 1017 1028 Deum
1050 996 1194 1036 perfidia,

227 1041 282 1073 cui
315 1051 349 1072 se
371 1040 507 1080 pulchre
537 1040 730 1071 satisfecisse
761 1040 961 1071 arbitrantur
990 1040 1016 1070 si
1047 1040 1080 1069 in
1112 1039 1194 1070 facto

228 1084 336 1123 aliquo
359 1082 517 1113 iustitiam
539 1087 722 1120 exerceant,
745 1087 777 1113 et
799 1083 832 1113 in
858 1082 928 1113 aliis
948 1081 1059 1112 multis
1083 1085 1194 1121 aperte

227 1126 340 1158 iniusti
362 1125 437 1157 sint.
483 1124 631 1156 Profecto
654 1125 708 1156 isti
732 1125 879 1155 homines
909 1134 972 1155 non
1004 1128 1080 1155 sunt
1109 1123 1193 1154 absi-

226 1169 320 1199 miles
344 1167 477 1198 debitori
501 1168 554 1207 qui
585 1167 697 1198 multis
729 1167 914 1198 nominibus
947 1166 1132 1201 adstrictus,
1163 1171 1194 1196 et

227 1211 332 1242 alieno
355 1220 429 1241 aere
452 1210 595 1246 obrutus,
634 1210 825 1241 satisfecisse
854 1214 947 1250 putat
969 1220 1004 1240 se
1026 1208 1193 1241 creditori-

225 1253 284 1285 bus
307 1253 334 1284 si
358 1256 449 1292 parte
473 1252 580 1292 aliqua
603 1263 636 1283 se
655 1253 840 1284 exsolverit.
879 1254 923 1284 At
945 1262 1012 1283 non
1035 1251 1081 1282 ita
1102 1251 1193 1282 Deus

224 1296 296 1327 vult
318 1295 378 1326 coli
401 1295 441 1326 ab
465 1294 658 1331 hominibus,
689 1296 780 1326 cuius
811 1295 934 1327 cultum
965 1299 1092 1334 oportet
1123 1303 1193 1325 esse

222 1340 384 1370 sincerum
407 1342 440 1368 et
462 1337 501 1368 ab
525 1338 612 1368 omni
635 1342 725 1377 parte
749 1348 877 1378 purum,
909 1338 955 1368 sic
979 1342 1015 1368 ut
1038 1346 1192 1377 agnosca-

223 1391 296 1412 mus
319 1390 378 1411 nos
401 1390 420 1410 a
443 1379 514 1411 Deo
537 1385 649 1411 nostra
672 1381 781 1411 omnia
805 1381 977 1420 accepisse,
1001 1380 1095 1419 eique
1118 1389 1192 1419 gra-

224 1424 286 1454 tias
320 1422 434 1463 dignas
468 1432 616 1462 agamus,
649 1423 827 1463 eodemque
861 1433 989 1462 semper
1021 1422 1057 1453 in
1091 1422 1192 1461 ipsius

225 1466 315 1497 cultu
362 1474 617 1504 perseveremus.
680 1465 900 1504 Quamobrem
946 1465 1035 1496 istud
1085 1464 1193 1496 Saulis

226 1507 411 1547 exemplum
436 1507 495 1539 hoc
518 1507 704 1548 diligentius
734 1508 964 1548 expendamus,
994 1506 1078 1548 quod
1102 1507 1193 1538 Deus

226 1550 356 1589 scriptis
378 1549 526 1580 mandari
549 1550 658 1587 voluit,
690 1555 726 1581 ut
754 1561 855 1590 quum
878 1550 1012 1582 Saulem
1044 1549 1193 1581 videmus

228 1592 399 1629 maleficos,
430 1592 525 1623 sicuti
548 1592 639 1624 Deus
667 1593 817 1631 iusserat,
847 1594 986 1634 punisse,
1015 1597 1047 1624 et
1077 1591 1193 1623 deinde

228 1633 476 1666 adveneficam
507 1636 690 1676 confugisse
720 1641 752 1667 et
782 1646 816 1667 se
847 1636 972 1667 diabolo
1004 1635 1192 1667 subiecisse:

227 1677 388 1709 diseamus
410 1677 532 1708 malum
551 1678 663 1718 fugere
686 1683 718 1709 et
730 1678 947 1710 condemnare
970 1679 1083 1709 tamin
1103 1677 1194 1709 nobis

227 1720 306 1760 ipsis
330 1729 425 1759 quam
449 1719 480 1750 in
506 1720 577 1751 aliis
601 1720 672 1751 sine
695 1721 761 1752 ulla
779 1723 1031 1765 προσωποληψίᾳ,
1055 1725 1088 1751 et
1111 1731 1193 1751 nun—

228 1773 326 1802 quam
349 1772 368 1792 a
390 1767 475 1793 recta
498 1763 588 1794 verbi
611 1762 714 1794 divini
734 1774 849 1795 norma
868 1764 1049 1795 deflectere.
1080 1763 1194 1802 Neque

228 1806 314 1836 enim
338 1804 416 1835 satis
445 1809 494 1835 est
517 1805 597 1836 bene
621 1806 771 1846 coepisse,
803 1807 865 1837 nisi
895 1806 935 1837 ad
966 1807 1064 1837 finem
1094 1816 1196 1845 usque

228 1856 485 1887 perseveremus.
530 1848 655 1878 Verum
685 1849 816 1880 obsecro
846 1854 969 1889 quanta
1000 1849 1117 1888 ubique
1147 1855 1195 1880 est

227 1889 322 1920 hodie
345 1889 457 1920 multis
480 1889 558 1921 locis
580 1890 723 1922 iustitiae
746 1892 940 1932 corruptela,
965 1892 1037 1922 aliis
1059 1901 1194 1922 suorum

228 1937 286 1963 aut
315 1931 569 1971 propinquorum
601 1933 759 1965 maleficia
789 1935 984 1976 tegentibus,
1017 1934 1088 1965 aliis
1118 1944 1195 1965 vero

228 1975 363 2006 occultis
387 1974 530 2005 consiliis
553 1975 641 2006 viam
669 1976 828 2008 evadendi
859 1976 1127 2018 suggerentibus,
1157 1980 1196 2007 ut

229 2017 256 2048 si
280 2017 350 2056 quis
374 2016 468 2047 hodie
491 2016 598 2048 studio
621 2018 759 2057 quodam
781 2020 815 2050 in
839 2020 962 2051 crimen
985 2019 1114 2059 aliquod
1144 2020 1196 2050 in·
1222 2054 1223 2059 ¹

227 2060 343 2100 quirat,
378 2069 449 2090 cras
482 2059 552 2090 vice
587 2070 678 2091 versa
712 2062 763 2092 vel
798 2062 895 2099 dono,
929 2063 979 2093 vel
1015 2063 1194 2093 amicorum

227 2102 333 2142 gratia
357 2107 389 2132 et
413 2102 522 2132 favore
546 2109 715 2143 corruptus
739 2105 885 2136 criminis
915 2115 1006 2136 reum
1037 2104 1194 2142 absolvat,

227 2144 350 2175 iustitia
383 2144 440 2174 illa
474 2144 537 2175 dici
572 2156 635 2176 non
668 2151 791 2185 potest,
831 2147 886 2178 sed
927 2158 1053 2178 merum
1087 2147 1194 2187 potius
1221 2166 1223 2170 ι

227 2186 443 2224 latrocinium,
463 2187 555 2218 cuius
577 2187 654 2218 olim
673 2188 742 2219 Deo
766 2189 923 2221 rationem
945 2189 1035 2221 reddi
1056 2194 1193 2230 oportet.

227 2229 352 2260 Eadem
376 2234 425 2259 est
448 2230 530 2260 ratio
555 2239 665 2261 eorum
688 2232 831 2262 omnium
855 2234 908 2272 qui
937 2232 1016 2263 foris
1040 2233 1193 2272 profiten-

228 2279 281 2302 tur
295 2271 357 2302 Dei
380 2271 503 2302 cultum
527 2277 558 2302 et
577 2272 663 2303 illius
682 2274 840 2313 quaedam
852 2275 944 2316 signa
958 2275 1194 2313 demonstrant,

227 2313 283 2345 sed
315 2319 424 2344 tamen
455 2314 544 2345 intus
573 2316 678 2346 nescio
711 2316 796 2355 quod
830 2317 920 2349 virus
955 2318 1126 2355 occultant,
1162 2324 1195 2349 et
1220 2319 1222 2350 ἴ

1220 2358 1221 2367 ’
1248 2361 1336 2392 Deus
1359 2361 1508 2395 iusserat,
1539 2358 1594 2390 sed
1620 2366 1770 2398 tanquam
1804 2358 1952 2388 lenonem
1984 2364 2209 2390 scortationem

1220 2419 1221 2439 ;
1247 2404 1334 2434 illam
1367 2402 1574 2434 divinationis
1613 2407 1677 2431 tam
1717 2400 1828 2431 stricte
1867 2410 1884 2430 a
1914 2400 1984 2431 Deo
2012 2401 2209 2439 prohibitam

1220 2459 1221 2465 ¹
1247 2449 1405 2477 fcturum:
1429 2444 1511 2484 quod
1536 2443 1667 2484 perinde
1691 2452 1738 2473 est
1763 2454 1798 2473 ac
1823 2443 1846 2472 si
1872 2443 1943 2481 quis
1964 2444 2102 2474 maritus
2123 2445 2211 2475 iura-

226 2367 317 2387 mera
340 2356 548 2387 simulatione
571 2364 602 2387 et
625 2357 788 2398 hypocrisi
819 2365 942 2400 tegunt,
974 2371 1053 2401 quos
1081 2371 1193 2392 omnes

226 2409 375 2430 severam
398 2398 458 2429 Dei
482 2409 615 2430 manum
638 2410 790 2432 sensuros
814 2402 947 2434 minime
978 2403 1192 2434 dubitandum

227 2446 285 2479 est,
309 2441 395 2481 quod
419 2441 511 2473 Deus
534 2443 632 2473 istum
655 2449 878 2484 contemptum
902 2447 971 2485 pati
993 2457 1055 2477 non
1082 2446 1193 2486 possit.

226 2483 294 2514 Nos
325 2484 434 2523 itaque
461 2485 576 2516 vitium
610 2485 655 2515 ita
688 2486 958 2528 condemnemus,
990 2493 1022 2519 et
1055 2500 1114 2520 nos
1149 2489 1194 2520 ita

226 2525 445 2565 exploremus,
469 2533 507 2557 ut
530 2528 683 2558 vitiorum
709 2529 907 2568 poenitentia
930 2530 1018 2563 ducti
1048 2532 1081 2562 in
1105 2536 1194 2563 recta
1219 2555 1221 2574 ἶ

1220 2576 1221 2581 ’
1247 2574 1393 2605 subditus
1416 2573 1537 2603 iuraret
1567 2582 1599 2601 se
1631 2571 1785 2601 adversus
1815 2580 1924 2609 regem
1955 2581 2046 2600 suum
2079 2572 2212 2604 rebella-

226 2568 328 2599 divini
363 2569 469 2600 cultus
504 2571 618 2601 semita
657 2581 919 2610 perseveremus,
959 2584 1126 2613 nunquam
1159 2575 1193 2605 in

227 2612 310 2642 hanc
334 2612 384 2642 vel
415 2612 450 2642 in
480 2612 567 2643 illam
593 2619 719 2652 partem
749 2614 952 2652 inclinantes,
983 2617 1067 2656 quod
1099 2618 1192 2648 Deus
1220 2632 1221 2651 ι

226 2659 347 2685 rectam
366 2655 596 2686 conscientiam
610 2657 773 2695 approbet,
793 2656 848 2688 sed
869 2657 1035 2690 simulatos
1048 2663 1079 2690 et
1092 2660 1193 2701 hypo-

331 2705 440 2731 Calvini
453 2713 543 2736 opera.
569 2706 630 2733 Vol.
642 2706 739 2734 XXX.

1250 364 1357 390 terna:
1392 361 1447 391 sed
1483 372 1522 391 ex
1554 361 1658 392 cordis
1688 362 1819 393 latebris
1850 361 1981 393 iudicat.
2038 362 2087 393 Ne
2117 363 2221 404 igitur

1249 402 1319 432 Deo
1343 403 1508 442 imponere
1533 414 1588 435 nos
1613 414 1706 443 posse
1736 405 1941 442 arbitremur,
1974 415 2047 435 uam
2080 406 2106 436 si
2138 406 2221 438 altae

1248 445 1280 475 in
1305 446 1423 476 nostris
1447 447 1596 477 cordibus
1617 447 1738 478 radices
1758 446 1818 478 Dei
1843 447 1939 478 timor
1958 447 2069 487 egerit,
2094 457 2217 479 certum

1249 493 1296 517 est
1319 498 1376 518 nos
1400 488 1431 518 in
1464 489 1564 528 ipsius
1593 490 1681 520 cultu
1711 495 1775 520 tan]
1805 490 1947 520 sinceros
1978 500 2040 521 uno
2071 496 2218 531 tempore

1249 539 1345 568 quam
1369 530 1469 561 altero
1493 531 1577 561 fore:
1602 538 1633 562 ot
1659 532 1844 571 hypocritas
1868 532 1989 563 similes
2013 542 2084 563 esse
2109 533 2215 564 arbori

1248 572 1299 602 eui
1330 573 1448 603 eximia
1480 574 1634 612 quaedam
1667 584 1760 614 poma
1795 585 1936 614 appensa
1971 575 2044 612 sint,
2080 575 2119 606 de
2153 586 2216 615 qua

1249 613 1374 644 dicatur
1407 616 1552 646 arborem
1585 617 1670 646 iilam
1712 617 1863 655 pulchros
1900 618 2024 648 fructus
2061 618 2215 656 proferre,

1248 666 1347 695 quum
1373 662 1479 688 tamen
1505 658 1634 688 aliunde
1666 669 1807 698 appensa
1830 660 1904 690 sint.
1953 659 2019 690 Nos
2044 666 2156 691 contra
2180 666 2217 691 ut

1247 698 1350 729 bonae
1375 699 1505 730 arbores
1517 701 1616 731 bonos
1641 702 1762 732 fructus
1775 701 1917 738 edamus,
1942 701 2076 732 radicati
2096 702 2128 733 in
2152 702 2215 733 Dei

1248 742 1352 771 nost-ri
1389 742 1534 773 bonitate
1564 744 1679 773 timore
1710 750 1741 773 et
1768 744 1959 781 obedientia,
1992 751 2023 775 et
2054 745 2085 774 in
2115 745 2217 784 ipsius

1249 784 1360 814 schola
1384 785 1525 823 quotidie
1549 796 1738 825 progressus
1762 787 1924 823 faciamus,
1949 786 2051 818 donec
2074 787 2213 818 stadium

1248 831 1393 857 nostrum
1417 827 1663 859 decurrerimuS.

1334 869 1489 908 Sequitur
1519 870 1668 909 deinceps
1698 871 1864 901 mulierem
1895 872 1983 902 illam
2016 871 2213 911 respondere

1248 921 1422 951 recusasse,
1454 913 1558 951 primo
1583 913 1666 952 quod
1691 913 1750 944 sibi
1781 919 1948 952 metueret,
1980 914 2033 953 qui
2066 924 2134 944 mos
2165 920 2213 945 est

1248 954 1392 984 omnium
1424 955 1655 993 flagitiosorum
1684 956 1860 993 hominum,
1891 962 1926 987 ut
1955 956 2039 995 quod
2070 956 2213 988 maxime

1247 997 1385 1036 cupiunt
1408 1007 1472 1027 non
1496 997 1614 1028 audere
1638 1005 1744 1029 tamen
1766 1009 1799 1029 se
1823 999 1957 1039 fingant,
1981 1005 2017 1029 ut
2041 1009 2116 1029 suas
2135 1009 2217 1030 mer-

1248 1049 1299 1069 ces
1323 1039 1428 1070 carius
1447 1040 1600 1076 vendant,
1633 1046 1663 1071 et
1686 1042 1788 1081 magis
1812 1041 1908 1071 etiam
1939 1041 2122 1072 hominibus
2153 1042 2212 1072 im-

1248 1087 1380 1121 ponant.
1412 1082 1468 1113 Sic
1488 1083 1625 1122 exempli
1640 1084 1743 1123 gratia
1765 1084 1790 1114 si
1804 1084 1874 1123 quis
1894 1083 1932 1114 de
1949 1090 2060 1123 stupro
2073 1083 2214 1123 aliquam

1247 1124 1441 1163 interpellet,
1466 1126 1574 1155 statim
1598 1125 1723 1156 obiiciet
1744 1126 1885 1156 iustitiae
1906 1126 2056 1165 rigorem,
2079 1125 2215 1166 ideoque

1247 1166 1470 1197 imminentem
1505 1168 1563 1198 sibi
1594 1178 1740 1207 poenam.
1791 1167 1855 1199 Sed
1887 1178 2043 1207 quorsum
2073 1167 2214 1208 quaeso?

1247 1210 1308 1239 nisi
1329 1210 1412 1248 quod
1426 1209 1734 1240 inilliuslibidinem
1749 1221 1952 1247 consensura,
1974 1217 2094 1241 metum
2107 1211 2216 1242 obiicit

1247 1262 1309 1291 quo
1334 1262 1368 1282 se
1391 1253 1498 1283 carius
1522 1252 1665 1283 vendat?
1697 1254 1750 1284 Sic
1782 1255 1876 1283 etiam
1907 1255 1932 1283 si
1965 1254 2036 1292 quis
2067 1253 2106 1284 de
2136 1253 2215 1284 falso

1248 1295 1432 1325 testimonio
1456 1294 1587 1325 ferendo
1613 1302 1703 1335 roget
1728 1296 1835 1332 alium,
1860 1296 1969 1326 statim
2003 1295 2133 1326 obiiciet
2163 1296 2215 1336 agi

1248 1336 1287 1367 de
1309 1337 1420 1377 capite,
1452 1348 1516 1368 non
1540 1337 1668 1377 quidem
1694 1338 1774 1377 quod
1799 1338 1920 1368 malum
1945 1339 2064 1378 fugiat,
2094 1338 2149 1369 sed
2181 1344 2217 1368 ut

1248 1379 1378 1418 duplam
1413 1380 1592 1411 mercedem
1627 1381 1770 1420 accipiat.
1828 1381 1975 1420 Denique
2019 1381 2130 1412 eadem
2166 1387 2216 1412 est

1247 1423 1393 1453 omnium
1424 1423 1659 1463 flagitiosorum
1691 1424 1789 1454 ratio.
1825 1424 1878 1462 qui
1914 1423 1965 1453 vel
1995 1423 2129 1454 exitium
2161 1423 2215 1454 vel

1246 1465 1414 1495 infamiam
1439 1465 1491 1496 vel
1516 1466 1600 1496 vitae
1624 1466 1802 1505 periculum
1827 1465 1979 1496 obiiciunt
2003 1472 2038 1495 ut
2058 1466 2212 1497 maiorem

1247 1508 1386 1548 gratiam
1418 1514 1448 1538 et
1478 1509 1769 1546 compensationem
1802 1508 1968 1547 accipiant.
2022 1508 2129 1539 Huius
2167 1510 2215 1539 rei

1247 1550 1433 1590 exemplum
1456 1555 1590 1590 apparet
1613 1551 1645 1580 in
1670 1551 1729 1581 hac
1742 1551 1893 1587 venefica,
1917 1560 1997 1590 quae
2017 1551 2121 1589 primo
2144 1551 2213 1590 qui-

1249 1592 1320 1624 dem
1345 1593 1463 1624 metuit
1494 1599 1525 1623 et
1548 1594 1655 1623 renuit
1686 1594 1717 1623 in
1750 1593 1781 1623 id
1811 1592 1894 1632 quod
1925 1592 2108 1632 postulabat
2131 1593 2213 1625 Saul

1248 1635 1449 1667 consentire:
1473 1635 1528 1666 sed
1553 1635 1668 1668 deinde
1692 1636 1800 1665 audito
1825 1635 1935 1666 Saulis
1958 1636 2157 1674 iuramento,
2179 1647 2213 1667 se

1247 1678 1444 1718 impunitam
1467 1679 1542 1714 fore,
1566 1679 1597 1708 in
1623 1678 1815 1709 maleficium
1840 1679 2011 1708 consensit.
2046 1678 2113 1709 Nos
2138 1689 2213 1710 vero

1248 1720 1411 1752 discamus
1441 1720 1480 1751 ad
1510 1721 1666 1761 flagitium
1697 1720 1822 1760 aliquod
1853 1720 2016 1750 sollicitati
2053 1731 2119 1751 non
2147 1732 2213 1752 me-

1248 1768 1339 1794 tuere
1362 1773 1482 1804 poenas
1507 1774 1587 1803 quae
1612 1764 1735 1803 legibus
1760 1763 1928 1793 hominum
1950 1763 2132 1799 imminent,
2157 1764 2213 1795 sed

1247 1806 1349 1846 ipsius
1373 1807 1479 1845 potius
1503 1806 1579 1836 mali
1604 1814 1751 1836 naturam
1778 1806 1917 1843 horrere,
1941 1804 2024 1844 quod
2043 1811 2212 1845 peccatum

1248 1849 1551 1880 condemnationem
1581 1848 1612 1878 in
1646 1858 1703 1879 nos
1734 1848 1875 1878 divinam
1908 1847 2053 1878 attrahat
2084 1854 2116 1879 et
2146 1849 2214 1880 adi-

1248 1897 1316 1922 tum
1342 1891 1381 1922 ad
1411 1901 1483 1922 eum
1515 1890 1718 1922 intercludat.
1771 1890 1822 1920 Ita
1852 1891 1924 1927 fiet,
1959 1894 1995 1920 ut
2026 1896 2214 1923 constanter

1247 1935 1438 1965 resistamus
1451 1933 1599 1964 omnibus
1613 1933 1844 1963 tentationibus
1868 1939 1899 1963 et
1920 1932 2062 1964 Satanae
2075 1934 2214 1966 flabellis

1248 1977 1363 2017 quibus
1387 1987 1406 2007 a
1428 1984 1513 2007 recto
1537 1986 1594 2006 nos
1618 1975 1774 2006 abducere
1794 1981 1938 2013 conatur,
1963 1982 1995 2005 et
2019 1975 2149 2007 tandem
2175 1977 2213 2008 de

1248 2020 1317 2059 ipso
1341 2019 1465 2050 Satana
1489 2019 1733 2057 triumphemus,
1765 2018 1845 2057 quod
1872 2019 1925 2048 fiet
1957 2028 2057 2057 quum
2088 2020 2120 2049 in
2143 2019 2216 2051 Deo

1249 2063 1511 2102 conquiescentes
1553 2061 1670 2091 malum
1710 2061 1871 2091 oderimus
1916 2066 1948 2090 et
1978 2060 2032 2091 illo
2069 2061 2214 2093 abst-inu-

1221 2129 1222 2138 .
1248 2106 1377 2136 erimus.

1334 2146 1428 2185 Quod
1453 2153 1558 2177 autem
1584 2146 1619 2176 ΜΞ
1648 2146 1754 2176 Saulis
1779 2146 1998 2176 iuramentum
2028 2146 2107 2177 illud
2140 2149 2212 2178 atti-

1248 2195 1316 2228 net,
1358 2200 1472 2220 verum
1514 2194 1562 2219 est
1598 2188 1675 2219 illud
1711 2189 1807 2219 ctiam
1842 2187 2048 2218 observatum
2085 2188 2123 2219 ab
2157 2191 2213 2221 illo

1247 2233 1362 2270 fuisse,
1398 2232 1453 2263 sed
1484 2242 1546 2262 non
1578 2232 1647 2261 sine
1676 2230 1777 2261 divini
1809 2230 1948 2260 nominis
1978 2231 2212 2269 profanatione.

1247 2276 1342 2313 Nam,
1372 2275 1512 2311 obsecrO,
1540 2274 1592 2305 cui
1616 2273 1695 2304 Saul
1727 2272 1870 2303 iuravit?
1903 2274 2072 2305 veneficae.
2126 2273 2212 2313 Quid

1248 2329 1325 2349 vero
1348 2317 1487 2348 iuravit?
1520 2316 1563 2348 Se
1595 2326 1657 2346 non
1689 2316 1848 2346 facturum
1872 2314 1953 2354 quod
1989 2316 2095 2347 facere
2118 2317 2211 2348 illum

1247 2495 1294 2520 ret
1318 2499 1351 2519 se
1375 2492 1581 2519 scortatorem
1605 2492 1634 2516 et
1658 2486 1837 2516 adulterum
1863 2486 1945 2514 tore:
1979 2486 2003 2515 si
2027 2487 2097 2525 quis
2121 2493 2214 2526 pater

1247 2533 1366 2563 iuraret
1390 2541 1423 2561 se
1458 2529 1563 2569 gladio
1592 2529 1646 2559 filii
1680 2528 1823 2567 iugulum
1856 2528 2050 2567 petiturum:
2081 2530 2108 2559 si
2139 2531 2211 2569 quis

1247 2622 1365 2653 turum,
1390 2622 1419 2646 et
1444 2626 1501 2655 pro
1526 2614 1646 2644 viribus
1670 2624 1741 2643 eum
1763 2617 2045 2652 persequuturum,
2064 2615 2128 2645 tale
2151 2616 2211 2646 fuit

1248 2659 1356 2691 Saulis
1380 2657 1610 2689 iusiurandum.
1657 2656 1722 2687 Nos
1747 2664 1823 2685 vero
1847 2662 1959 2686 contra
1983 2654 2146 2688 discamus
2167 2658 2210 2688 ita

1977 2705 2007 2731 41
