2551 3044
169 211 231 242 585

169 304 313 336 tionibus
337 309 472 337 tutatus.
497 304 710 337 Memorabile
733 314 829 344 porro
854 305 972 334 factum
998 303 1136 333 Davidis

169 346 230 378 hoc
254 348 321 379 loco
345 353 541 385 recensetur,
565 347 620 386 qui
645 353 810 385 assumpto
834 356 942 377 secum
966 345 1077 375 Abisai
1103 346 1136 375 in

168 398 275 422 castra
290 390 398 422 Saulis
411 390 594 421 descendit:
618 396 648 419 et
668 388 747 419 alios
766 388 896 427 quidem
921 393 1017 418 antea
1029 387 1136 418 David

169 439 310 474 rogarat,
343 432 398 464 sed
429 443 463 463 se
494 432 644 463 comitem
670 431 781 462 Abisai
812 431 899 461 solus
929 430 1045 460 obtulit
1076 441 1136 469 quo

168 481 340 507 contentus
360 475 392 505 in
417 482 522 505 castra
545 475 646 504 venit.
670 473 735 504 Sed
761 473 860 504 nimia
883 473 945 503 ista
969 473 1136 503 temeritas

169 518 306 549 fortasse
337 518 454 548 merito
485 515 660 554 videbitur,
690 517 722 546 in
751 515 894 546 medium
919 515 1059 546 hostium
1084 525 1138 555 ag-

168 571 243 591 men
274 560 362 591 solus
386 569 608 599 perrumpere:
641 559 724 598 quod
749 568 813 589 non
837 568 929 597 posse
952 558 1023 588 fieri
1047 557 1136 588 vide-

169 603 274 639 batur,
297 602 372 642 quin
400 608 456 632 aut
481 607 595 632 euntes
619 606 674 632 aut
697 601 883 632 recedentes
907 611 924 631 a
949 600 1136 631 custodibus

168 645 505 684 deprehenderentur,
537 649 570 674 et
600 654 668 675 sese
700 650 854 683 tanquam
878 653 956 683 aper
978 643 1012 672 in
1036 653 1136 673 vena-

168 688 279 718 bulum
313 688 504 727 praecipites
536 687 568 717 in
593 686 732 717 hostium
758 696 875 717 manus
899 685 1023 716 darent.
1069 684 1134 716 Sed

166 737 243 761 aute
274 731 396 761 dictum
429 736 478 761 est.
502 729 664 760 Davidem
690 729 832 759 exivisse
856 729 1076 768 exploratum:
1100 739 1136 759 ac
1160 760 1162 769 Ι

165 772 301 813 proinde
314 773 448 803 minime
461 771 593 803 dubium
618 778 667 802 est
690 773 768 812 quin
794 772 934 802 hostium
955 771 1133 801 socordiam

164 822 196 846 et
226 816 432 847 securitatem
465 825 576 846 secure
608 814 837 845 dormientium
869 814 959 853 quasi
991 812 1134 844 domiin

164 857 257 889 lectis
285 858 428 889 iacerent
457 857 717 897 deprehenderit.
764 856 875 895 Quare
899 866 996 896 quum
1020 865 1134 887 somno

163 901 307 941 sepultos
321 900 561 940 animadvertit,
581 900 799 940 praesentiore
811 901 918 930 animo
937 899 970 929 in
990 899 1133 938 ipsorum

162 950 268 975 castra
289 943 388 974 venit.
418 943 650 982 Praeterquam
670 942 753 982 quod
775 943 907 972 minime
927 941 1060 972 dubium
1086 946 1135 972 est

161 987 240 1026 quin
271 986 384 1017 divino
416 986 575 1025 impulsus
612 986 655 1016 sit
685 985 816 1025 spiritu:
860 983 1132 1024 quemadmodum

161 1029 195 1059 in
232 1029 381 1059 omnibus
416 1028 486 1059 istis
517 1027 735 1067 peculiaribus
764 1028 856 1058 factis
887 1026 950 1058 Dei
981 1027 1132 1066 spiritum

160 1077 328 1111 operatum
354 1072 451 1102 fuisse
475 1070 670 1102 credendum
695 1075 753 1109 est,
783 1077 819 1101 ut
842 1081 900 1110 per
922 1069 1033 1101 fideles
1057 1080 1134 1101 suos

161 1124 274 1145 servos
305 1125 342 1144 ea
370 1119 558 1154 praestaret,
589 1123 669 1152 quae
692 1113 791 1144 nullis
813 1112 983 1143 hominum
1007 1111 1133 1143 viribus

161 1157 275 1196 perfici
307 1157 501 1196 potuissent.
548 1156 655 1187 David
687 1156 797 1196 igitur,
829 1155 889 1186 etsi
912 1156 965 1186 vir
988 1155 1079 1186 fortis
1102 1161 1133 1185 et

161 1200 400 1239 magnamfflus,
431 1209 599 1238 nunquam
629 1209 663 1230 se
686 1199 717 1229 in
743 1207 809 1229 tam
833 1206 980 1238 apertum
1004 1199 1132 1237 pericu-
1158 1230 1159 1233 ,

162 1242 231 1273 lum
256 1242 452 1277 coniecisset,
474 1242 534 1272 nisi
556 1240 618 1272 Dei
642 1241 744 1281 ipsius
768 1241 868 1272 veluti
894 1251 993 1272 manu
1017 1240 1133 1272 ductus

160 1285 284 1315 fuisset.
333 1283 397 1316 Sed
422 1284 512 1315 Deus
543 1284 603 1315 hoc
635 1284 800 1324 negotium
824 1284 884 1315 hac
907 1285 1033 1314 ratione
1056 1293 1131 1323 pro-

161 1327 273 1365 movit,
296 1334 333 1358 ut
350 1327 488 1358 Davidis
511 1327 684 1367 integritas
708 1333 739 1358 et
761 1327 949 1358 innocentia
971 1326 1131 1366 insignior

160 1374 256 1405 esset.
287 1376 318 1400 et
350 1370 487 1410 singulis
517 1374 694 1410 perspecta,
725 1369 805 1401 Saul
838 1376 945 1400 autem
977 1370 1131 1400 contusus
1157 1383 1158 1386 =

1156 1416 1158 1438 ξ’
1183 1413 1217 1443 in
1244 1413 1403 1452 praelium
1432 1414 1611 1445 descendens
1634 1416 1782 1455 perierit,
1811 1417 1970 1456 propitius
1997 1417 2039 1447 sit
2066 1417 2145 1448 mihi

159 1412 335 1450 recederet,
360 1418 392 1443 et
415 1412 534 1443 Davidi
559 1413 673 1443 saltem
697 1412 736 1443 ad
760 1418 889 1452 tempus
912 1413 1052 1451 quietem
1072 1412 1129 1442 ali-

160 1465 256 1494 quam
282 1455 382 1486 daret.
405 1455 519 1495 Neque
541 1457 626 1486 enim
641 1454 772 1487 Saulem
787 1455 879 1486 Deus
902 1461 972 1485 tum
995 1454 1130 1494 perdere

161 1497 297 1535 volebat,
328 1508 432 1538 neque
463 1498 584 1529 maiore
614 1499 646 1529 vi
676 1498 786 1537 aliqua
813 1498 939 1538 fugare,
969 1497 1025 1528 sed
1056 1507 1128 1528 cum

159 1541 267 1580 aliquo
302 1540 457 1572 dedecore
489 1541 618 1571 domum
650 1551 819 1572 revocare:
856 1540 1128 1580 quemadmodum

159 1583 335 1624 contigisse
348 1584 503 1614 videmus.
528 1583 637 1614 David
653 1584 753 1624 igitur
773 1583 883 1615 salvus
902 1589 934 1614 et
953 1583 1128 1614 incolumis

158 1626 270 1661 evasit,
295 1626 370 1657 licet
388 1627 422 1656 in
445 1626 588 1657 medium
613 1637 730 1664 agmen
755 1626 896 1657 hostium
920 1627 1071 1661 venisset,
1096 1631 1129 1657 et

158 1674 314 1708 tanquam
342 1669 484 1709 caligans
516 1670 549 1699 in
578 1680 742 1700 summum
767 1669 939 1700 discrimen
963 1679 997 1699 se
1020 1669 1126 1700 conie-

158 1712 264 1748 cisset,
287 1711 358 1742 Deo
377 1712 482 1751 ipsum
507 1711 698 1742 admirando
722 1719 754 1743 et
777 1722 894 1742 arcano
917 1712 1053 1742 consilio
1076 1722 1126 1742 re-

159 1761 262 1794 gente,
293 1760 329 1785 ut
351 1755 452 1794 ipsius
476 1755 661 1786 innocentia
684 1765 750 1785 non
775 1755 880 1785 dubiis
903 1754 1004 1795 signis
1027 1755 1128 1785 omni-

159 1797 217 1828 bus
247 1797 473 1837 innotesceret,
503 1802 536 1828 et
559 1796 639 1829 Saul
674 1797 748 1829 licet
778 1798 888 1828 furore
919 1802 1071 1828 aestuans
1095 1804 1128 1828 et

158 1839 351 1879 sanguinem
383 1840 512 1873 sitiens,
547 1839 679 1871 domum
708 1839 812 1871 redire
843 1851 916 1871 eum
948 1841 1127 1880 ignominia

158 1888 344 1922 cogeretur:
378 1882 463 1922 quod
495 1883 700 1914 innocentem
733 1883 898 1913 hominem
924 1893 1052 1913 summa
1075 1883 1126 1913 in-

157 1925 241 1955 iuria
265 1931 520 1964 persequeretur,
549 1927 631 1964 quod
663 1926 768 1965 ipsum
797 1927 951 1956 fatentem
976 1926 1127 1965 deinceps

157 1967 337 1998 audiemus.
360 1967 448 1999 Hinc
461 1968 561 2007 igitur
580 1968 751 2002 discamus,
776 1968 882 1999 Deum
904 1968 1126 1999 laborantibus
1151 1970 1153 1997 ἓ

157 2010 224 2041 suis
237 2010 404 2041 consilium
419 2011 634 2050 suppeditare,
659 2019 691 2041 et
712 2012 808 2042 rebus
828 2011 1030 2042 difficillimis
1054 2022 1124 2042 suc-

155 2063 296 2090 currere,
327 2052 429 2083 modis
459 2053 667 2090 admirandis,
701 2054 757 2093 qui
788 2064 953 2094 nunquam
977 2054 1011 2084 in
1035 2064 1125 2084 men-

155 2102 219 2125 tem
245 2095 356 2126 venire
379 2097 579 2135 potuissent:
603 2096 688 2127 unde
712 2097 816 2127 maius
839 2097 992 2137 precandi
1016 2096 1124 2127 Deum

155 2138 297 2169 studium
311 2139 344 2168 in
367 2138 460 2170 nobis
474 2139 569 2169 debet
584 2140 729 2176 excitari,
743 2149 801 2170 nos
814 2148 850 2170 ut
862 2147 955 2179 regat
967 2146 998 2169 et
1021 2145 1126 2179 prote-

154 2187 211 2220 gat
233 2181 372 2221 singulis
395 2181 578 2213 momentis.
610 2182 693 2213 Nam
717 2192 811 2221 saepe
834 2182 871 2213 fit
894 2188 930 2212 ut
953 2182 1027 2213 licet
1050 2192 1124 2213 acu-

154 2229 224 2253 tum
263 2234 396 2254 cernere
426 2231 459 2254 et
488 2224 665 2264 prudenter
695 2235 791 2266 agere
821 2225 913 2256 nobis
944 2225 1123 2261 videamur,

154 2273 263 2296 tamen
292 2267 348 2297 vix
380 2277 461 2306 quae
493 2275 568 2297 ante
591 2268 687 2306 pedes
711 2275 785 2299 sunt
816 2268 1060 2308 conspiciamus,
1093 2273 1124 2298 et
1149 2306 1150 2311 1

153 2318 232 2347 quas
244 2314 353 2340 mente
364 2310 506 2341 rationes
523 2309 769 2350 providerimus,
789 2316 953 2341 momento
972 2311 1123 2341 effluant:

153 2394 242 2424 mine
273 2402 412 2432 revocet,
442 2401 473 2425 et
496 2396 633 2426 afflictos
655 2396 769 2435 erigat.
814 2396 866 2426 Ad
890 2397 998 2436 ipsum
1021 2396 1123 2436 igitur

153 2436 327 2476 confugere
347 2443 501 2476 perpetuo
525 2439 778 2476 meminerimus,
803 2446 837 2469 ut
857 2449 920 2469 non
945 2438 1048 2469 solum
1073 2439 1123 2468 iu-

158 2476 277 2509 dicium
300 2480 392 2510 nobis
416 2482 470 2510 det
493 2480 531 2511 ad
556 2491 594 2511 ea
616 2481 839 2521 cognoscenda
862 2491 943 2521 quae
967 2481 1006 2512 ad
1030 2491 1121 2511 men-

153 2530 221 2550 sem
245 2528 302 2551 aut
323 2531 446 2552 annum
470 2522 554 2554 facto
577 2528 654 2554 sunt
676 2535 772 2563 opus:
806 2524 860 2555 sed
885 2531 981 2564 prout
1006 2524 1045 2554 ad
1069 2534 1119 2554 ar-

154 2561 217 2592 dua
246 2564 377 2603 negotia
406 2566 577 2596 tractanda
606 2577 665 2597 nos
699 2566 839 2605 vocabit,
870 2568 992 2597 exitum
1023 2567 1119 2597 etiam

153 2605 335 2644 patefaciat,
367 2617 489 2646 suaque
516 2618 616 2639 manu
647 2615 746 2649 regat,
775 2616 808 2640 et,
830 2610 880 2640 vel
905 2611 937 2640 in
962 2609 1045 2640 hanc
1070 2610 1119 2640 vel

805 211 851 241 IN
876 210 902 240 Ι.
930 211 1016 241 Llss.
1042 209 1239 241 SAMUEL.
1264 212 1359 243 CAP.
1384 213 1513 244 XXVI.

1155 1515 1157 1520 ν
1182 1498 1327 1529 Domini.

2090 216 2152 246 4380

1190 303 1297 350 David
1322 316 1398 335 sane
1423 306 1562 338 hostium
1587 314 1692 339 castra
1713 309 1895 348 explorans,
1928 319 1990 340 non
2015 308 2153 340 habebat

1189 356 1222 376 ln
1254 348 1362 378 auimo
1390 349 1421 379 in
1454 349 1594 380 medium
1626 352 1767 391 ipsorum
1799 362 1916 392 agmen
1941 353 2066 383 venire:
2097 352 2151 383 sed

1190 389 1278 434 Deus
1299 390 1358 421 hoc
1382 391 1441 431 ipsi
1466 393 1633 423 consilium
1658 395 1834 434 suggessit:
1860 402 1890 425 et
1914 394 2078 426 audaciam
2104 396 2151 425 in-

1189 430 1278 464 didit.
1309 433 1364 463 ubi
1396 434 1533 464 hostium
1565 437 1743 467 socordiam
1775 444 1805 467 et
1830 437 2059 477 negligentiam
2083 439 2152 468 ani-

1189 474 1423 506 madvertisset.
1448 477 1667 517 Repentinum
1682 480 1781 519 igitur
1794 480 1851 510 fuit
1865 480 1950 510 istud
1965 480 2151 511 consilium:

1189 526 1284 564 quam
1314 518 1352 548 ob
1383 529 1460 556 rem,
1489 527 1523 550 ut
1547 528 1622 551 ante
1646 520 1721 559 dixi,
1752 534 1813 552 nou
1839 522 2049 553 dubitandum
2073 523 2151 562 quin

1189 568 1215 605 sl
1246 560 1373 598 quando
1401 562 1573 602 contigerit
1602 574 1661 594 nos
1691 565 1724 594 in
1748 565 1883 595 summis
1907 564 2152 596 difficultatibus

1188 611 1298 641 lnopes
1329 604 1452 633 consilii
1492 607 1689 637 consternari
1724 608 1847 643 animo,
1886 607 1975 638 Deus
2008 609 2150 644 adiuvet,

1189 650 1220 673 et
1247 645 1280 674 in
1312 645 1405 675 rebus
1436 646 1566 678 incertis
1596 650 1767 680 consilium
1799 650 1991 690 suppeditet,
2021 658 2050 681 et
2075 652 2150 690 quid

1188 686 1265 716 utile
1288 687 1328 718 sit
1354 688 1567 720 demonstret:
1599 691 1677 721 adeo
1700 692 1827 731 quidem
1852 700 1887 722 ut
1911 698 2038 732 praeter
2061 704 2151 732 spem

1188 735 1220 759 etv
1248 730 1429 777 opinionem
1461 732 1602 763 rationes
1632 742 1792 774 suggerat,
1824 735 1939 774 quibus
1969 747 2007 765 ex
2032 737 2152 767 nostris

1187 778 1348 812 angustiis
1371 784 1583 814 emergamus.

1272 814 1376 845 Porro
1405 818 1564 855 sequitur,
1596 819 1705 849 Abisai
1736 820 1833 851 fuisse
1865 825 2009 851 autorem
2041 820 2150 851 David

1187 857 1402 888 interficiendi
1427 859 1566 897 Saulem,
1597 872 1658 891 non
1690 862 1817 901 quidem
1842 872 1940 893 manu
1960 863 2060 902 ipsius
2082 863 2151 894 Da-

1188 900 1270 930 vidis
1300 901 1356 931 sed
1387 912 1444 931 sua
1472 912 1568 941 opera
1598 914 1691 942 quani
1722 906 1814 936 offert
1845 905 1895 936 his
1926 906 2047 936 verbis:
2074 906 2150 937 Con-

1186 942 1375 974 clusitDeus
1387 944 1547 976 inimicum
1566 949 1651 976 tuum
1665 947 1751 978 hodie
1775 948 1807 978 in
1825 958 1940 978 manus
1961 951 2048 979 tuos:
2069 959 2150 980 nunc

1186 994 1256 1025 eryo
1271 986 1448 1024 perfodiam
1473 998 1540 1018 enm
1563 988 1667 1020 lancea
1691 991 1722 1019 ,n
1746 993 1826 1020 terra
1848 991 1949 1027 semel,
1972 994 1998 1021 et
2020 991 2149 1022 secundo

1186 1038 1264 1066 opus
1286 1038 1347 1059 non
1370 1030 1442 1060 erit:
1470 1030 1584 1069 quibus
1607 1032 1714 1062 verbis
1738 1033 1856 1063 lethale
1880 1033 1998 1064 vulnus
2021 1044 2055 1064 se
2078 1034 2148 1065 illa-

1186 1076 1294 1101 turum
1309 1071 1486 1110 pollicetur,
1506 1084 1545 1104 ex
1570 1084 1631 1113 quo
1645 1074 1723 1105 Saul
1748 1086 1911 1115 nunquam
1932 1076 2058 1107 evadat.
2083 1076 2148 1108 Sed

1185 1112 1294 1144 David
1326 1113 1438 1145 iisdem
1473 1116 1580 1147 verbis
1603 1117 1715 1148 Abisai
1745 1125 1878 1155 coercet,
1910 1118 2025 1157 quibus
2053 1126 2148 1150 antea

1185 1166 1261 1187 suos
1273 1157 1392 1189 milites
1411 1158 1450 1188 ad
1475 1169 1583 1190 necem
1599 1160 1706 1190 Saulis
1729 1161 1832 1199 ipsum
1856 1160 2025 1191 hortantes
2049 1172 2147 1201 quum

1185 1200 1218 1229 in
1255 1200 1440 1239 speluncam
1477 1202 1618 1232 venisset
1647 1202 1864 1233 deterruerat:
1897 1204 1946 1235 Ne
1977 1204 2148 1243 interficias

1185 1251 1269 1271 eum:
1298 1243 1368 1281 quis
1398 1244 1478 1273 enim
1508 1245 1642 1275 emendet
1669 1256 1795 1276 manum
1818 1256 1908 1276 suam
1931 1246 1965 1276 in
1990 1247 2148 1277 Christum

1187 1284 1330 1321 Domini,
1357 1288 1383 1316 et
1414 1287 1554 1317 innocens
1580 1288 1659 1318 erit?
1709 1288 1834 1318 Deinde
1865 1289 2047 1319 iuramento
2078 1300 2145 1320 rem

1157 1338 1159 1357 ξ
1183 1330 1369 1359 confirmat:
1407 1328 1490 1359 Vivit
1512 1329 1677 1366 Dominus,
1707 1331 1780 1370 quia
1810 1332 1873 1362 nisi
1895 1331 2055 1362 Dominus
2070 1343 2146 1371 per-

1183 1371 1315 1401 cusserit
1344 1381 1423 1409 eum,
1453 1374 1507 1402 ant
1536 1372 1601 1403 dies
1624 1374 1690 1403 eins
1713 1374 1833 1409 venerit,
1857 1377 1883 1404 et
1905 1374 2067 1414 moriatur,
2090 1377 2146 1405 aut

1182 1455 1356 1496 Dominus,
1385 1467 1422 1487 ne
1451 1458 1610 1488 extendam
1639 1469 1766 1489 manum
1797 1469 1894 1490 meam
1924 1459 1957 1489 in
1986 1459 2143 1491 Christum

1372 1499 1510 1530 Davidis
1538 1501 1724 1539 patientiam
1748 1502 1941 1537 intueamur,
1972 1512 2066 1541 quem
2090 1513 2145 1533 ne-

1182 1551 1269 1572 cesse
1282 1549 1328 1572 est
1349 1553 1417 1573 sese
1441 1542 1480 1573 ad
1493 1542 1555 1573 Dei
1578 1543 1764 1583 obsequium
1789 1550 1892 1574 totum
1917 1546 2143 1583 composuisse,

1182 1594 1282 1623 quum
1313 1585 1381 1616 suis
1410 1586 1577 1616 affectibus
1607 1587 1652 1616 ita
1682 1587 1839 1617 dominari
1870 1594 1984 1626 potest.
2030 1587 2143 1627 Neque

1181 1627 1269 1657 enim
1293 1634 1418 1658 tantum
1443 1629 1481 1659 de
1505 1629 1686 1668 praeteritis
1710 1629 1834 1660 iniuriis
1858 1629 2047 1660 ulciscendis
2070 1641 2144 1670 age-

1181 1670 1282 1708 batur,
1309 1670 1364 1701 sed
1395 1670 1433 1701 de
1463 1672 1625 1710 praesenti
1655 1672 1805 1712 periculo,
1837 1672 1921 1711 quod
1952 1673 2054 1702 instar
2078 1673 2144 1703 avi-

1179 1712 1269 1743 culae
1300 1713 1440 1745 inccrtus
1471 1720 1650 1754 vagaretur,
1681 1720 1714 1745 et
1743 1715 1774 1744 in
1800 1715 1949 1754 laqueum
1973 1715 2142 1747 conclusus

1179 1754 1354 1787 videretur.
1399 1757 1442 1787 Et
1469 1756 1544 1787 licet
1575 1764 1670 1788 antea
1701 1763 1834 1788 conatus
1865 1764 1947 1787 esset
1977 1768 2033 1788 cor
2056 1758 2142 1789 illius

1177 1798 1316 1837 flectere,
1340 1806 1372 1829 et
1390 1800 1524 1838 ipsemet
1543 1798 1622 1831 Saul
1647 1799 1774 1839 culpam
1797 1801 1989 1839 agnovisset,
2012 1801 2141 1831 flectere

1178 1848 1288 1871 tamen
1318 1852 1382 1873 non
1414 1843 1526 1881 potuit,
1557 1843 1632 1882 quin
1663 1848 1851 1882 perpetuum
1875 1842 1983 1872 odium
2008 1843 2139 1880 foveret,

1178 1890 1210 1913 et
1244 1884 1518 1916 irreconciliabilis
1552 1891 1644 1916 esset.
1694 1885 1842 1924 Denique
1877 1884 1949 1916 licet
1980 1885 2139 1916 Davidem

1151 1924 1154 1967 J
1178 1932 1289 1957 tantus
1308 1928 1403 1957 timor
1421 1934 1452 1958 et
1475 1927 1656 1958 reverentia
1679 1928 1890 1958 continuisset
1913 1930 1945 1958 in
1969 1927 2084 1966 officio,
2107 1935 2141 1959 et

1178 1980 1196 1999 a
1225 1969 1369 2001 vindicta
1392 1969 1548 2001 sumenda
1571 1970 1610 2001 de
1634 1976 1681 2001 tot
1704 1971 1830 2000 iniuriis
1851 1970 1969 2009 quibus
1993 1972 2098 2001 suerat
2121 1981 2140 2002 a

1179 2010 1276 2042 Saule
1300 2012 1462 2043 immerito
1485 2013 1633 2044 affectus:
1664 2018 1773 2043 tamen
1797 2020 1879 2043 iusta
1903 2013 1947 2042 illi
1973 2012 2142 2044 videbatur

1177 2054 1284 2085 oblata
1315 2055 1467 2085 caedendi
1491 2055 1621 2086 Saulem
1652 2056 1790 2090 occasio,
1823 2056 1906 2094 quod
1937 2065 2001 2086 non
2032 2065 2141 2095 posset

1150 2096 1152 2119 ⁴}
1178 2098 1278 2137 ipsius
1291 2100 1378 2128 furor
1400 2098 1528 2138 placari.
1552 2104 1582 2128 et
1601 2098 1721 2128 nullam
1736 2097 1852 2127 Davidi
1877 2098 2014 2137 quietem
2040 2098 2141 2136 daret,

1178 2150 1219 2170 ne
1238 2140 1276 2170 ad
1301 2146 1499 2171 momentum
1523 2142 1661 2180 quidem,
1685 2140 1762 2170 adeo
1787 2147 1823 2170 ut
1846 2141 1959 2170 merito
1982 2140 2042 2172 sibi
2065 2151 2140 2172 con-

1150 2194 1151 2200 *
1177 2183 1282 2213 sulere
1302 2188 1405 2214 morte
1419 2183 1526 2214 Saulis
1550 2184 1691 2223 potuisse
1715 2183 1876 2213 videatur:
1901 2190 1933 2213 et
1955 2183 2053 2214 semel
2075 2190 2138 2214 tam

1150 2237 1151 2242 ¹
1177 2226 1327 2256 infestum
1359 2225 1482 2257 hostem
1514 2238 1530 2256 e
1554 2226 1658 2256 medio
1683 2226 1794 2256 tollere
1818 2236 1913 2265 quam
1938 2226 2031 2256 toties
2054 2227 2138 2266 peri-

1177 2268 1290 2298 clitari.
1314 2269 1435 2299 Iustam
1450 2269 1555 2308 itaque
1569 2269 1734 2299 hominum
1759 2269 1911 2308 opinione
1930 2278 2058 2299 causam
2082 2267 2138 2299 ha—

1176 2311 1268 2342 bebat
1301 2311 1360 2342 sibi
1392 2312 1548 2349 rebusque
1573 2312 1639 2342 suis
1669 2318 1771 2341 morte
1796 2310 1904 2341 Saulis
1933 2311 2138 2342 consulendi:

154 2354 185 2381 et
207 2351 298 2382 Deus
328 2362 387 2383 nos
419 2352 653 2383 admirabiliter
683 2363 723 2384 ex
747 2354 853 2384 medio
875 2364 984 2384 rerum
1011 2353 1124 2384 discri—
1148 2346 1150 2375 Ῑ
1175 2361 1206 2384 et
1237 2365 1298 2384 non
1332 2353 1460 2384 dubium
1494 2360 1542 2383 est
1572 2354 1649 2392 quin
1679 2353 1787 2393 gravis
1818 2354 1954 2384 tentatio
1980 2354 2138 2384 Davidem

1175 2396 1336 2427 afflixerit.
1361 2397 1443 2427 Nam
1469 2396 1521 2426 ubi
1545 2397 1704 2435 speciosae
1728 2395 1886 2434 quaedam
1909 2402 2064 2435 apparent
2087 2406 2139 2426 ra-

1175 2441 1287 2477 tiones,
1318 2444 1413 2478 prout
1441 2439 1588 2470 homines
1612 2437 1650 2468 ad
1674 2438 1733 2469 sibi
1756 2437 1953 2469 adulandum
1978 2438 2138 2478 proclives

1174 2487 1259 2517 sunt,
1291 2487 1483 2520 sperantque
1506 2492 1539 2511 sc
1562 2491 1665 2511 coram
1690 2481 1759 2511 Deo
1783 2488 1813 2510 et
1838 2481 2022 2512 hominibus
2044 2482 2138 2512 inno-

1146 2535 1148 2546 ³
1173 2532 1281 2555 centes
1301 2524 1446 2555 habitum
1468 2525 1516 2559 iri,
1541 2534 1721 2563 manusque
1741 2523 1832 2554 facile
1856 2524 2030 2560 abluturOS,
2054 2524 2138 2554 nihil

1146 2566 1147 2570 ¹
1173 2577 1237 2597 non
1257 2567 1316 2597 sibi
1340 2567 1542 2606 permittunt,
1567 2572 1597 2596 et
1621 2567 1718 2596 animi
1742 2566 1971 2605 cupiditatibus
1997 2566 2138 2598 habenas

1145 2607 1147 2628 '¹
1172 2610 1294 2640 laxant.
1319 2608 1383 2640 Sed
1408 2609 1604 2640 contrarium
1629 2610 1663 2638 in
1687 2608 1814 2639 Davide
1837 2609 1930 2640 nobis
1953 2609 2136 2649 exemplum

152 2647 186 2677 in
218 2647 307 2678 illam
339 2654 462 2688 partem
491 2650 596 2688 ducat,
627 2660 722 2691 prout
745 2652 897 2692 expedire
920 2652 1119 2692 cognoverit.
1144 2644 1147 2673 l
1173 2652 1374 2692 proponitur,
1406 2653 1459 2691 qui
1491 2661 1594 2690 neque
1624 2651 1858 2682 tentationibus
1887 2652 1958 2683 istis
1980 2653 2136 2691 superari.
