2551 3044
393 235 456 266 535

391 336 423 361 et
455 335 606 368 tanquam
635 337 730 358 canes
755 326 948 356 miserorum
972 323 1140 355 hominum
1165 324 1356 363 sanguinem

390 373 515 404 sitiunt.
560 371 668 410 Atque
695 369 726 399 in
760 368 819 399 hoc
845 377 979 397 numero
1003 372 1078 397 sunt
1102 366 1288 397 recensendi
1312 366 1357 396 illi

392 415 538 446 homines
552 414 606 453 qui
620 422 776 452 magnum
792 410 1016 441 obaeratorum
1038 420 1206 440 numerum
1228 409 1358 445 habent,

392 469 471 498 quos
511 457 690 487 inhumane
731 461 764 484 et
804 452 980 484 crudeliter
1020 452 1156 482 laniant.
1212 452 1295 483 Nam
1332 451 1359 482 si

391 501 500 532 miseri
536 510 599 530 non
636 497 776 528 habeant
811 495 895 526 uude
930 505 984 525 aes
1018 495 1208 532 exsolvant,
1245 495 1359 534 suique

393 544 549 574 rationem
565 541 676 572 haberi
690 545 873 580 precentur,
894 549 928 569 se
942 548 1048 568 rerum
1067 538 1210 569 omnium
1230 548 1360 577 egenos,
1384 532 1386 540 ⁸

394 598 427 617 se
447 586 557 617 liberis
578 584 689 614 multis
709 588 867 616 oneratos,
892 580 1049 611 dicantsc
1074 581 1154 612 velle
1177 580 1303 621 quidem
1329 585 1360 611 ot
1384 584 1387 607 5

394 639 534 668 aequum
564 637 632 658 esse
656 633 691 657 ut
716 625 823 655 debita
847 623 1042 664 persolvant,
1073 624 1129 655 sed
1154 634 1216 655 non
1242 623 1360 654 habere

395 671 480 703 unde
495 670 706 707 satisfaciant,
730 674 928 707 quapropter
941 676 1032 697 orare
1056 672 1093 697 ut
1115 666 1164 698 sui
1188 666 1360 697 miserean-

396 721 458 751 tur,
489 713 564 754 quid
596 720 665 742 tum
690 711 743 741 isti
768 710 945 750 praedones
969 710 1114 741 factitare
1137 709 1223 740 aliud
1247 709 1359 744 solent,

396 768 492 798 quam
523 757 663 787 ferarum
693 754 798 784 instar
821 759 853 783 et
877 762 994 783 canum
1019 752 1203 783 rabidorum
1228 752 1260 782 in
1285 751 1359 781 sub-

396 801 530 831 stantias
549 806 578 829 et
597 807 728 837 corpora
748 797 940 826 miserorum
955 795 1088 826 istorum
1102 795 1254 831 involare,
1279 794 1361 824 etde

396 843 539 882 ipsorum
555 841 713 881 sanguine
733 838 914 878 triumphos
933 848 1008 869 suos
1028 837 1154 869 facere?
1190 838 1233 868 Et
1253 843 1360 867 tamen

397 886 449 916 isti
481 886 670 924 plerumque
702 883 829 922 maguis
858 886 890 912 ct
921 881 1101 921 insignibus
1131 881 1234 911 titulis
1257 878 1363 919 appel-

396 928 515 965 lantur,
540 926 661 957 domini
681 932 757 956 sunt
775 932 807 955 et
827 925 859 954 iu
885 923 1006 954 honore
1031 923 1198 959 habentur,
1222 922 1275 953 sed
1300 932 1362 961 quo

399 981 497 1010 usque
528 968 682 1000 tandem?
724 967 777 998 An
808 978 841 998 se
865 966 1007 997 divinam
1032 967 1187 997 ultionem
1211 975 1363 996 evasuros

397 1012 553 1053 sperant?
610 1012 680 1042 Nae
721 1010 890 1040 bominum
931 1009 1059 1048 quidem
1095 1009 1264 1039 sententiis
1299 1017 1362 1038 non

398 1056 639 1093 iudicabuntur,
663 1053 717 1085 sed
738 1053 813 1084 olim
834 1062 941 1083 coram
955 1051 1017 1081 Dei
1042 1052 1194 1082 tribunali
1219 1050 1363 1086 sistendi,

398 1105 429 1129 et
442 1099 543 1138 ipsius
557 1097 692 1128 fulmine
713 1095 912 1136 percutiendi
933 1101 1113 1131 sci-vantur,
1134 1101 1169 1125 ut
1189 1095 1232 1125 sic
1253 1103 1362 1124 eorum

398 1151 479 1181 quae
498 1141 618 1172 iniuste
646 1144 823 1179 rapuerunt
844 1138 1002 1168 rationem
1024 1137 1169 1172 reddant,
1197 1143 1226 1167 et
1247 1146 1365 1176 poenas

398 1184 500 1215 luant.
546 1183 763 1222 Quamobrem
789 1180 936 1220 exemplo
960 1180 1093 1210 Nabalis
1117 1180 1220 1219 rogati
1245 1178 1365 1219 aliquid

398 1228 430 1258 in
462 1227 600 1267 aliquem
632 1226 778 1257 conferre
809 1223 971 1254 discamus
1003 1233 1064 1253 non
1094 1233 1228 1253 onerare
1254 1232 1365 1262 oppro-

398 1269 468 1300 brio
499 1276 530 1300 et
560 1267 755 1300 contumelia
780 1272 957 1306 petentem:
982 1270 1016 1295 ut
1040 1266 1064 1296 si
1086 1266 1116 1296 in
1142 1276 1179 1296 ca
1202 1265 1365 1297 sententia

400 1322 571 1343 manemus
602 1322 664 1342 non
701 1309 835 1341 iuvandi
878 1319 1015 1349 egenos,
1055 1309 1167 1339 saltem
1203 1308 1242 1339 ab
1277 1308 1363 1338 omni

399 1355 560 1386 calumnia
593 1354 825 1391 abstineamus,
858 1358 891 1382 et·
919 1351 1188 1381 inhumanitatem
1222 1356 1364 1381 nostram

401 1409 466 1429 non
498 1397 682 1438 prodamus.
728 1395 811 1426 Nam
843 1394 943 1425 amice
968 1404 1025 1424 nos
1050 1393 1302 1433 interpellantes,
1334 1398 1366 1423 et

402 1441 521 1481 aliquid
553 1440 624 1480 opis
652 1438 837 1479 flagitantes
867 1447 1001 1467 onerare
1025 1437 1179 1467 conviciis
1203 1447 1364 1467 summum

401 1488 451 1515 est
473 1483 643 1523 flagitium.
684 1482 785 1512 Porro
809 1480 945 1520 qualem,
969 1479 1109 1517 obsecro,
1134 1481 1236 1510 virum
1262 1479 1363 1510 Nabal

402 1526 572 1558 calumniis
614 1522 815 1556 incessebat?
872 1522 989 1552 Virum
1030 1533 1107 1553 sanc
1148 1533 1241 1562 quem
1276 1522 1366 1553 Deus

402 1569 553 1610 elegerat,
578 1573 609 1599 et
627 1578 722 1607 quem
743 1576 812 1597 esse
836 1564 1012 1596 secundum
1036 1575 1128 1595 suum
1153 1576 1207 1596 cor
1231 1570 1366 1595 testatus

403 1612 518 1643 fuerat.
555 1611 604 1642 Ex
631 1620 694 1650 quo
721 1609 883 1640 discamus
910 1607 1027 1638 iniuria
1057 1607 1226 1639 calumniis
1250 1608 1366 1647 affecti,

403 1660 513 1686 tamen
545 1663 598 1684 eas
629 1653 790 1692 patienter
821 1651 913 1687 ferre,
945 1656 977 1681 et
1008 1661 1070 1680 non
1103 1650 1171 1681 ideo
1203 1651 1240 1681 ab
1264 1651 1367 1682 officio

403 1697 543 1728 resilire:
585 1696 640 1727 sed
680 1695 789 1735 potius
826 1693 1005 1724 doctrinam
1034 1693 1128 1724 Pauli
1165 1700 1367 1733 usurpantes,

403 1738 631 1771 benefaciendo
660 1738 793 1773 cunctis,
825 1736 945 1767 malum
978 1746 1034 1775 pro
1066 1736 1147 1766 bono
1173 1743 1368 1775 exspectare,

404 1788 436 1814 et
454 1782 619 1814 silentium
639 1790 804 1821 premere:
827 1790 864 1811 ac
887 1779 914 1810 si
937 1779 1047 1809 nullus
1070 1779 1111 1809 sit
1134 1779 1368 1810 calumniarum

404 1826 487 1863 finis,
517 1824 621 1864 capite
645 1823 784 1854 demisso
809 1822 890 1853 bona
913 1822 1110 1853 conscicntia
1132 1829 1163 1852 et
1186 1822 1371 1853 innocentia

405 1874 516 1900 nostra
551 1878 608 1898 nos
643 1865 727 1906 apud
763 1865 869 1896 Deum
904 1869 1062 1903 tueamur,
1092 1869 1124 1894 et
1156 1865 1370 1895 consolemur.

406 1911 578 1944 Caeterum
603 1907 726 1949 aliquid
751 1908 810 1940 hoc
833 1907 900 1939 loco
925 1906 1030 1938 adhuc
1054 1907 1290 1938 observandum
1316 1912 1373 1946 est,

405 1964 522 1994 nempe
552 1953 584 1984 in
615 1952 712 1983 rebus
743 1951 836 1982 novis
858 1957 889 1981 et
913 1950 1077 1981 inusitatis
1100 1959 1227 1989 semper
1250 1950 1372 1989 aliquas

407 1995 630 2032 maledicendi,
654 2000 686 2026 et
709 1992 929 2026 calumniandi
952 2003 1021 2023 sese
1044 1993 1224 2023 occasiones
1247 1993 1371 2023 offerre.

407 2039 463 2072 Sic
493 2039 587 2070 hodie
617 2038 764 2068 veritatis
787 2036 910 2067 inimici
934 2035 1008 2067 licet
1030 2035 1092 2066 Dei
1116 2036 1250 2066 verbum
1275 2035 1372 2075 sugil-

407 2083 474 2114 lare
505 2085 677 2121 nequeant,
707 2080 833 2119 oblique
858 2086 966 2109 tamen
989 2088 1120 2118 carpere
1143 2085 1319 2109 conantur:
1343 2083 1374 2108 et

407 2126 442 2156 in
473 2124 554 2155 illud
583 2133 695 2154 omnes
725 2122 947 2162 corruptiones
976 2131 1057 2161 quac
1088 2121 1119 2151 in
1149 2120 1268 2151 mundo
1291 2121 1373 2151 obti-

408 2173 488 2199 nent
516 2166 673 2203 derivare,
704 2171 740 2196 ut
769 2166 794 2196 si
824 2165 895 2195 fieri
927 2169 1035 2204 posset
1065 2173 1174 2195 sacrae
1198 2164 1374 2203 scripturae

410 2210 575 2241 autoritati
597 2209 798 2249 derogarent.
834 2208 916 2238 Nam
939 2207 1045 2237 aiunt:
1070 2207 1119 2237 Ex
1144 2217 1205 2245 quo
1229 2205 1376 2237 doctrina

409 2254 472 2284 ista
505 2253 610 2292 coepit
643 2251 835 2291 praedicari,
869 2250 951 2280 nihil
987 2250 1047 2281 nisi
1079 2249 1221 2280 confusio
1256 2249 1374 2289 passim

411 2296 544 2334 obtinet,
575 2294 646 2325 aliis·
677 2294 710 2324 in
735 2294 815 2325 alios
839 2292 1093 2332 insurgentibus,
1122 2291 1239 2331 ubique
1263 2291 1376 2322 turbae

411 2344 504 2376 sunt,
538 2337 655 2377 ubique
690 2337 858 2373 tumultus,
888 2346 945 2375 pro
977 2345 1054 2375 pace
1079 2339 1112 2366 et
1141 2334 1376 2374 tranquillitate

411 2392 492 2421 quae
529 2385 702 2420 autequam
743 2379 823 2411 hacc
863 2378 1008 2410 doctrina
1049 2383 1226 2418 emergeret
1260 2377 1377 2417 ubique

411 2425 557 2466 gentium
589 2428 668 2460 erat,
699 2426 731 2453 et
760 2423 804 2453 ita
828 2422 889 2452 Dei
919 2426 1166 2461 contemptores,
1195 2424 1228 2451 et
1256 2419 1377 2450 inimici

414 2467 503 2499 verbi
534 2466 635 2506 ipsius
658 2474 715 2505 pro
741 2465 861 2496 viribus
885 2469 1042 2496 conantur
1065 2464 1182 2503 ubique
1206 2462 1378 2493 seditiones
1403 2470 1404 2475 ¹

414 2515 447 2541 et
480 2509 640 2540 tumultus
674 2508 832 2544 excitare,
867 2507 982 2547 quibus
1018 2507 1049 2537 ni
1086 2507 1174 2537 Deus
1208 2505 1379 2546 impediret

415 2552 594 2584 doctrinam
630 2561 738 2582 veram
774 2550 1019 2591 pessundarent,
1054 2555 1087 2580 ct
1116 2548 1262 2579 funditus
1292 2557 1380 2578 ever-

416 2599 531 2626 terent.
566 2593 617 2625 Ita
641 2593 782 2624 vidimus
805 2593 962 2624 Nabalcm
987 2592 1126 2632 primum
1150 2590 1381 2630 contempsisse
1405 2592 1407 2602 ¹

417 2637 577 2669 Davidem
597 2643 630 2668 et
652 2637 753 2676 ipsius
777 2647 912 2676 regnum
937 2635 1020 2675 quod
1047 2636 1152 2675 figura
1174 2634 1235 2665 fuit
1246 2632 1381 2664 Domini

417 2681 519 2712 nostri
547 2679 621 2711 Iesu
650 2679 782 2717 Christi,
813 2678 928 2710 deinde
951 2678 1114 2709 calumnia
1137 2677 1198 2709 ista
1220 2685 1381 2714 onerasse,

1177 228 1380 260 HOMILIA
1405 228 1464 259 LX
1473 226 1603 258 XXIX.

2314 224 2376 255 536

1412 332 1526 361 nempe
1560 320 1650 352 illum
1680 320 1800 351 alienos
1830 331 1943 352 servos
1973 319 2143 356 abducere,
2173 318 2228 350 sed
2259 329 2377 360 quaeso

1411 375 1472 404 qun
1502 362 1738 394 fundamento?
1783 363 1865 394 Nam
1898 363 1991 394 multi
2017 363 2124 394 miseri
2148 367 2180 392 et
2202 363 2295 402 egeni
2319 361 2376 394 ho-

1410 408 1514 437 mines
1535 416 1608 437 aere
1627 406 1731 437 alieno
1750 407 1892 446 oppressi
1917 405 1955 436 ad
1971 405 2130 436 Davidem
2155 406 2376 446 confugerant,

1411 460 1472 480 non
1507 449 1661 486 accersiti,
1694 459 1797 489 neque
1827 449 1866 479 ab
1897 449 1966 488 ipso
1998 448 2154 485 advocati,
2185 448 2240 478 sed
2267 448 2378 479 divina

1412 491 1615 532 providentia
1635 491 1673 522 ad
1695 492 1800 531 ipsum
1821 492 1921 529 missi,
1945 497 1978 522 ut
2006 491 2037 522 in
2058 491 2134 531 fuga
2152 502 2210 522 sua
2233 496 2266 522 et
2289 491 2379 522 duris

1411 533 1642 565 tentationibus
1661 535 1913 565 consolationem
1934 534 2073 574 aliquam
2099 534 2238 565 haberet.
2271 533 2377 573 Quam

1412 579 1510 615 igitur
1541 577 1740 608 occasionem
1772 576 1883 608 habuit
1909 577 2009 608 Nabal
2039 576 2112 608 illos
2135 575 2378 608 calumniandi?

1412 620 1494 651 Nam
1538 620 1598 651 etsi
1633 619 1793 651 Davidem
1835 620 1868 651 in
1911 620 2037 650 deserto
2075 620 2218 651 sexcenti
2251 620 2380 652 circiter

1413 663 1561 694 homines
1581 662 1802 702 sequebantur
1821 674 1884 694 non
1905 663 2002 694 fuisse
2023 669 2129 693 tamen
2155 662 2298 694 latrones
2321 671 2380 693 nec

1413 705 1592 746 praedones
1606 705 1766 743 dicuntur,
1787 706 1841 737 sed
1863 716 1936 736 aere
1955 705 2060 736 alieno
2080 705 2200 736 iniuste
2219 706 2380 745 oppressi:

1385 754 1444 786 get
1485 749 1511 779 si
1550 748 1654 779 David
1693 748 1814 779 alienos
1855 759 1966 779 servos
2002 748 2160 779 advocare
2193 748 2380 784 studuisset,

1413 801 1521 821 nonne
1538 795 1665 831 poterat
1683 802 1741 831 pro
1761 801 1798 822 ea
1817 792 1988 822 autoritate
2013 797 2043 821 et
2068 791 2172 832 gratia
2196 800 2257 830 qua
2280 790 2382 831 pluri-

1387 846 1388 861 :
1414 844 1501 864 mum
1533 833 1617 874 apud
1649 834 1768 865 multos
1798 834 1923 865 valebat
1947 835 2067 865 iustum
2091 833 2270 865 exercitum
2293 833 2383 864 colli·

1387 884 1389 922 ξ
1414 887 1498 916 gere,
1530 883 1561 908 et
1593 877 1707 917 viginti
1741 877 1789 907 vel
1820 877 1956 917 triginta
1987 876 2075 907 mille
2099 876 2266 907 homInum
2290 886 2383 907 exer-

1415 920 1514 950 eitum
1535 920 1747 950 conscribere.
1787 918 1851 951 Sed
1871 920 1982 960 paucis
2007 919 2190 950 homiuibus
2214 919 2386 950 comitatus

1416 961 1530 992 maluit
1561 963 1592 993 in
1621 962 1778 998 cavernis,
1809 968 1839 993 et
1868 962 2032 1002 speluncis
2055 962 2191 1000 latitare,
2223 963 2386 1001 vitamque

1416 1005 1498 1035 tueri
1518 1015 1612 1045 quam
1634 1005 1691 1035 ulli
1712 1015 1834 1041 nocere,
1853 1005 1932 1036 adeo
1951 1005 2078 1045 quidem
2099 1010 2136 1035 ut
2159 1015 2222 1035 non
2247 1004 2386 1044 potuerit

1416 1048 1476 1087 ipsi
1507 1058 1611 1088 neque
1641 1048 1709 1078 suis
1736 1047 1906 1079 comitibus
1936 1047 2124 1088 exprobrari
2147 1047 2323 1087 quidquam
2346 1046 2386 1078 ab

1416 1090 1494 1130 ipsis
1528 1091 1680 1130 cuiquam
1715 1091 1801 1122 furto
1831 1090 1984 1127 ablatum,
2017 1096 2073 1121 aut
2105 1100 2289 1130 quenquam
2320 1088 2388 1120 ulla

1416 1133 1536 1164 iniuria
1555 1133 1593 1164 ab
1614 1133 1692 1173 ipsis
1711 1133 1872 1165 affectum.
1909 1133 2127 1172 Quamobrem
2153 1143 2252 1173 quum
2278 1132 2387 1164 istius-

1417 1176 1502 1207 modi
1533 1176 1715 1216 opprobriis
1746 1182 1777 1207 et
1806 1176 1976 1208 calumniis
2005 1176 2133 1207 onerari
2163 1176 2203 1206 ab
2232 1174 2388 1216 improbis

1416 1224 1448 1249 et
1473 1219 1592 1259 iniquis
1617 1218 1805 1250 homiuibus
1828 1218 1975 1250 videmus
1998 1219 2075 1259 pios,
2100 1224 2131 1249 et
2154 1228 2266 1250 sanam
2290 1227 2386 1258 quam

1417 1262 1611 1301 profitentur
1641 1261 1819 1293 doctrinam
1850 1262 2003 1297 subverti,
2034 1261 2169 1293 Davidis
2198 1260 2383 1301 exemplum

1417 1306 1450 1335 in
1475 1305 1663 1336 memoriam
1688 1315 1886 1344 revocemus,
1910 1310 1941 1336 et
1965 1315 2077 1335 omnes
2099 1305 2235 1335 iniurias
2260 1303 2384 1344 patien-

1418 1354 1468 1378 ter
1500 1348 1584 1378 ferre
1619 1347 1790 1384 discamus,
1825 1358 1929 1388 neque
1961 1352 2134 1388 propterea
2167 1356 2310 1386 unquam
2345 1345 2384 1376 ab

1418 1390 1522 1421 officio
1551 1396 1662 1421 nostro
1692 1390 1891 1428 resiliamus,
1921 1391 1981 1421 etsi
2012 1390 2237 1421 confusionum
2261 1395 2293 1420 et
2315 1398 2386 1420 eor-

1419 1434 1605 1473 ruptionum
1625 1433 1769 1464 omnium
1790 1443 1871 1472 quae
1894 1434 1925 1464 in
1949 1433 2070 1464 mundo
2095 1437 2231 1473 regnant
2254 1440 2386 1463 causam

1419 1477 1451 1506 in
1484 1486 1542 1507 nos
1571 1481 1603 1507 et
1633 1476 1667 1507 in
1698 1476 1876 1507 doctrinam
1901 1486 1996 1516 quam
2021 1476 2220 1516 profitemur,
2248 1473 2384 1514 improbi

1419 1518 1575 1550 reiiciant.

1507 1561 1661 1602 Sequitur
1678 1560 1828 1602 deinceps
1842 1561 1875 1592 in
1895 1566 2058 1600 contextu,
2077 1570 2213 1593 reversos
2231 1571 2251 1592 a
2265 1558 2389 1591 Davide

1419 1605 1532 1637 missos
1558 1614 1671 1645 pueros
1699 1605 1803 1636 omnia
1829 1603 1920 1636 verba
1947 1615 2026 1644 quae
2047 1604 2172 1635 dixerat
2195 1603 2302 1635 Nabal
2324 1601 2389 1642 ipso?

1419 1648 1570 1679 retulisse.
1609 1647 1696 1678 Tunc
1715 1658 1784 1679 vero
1807 1647 1962 1679 Davidem
1983 1647 2118 1679 edixisse
2139 1647 2208 1678 sais
2229 1645 2391 1678 mitibus

1394 1693 1453 1721 ,ut
1490 1690 1596 1731 yladio
1635 1691 1764 1730 quisque
1802 1700 1859 1721 suo
1900 1691 2125 1730 accinyeretur,
2166 1692 2201 1720 ut
2239 1689 2391 1721 adversus

1424 1734 1579 1765 Nabalem
1607 1733 1876 1774 proyrederentur.
1933 1733 2082 1765 Profecto
2117 1732 2245 1765 videtur
2278 1731 2388 1763 David

1422 1777 1482 1808 hac
1513 1777 1546 1807 in
1580 1784 1669 1817 parte
1700 1776 1749 1807 sui
1780 1776 1908 1816 oblitus,
1940 1776 2032 1807 cuius
2067 1774 2292 1806 admirandam
2321 1775 2388 1806 vir-

1421 1826 1523 1850 tutem
1548 1819 1698 1859 superius
1721 1818 1913 1857 audivimus,
1937 1819 1990 1859 qui
2015 1819 2118 1850 noluit
2141 1818 2233 1850 Sauli
2257 1827 2390 1848 manum

1422 1863 1568 1894 iniicere:
1598 1862 1672 1893 licet
1701 1861 1866 1893 videretur
1888 1872 1907 1892 a
1930 1861 2071 1892 Domino
2094 1862 2126 1892 iu
2151 1871 2268 1892 manus
2289 1860 2391 1901 ipsius

1422 1905 1571 1946 traditus,
1595 1910 1627 1936 et
1646 1904 1739 1936 facile
1756 1909 1864 1944 posset
1883 1904 1975 1935 illum
1998 1904 2193 1936 interficere.
2227 1903 2290 1935 Hic
2313 1912 2392 1935 vero

1423 1948 1518 1989 longe
1548 1949 1585 1980 fit
1614 1948 1665 1979 sui
1696 1947 1869 1979 dissimilis.
1914 1947 1983 1978 Cur
2013 1948 2098 1978 enim
2125 1946 2165 1978 ad
2196 1956 2287 1977 arma
2316 1955 2391 1978 con-

1424 1991 1546 2022 currit?
1581 2002 1640 2023 cur
1669 1996 1757 2021 tanto
1788 1989 1895 2021 furore
1924 1990 2065 2030 percitus
2095 1989 2229 2021 Nabalis
2259 1988 2391 2020 domum

1424 2039 1570 2064 evertere
1593 2033 1774 2071 meditatur,
1799 2032 1883 2073 quod
1907 2032 2042 2073 ipsemet.
2065 2032 2172 2064 David
2196 2032 2281 2063 infra
2303 2031 2391 2069 dicit,

1425 2087 1458 2107 se
1490 2076 1572 2107 nihil
1603 2076 1791 2108 relicturum
1827 2075 1865 2107 de
1895 2076 2044 2107 omnibus
2067 2086 2150 2115 quae
2173 2075 2212 2106 ad
2236 2073 2391 2106 Nabalem

1425 2120 1640 2159 pertinebant,
1670 2129 1771 2159 usque
1794 2119 1993 2158 mingentem
2017 2118 2056 2149 ad
2080 2116 2258 2159 parietem?
2303 2116 2392 2148 Sane

1426 2163 1487 2193 ista
1510 2162 1572 2193 duo
1596 2164 1681 2193 inter
1704 2172 1738 2193 se
1760 2161 1856 2193 valde
1880 2166 2073 2201 repugnant,
2097 2168 2128 2191 et
2151 2160 2279 2191 laudem
2302 2169 2393 2200 mag-

1427 2216 1499 2235 nam
1524 2210 1715 2246 assequutus
1739 2211 1786 2236 est
1807 2204 1912 2236 David
1927 2203 2017 2235 Sauli
2037 2213 2182 2244 parcens,
2207 2203 2393 2242 vituperan-

1427 2248 1486 2278 dus
1510 2258 1587 2279 vero
1611 2258 1807 2289 magnopere
1831 2247 1958 2278 videtur
1980 2246 2137 2277 adversus
2156 2245 2312 2276 Nabalem
2337 2254 2393 2276 ex·

1427 2290 1631 2326 candescens,
1655 2296 1687 2322 et
1706 2290 1908 2331 passionibus
1927 2289 1996 2320 istis
2015 2287 2264 2320 vehementibus
2287 2288 2395 2319 locum

1428 2333 1517 2364 dans.
1553 2334 1619 2365 Sed
1642 2332 1878 2365 observandum
1902 2337 2139 2364 sacrosanctam
2164 2331 2261 2362 fuisse
2274 2329 2396 2361 Davidi

1430 2376 1536 2407 Saulis
1560 2386 1741 2416 personam,
1764 2375 1848 2416 quod
1873 2386 1969 2415 quum
1994 2375 2105 2406 fuisset
2119 2373 2249 2405 Domini
2270 2377 2397 2411 unctus,

1430 2419 1549 2450 Davidi
1575 2430 1637 2450 non
1662 2419 1788 2451 licuerit
1811 2418 1872 2458 ipsi
1897 2428 2013 2449 manus
2037 2418 2166 2455 inferre,
2190 2416 2244 2456 qui
2267 2419 2395 2456 poterat

1430 2468 1537 2492 tamen
1561 2473 1594 2493 se
1618 2462 1772 2494 adversus
1795 2461 1895 2501 ipsius
1918 2461 2036 2492 milites
2059 2459 2158 2491 armis
2181 2458 2263 2490 tueri
2286 2462 2319 2490 et
2342 2457 2399 2489 de-

1431 2504 1571 2535 fendere.
1624 2505 1707 2536 Nam
1743 2504 1803 2535 etsi
1838 2503 2024 2545 designatus
2055 2513 2112 2534 rex
2142 2507 2213 2533 erat
2243 2501 2397 2532 unctione

1432 2557 1489 2587 per
1514 2547 1698 2579 Samuelem
1726 2547 1772 2578 illi
1796 2546 1920 2584 collata,
1945 2545 2090 2577 nondum
2115 2550 2224 2576 tamen
2247 2544 2281 2575 in
2305 2543 2398 2583 regni

1433 2590 1665 2629 possessionem
1698 2591 1817 2621 missus
1847 2596 1930 2627 erat,
1962 2598 1998 2620 ac
2029 2587 2164 2629 proinde
2194 2597 2259 2618 non
2282 2585 2398 2618 licebat

1432 2633 1493 2672 ipsi
1525 2632 1698 2672 quidquam
1730 2633 1892 2672 suscipere
1914 2631 1952 2662 ad
1975 2641 2124 2663 coronam
2148 2628 2398 2670 adipiscendam,

1433 2674 1517 2715 quod
1542 2675 1609 2714 ipse
1633 2676 1738 2707 David
1763 2676 1860 2716 probe
1883 2679 1985 2706 norat.
2022 2674 2161 2713 Ideoque
2184 2672 2260 2704 licet
2281 2675 2398 2703 unctus
