2551 3044
389 231 455 264 583

393 334 485 359 tanta
509 327 660 367 superbia
683 332 713 357 et
739 328 932 366 arrogantia
951 326 1107 358 adversus
1126 327 1231 368 ipsum
1257 328 1366 358 ferun-

393 378 457 407 tur,
482 377 512 400 et
536 379 635 410 supra
658 369 762 399 nubes
796 379 867 400 sese
897 369 1078 408 efferentes,
1112 376 1145 401 et
1178 371 1210 400 in
1242 370 1367 401 coelum

393 418 608 453 conspuentes
652 418 809 451 perpetuo
846 411 1002 443 dedecore
1037 418 1068 443 et
1105 413 1284 454 ignominia
1320 414 1368 444 in-

394 456 513 486 volvat.

481 498 579 539 Agite
617 497 718 538 igitur
751 497 912 529 Davidem
949 498 995 530 sic
1025 499 1208 538 imitemur,
1239 503 1273 528 ut
1303 497 1366 529 Dei

394 551 512 573 nomen
542 549 600 580 pro
630 547 721 570 scuto
752 540 940 571 firmissimo
964 541 1163 572 retineamus
1187 549 1216 572 et
1240 551 1277 572 eo
1299 542 1367 572 solo

394 585 467 615 freti
500 585 700 615 invocemus.
732 583 1007 622 quemadmodum
1031 584 1095 615 alio
1119 585 1186 615 loco
1209 584 1367 624 propheta

393 627 496 658 canit:
523 626 645 657 Hostes
666 626 767 656 nostri
787 626 933 657 fidebant
947 627 1015 658 suis
1038 627 1196 658 curribus.
1221 628 1312 666 equis
1335 632 1368 658 et

395 670 524 705 lanceis,
556 669 611 700 sed
637 678 695 699 nos
720 668 781 699 Dei
806 678 924 700 nomen
949 670 1181 702 invocabimus.
1228 669 1367 700 Verum-

393 713 561 744 enimvero
576 711 751 742 Paulinum
766 711 844 742 illud
865 713 962 743 etiam
982 719 1187 753 praeceptum
1213 713 1368 743 memoria

394 764 549 787 revocare
573 764 634 785 nos
656 760 805 794 oportet:
830 754 1026 795 Quicunque
1050 756 1110 787 Dei
1136 765 1252 786 nomen
1277 755 1367 786 invo-

393 798 526 833 caverit,
551 797 680 828 recedat
699 798 738 828 ab
757 797 938 837 iniquitate.
969 798 1187 837 Quamobrem
1212 798 1367 838 improbis

393 841 581 872 hominibus
612 840 645 870 in
679 845 824 871 nostram
854 842 1030 881 perniciem
1061 842 1248 880 coniuratis,
1281 842 1368 872 huno

393 885 544 924 clypeum
569 893 780 923 opponamuS,
811 884 973 915 sincerum
999 884 1061 914 Dei
1085 884 1219 923 cultum,
1243 891 1274 915 et
1297 884 1367 915 obe-

394 927 548 957 dientiam
585 926 803 956 voluntariam
839 936 934 967 quam
967 926 1065 958 verbo
1096 937 1152 958 suo
1182 927 1320 967 requirit
1349 937 1368 958 a

394 971 502 1000 nobis:
535 979 598 1008 quo
629 969 741 1009 clypeo
770 969 845 1000 freti
877 980 989 1001 ornnes
1021 970 1164 1000 omnium
1197 970 1366 1001 hominum

394 1014 493 1047 vires,
526 1022 629 1042 vanas
652 1012 905 1052 speculationes,
938 1012 1080 1050 consilia,
1111 1011 1367 1044 machinationes

393 1055 546 1086 audacter
576 1054 804 1094 despiciamus,
833 1056 980 1095 persuasi
1004 1056 1111 1087 Deum
1142 1065 1254 1086 omnes
1281 1066 1366 1087 arro-

391 1104 507 1139 gantes
527 1102 559 1128 et
583 1098 723 1128 nominis
747 1098 796 1128 sui
822 1104 1062 1139 contemptores
1086 1104 1250 1129 momento
1273 1108 1366 1139 posse

393 1140 579 1171 deturbare:
612 1146 645 1171 et
667 1141 820 1180 quoniam
844 1141 905 1172 Dei
930 1151 1048 1172 nomen
1072 1152 1170 1181 super
1192 1151 1250 1172 nos
1274 1142 1367 1172 invo-

392 1190 500 1214 catum
531 1184 661 1223 scimus,
693 1193 830 1223 eamque
861 1185 900 1215 ab
923 1185 993 1224 ipso
1018 1184 1156 1225 gratiam
1179 1185 1366 1224 consequuti

393 1236 506 1257 sumus
530 1232 566 1257 ut
589 1226 690 1257 verbo
713 1227 817 1267 ipsius
842 1227 1038 1264 erudiamur,
1063 1238 1126 1267 quo
1150 1227 1242 1268 signo
1265 1228 1367 1258 simus

392 1269 431 1300 de
463 1270 565 1309 ipsius
596 1270 782 1308 praesentia
805 1271 967 1308 certiores,
996 1275 1027 1301 et
1050 1271 1089 1301 de
1111 1270 1212 1310 ipsius
1236 1280 1311 1301 cura
1335 1276 1367 1301 et

393 1311 613 1343 sollieitudine
637 1322 700 1351 qua
715 1322 772 1343 nos
792 1314 934 1353 protegit
957 1318 989 1344 et
1012 1319 1121 1354 partes
1144 1319 1273 1344 nostras
1297 1318 1366 1344 tue-

392 1362 456 1392 tur,
489 1354 568 1385 haec
598 1361 666 1385 esto
698 1361 809 1386 nostra
840 1356 968 1394 fiducia,
993 1356 1053 1387 hoc
1076 1355 1365 1397 propugnaculum,

392 1408 456 1438 quo
469 1398 581 1428 invicti
596 1398 717 1428 erimus
741 1405 772 1428 et
795 1398 829 1428 in
852 1399 968 1430 mediis
992 1399 1224 1430 tentationibus
1246 1399 1366 1439 imper·

392 1440 498 1472 territi
517 1441 623 1480 ipsum
641 1440 814 1477 diabolum,
839 1441 1010 1478 mundum,
1033 1447 1201 1482 peccatum
1221 1447 1252 1473 et
1274 1441 1366 1482 quid-

391 1483 468 1524 quid
494 1484 586 1514 nobis
610 1484 809 1514 eontrarium
834 1492 883 1515 est
907 1485 1129 1525 despiciemus,
1154 1490 1187 1516 et
1211 1490 1365 1525 tanquam

392 1527 487 1558 victis
517 1525 762 1574 insultabimus,
800 1526 937 1567 Deoque
967 1528 1126 1559 sacrificia
1155 1527 1259 1559 laudis
1286 1527 1365 1558 offe-

390 1579 511 1605 remus,
536 1579 594 1600 nos
607 1568 764 1609 adipsius
784 1569 986 1602 voluntatem
1010 1575 1043 1601 et
1065 1571 1253 1618 obsequium
1277 1580 1365 1602 com-

391 1618 568 1661 ponentes:
599 1617 631 1642 et
664 1612 826 1652 patienter
849 1615 1032 1653 quicunque
1055 1622 1147 1644 casus
1171 1613 1365 1653 ingruerint,

390 1656 515 1686 exitum
529 1661 768 1694 exspectantes.
792 1655 876 1686 Nam
888 1656 1045 1687 memoria
1054 1656 1264 1695 repetendum
1274 1656 1366 1695 illud,

394 1698 428 1728 in
449 1707 506 1738 spe
528 1703 561 1728 et
579 1697 710 1728 silentio
734 1698 944 1738 possidendas
967 1699 1092 1730 animas
1116 1704 1253 1730 nostras.
1287 1699 1365 1730 Istis

391 1742 492 1781 igitur
531 1740 632 1771 armis
669 1741 791 1771 erimus
822 1742 993 1777 tutissimi,
1030 1748 1061 1772 et
1091 1741 1191 1772 nullis
1220 1752 1365 1781 unquam

393 1784 537 1814 hostium
567 1783 738 1814 conatibus
762 1794 780 1814 a
799 1785 963 1824 proposito
987 1784 1145 1815 dimoveri
1170 1785 1364 1824 poterimus:

390 1833 422 1857 et
436 1826 526 1856 Deus
547 1825 713 1856 brachium
731 1836 826 1857 suum
847 1833 975 1858 exseret
993 1827 1033 1858 ad
1055 1837 1114 1858 nos
1138 1827 1365 1868 protegendos,
1390 1851 1392 1855 ,

391 1869 418 1900 si
448 1869 480 1899 in
512 1868 615 1908 ipsius
645 1869 798 1908 obsequio
827 1877 1071 1910 permanentes,
1105 1870 1188 1901 nihil
1223 1880 1242 1901 a
1271 1871 1364 1902 nobis

393 1911 473 1952 ipsis
503 1912 573 1942 ausi
594 1911 762 1948 fuerimus,
794 1919 1043 1952 nostrarumque
1066 1923 1198 1953 precum
1223 1913 1363 1944 fructum

391 1954 616 1994 percipiemus,
649 1955 743 1985 modo
774 1955 807 1985 in
831 1965 888 1995 spe
911 1962 943 1986 et
966 1955 1096 1986 silentio
1121 1954 1183 1986 Dei
1206 1956 1361 1987 auxilinm

391 1996 637 2037 praestolemur,
662 2002 695 2027 et
718 2007 932 2038 quaecunque
956 2004 1165 2038 tempestates
1188 1998 1266 2030 hinc
1288 1999 1362 2030 inde

392 2041 592 2077 exoriantur,
627 2049 796 2080 nunquam
827 2041 970 2071 animum
1001 2040 1278 2081 despondeamus:
1307 2041 1362 2073 sed

392 2084 427 2114 in
456 2084 646 2113 memoriam
679 2082 873 2115 reducentes
901 2093 996 2123 quam
1027 2084 1227 2115 admirandis
1257 2085 1362 2116 modis

391 2135 486 2165 saepe
516 2135 573 2156 nos
604 2131 728 2156 tutatus
752 2133 809 2163 est,
841 2136 913 2157 eum
938 2127 971 2157 in
996 2128 1158 2166 praesenti
1182 2137 1240 2157 nos
1263 2127 1360 2158 etiam

391 2168 527 2200 minime
540 2168 735 2198 reiecturum
749 2179 931 2209 speremus:
956 2170 1011 2200 sed
1031 2169 1269 2200 misericordias
1288 2180 1362 2202 suas

392 2218 424 2242 et
436 2211 521 2241 vires
533 2221 646 2241 omnes
665 2211 912 2250 explicaturum,
936 2219 971 2243 ut
990 2213 1261 2252 quemadmodum
1286 2213 1362 2244 olim

392 2254 561 2286 ecclesiam
593 2263 702 2289 suam,
732 2256 777 2285 sic
805 2263 836 2285 et
867 2265 926 2286 nos
957 2265 996 2286 ex
1028 2255 1179 2286 omnibus
1209 2255 1362 2295 periculis

392 2299 524 2328 eximat.
549 2296 661 2334 Quare
681 2297 777 2337 agite,
800 2298 871 2328 Deo
895 2297 1019 2338 placide
1043 2308 1101 2329 nos
1124 2298 1360 2331 submittamus.

392 2348 423 2371 et
455 2340 530 2379 iugo
560 2340 663 2379 ipsius
687 2339 770 2370 colla
792 2341 1010 2376 subiiciamus,
1040 2346 1073 2371 et
1095 2341 1244 2372 omnibus
1268 2342 1360 2373 vanis

391 2382 640 2423 cogitationibus
672 2389 703 2412 et
735 2383 887 2414 humanis
910 2383 1053 2415 inventis
1075 2384 1214 2422 reiectis,
1245 2383 1360 2423 quibus

391 2436 451 2457 nos
472 2434 564 2464 posse
588 2425 729 2456 hostium
754 2427 819 2456 vim
845 2426 1035 2466 propulsare
1059 2426 1253 2463 videremur,
1277 2427 1359 2458 nihil

390 2468 484 2500 nobis
515 2468 700 2498 defuturum
730 2468 872 2499 sciamus
902 2479 1002 2509 quum
1031 2479 1049 2500 a
1071 2469 1190 2500 nostris
1214 2469 1360 2509 partibus

391 2510 482 2542 Deus
501 2512 637 2546 steterit,
661 2521 801 2550 eumque
825 2519 1024 2543 servatorem
1050 2519 1194 2543 nostrum
1218 2522 1358 2552 agnove-

391 2555 504 2584 rimus.
539 2552 702 2585 Omnibus
725 2555 835 2593 itaque
858 2553 982 2585 viribus
1005 2557 1095 2594 sequi
1121 2561 1286 2586 vocantem
1311 2556 1358 2586 ni-

390 2602 515 2634 tamur,
555 2604 587 2627 et
620 2596 810 2627 ardentibus
845 2596 993 2636 precibus
1027 2597 1176 2637 spiritum
1211 2604 1357 2628 sanctum

390 2640 493 2678 ipsius
524 2639 593 2669 dari
625 2639 718 2670 nobis
750 2640 954 2679 postulemus
984 2649 1047 2679 quo
1079 2641 1160 2671 duce
1186 2650 1244 2680 per
1268 2642 1358 2672 varia

388 2691 498 2713 rorum
518 2682 704 2713 discrimina
724 2682 856 2713 tandem
876 2682 916 2713 ad
929 2682 1036 2713 Deum
1061 2684 1299 2723 perveniamus,
1322 2684 1357 2714 in

1218 232 1424 265 HOMILIA
1452 231 1532 264 XCI
1540 232 1577 262 V.

2329 234 2393 266 584

1423 327 1483 359 hoc
1498 327 1599 366 ipsius
1614 326 1766 357 beneficio
1785 327 2061 367 conquiescentes,
2085 327 2167 368 quod
2187 329 2218 359 in
2239 329 2390 368 populum

1422 381 1516 402 suum
1538 380 1595 400 uos
1619 369 1760 405 admisit,
1785 376 1818 400 et
1842 376 1996 410 tanquam
2021 370 2104 401 filios
2127 381 2236 402 amore
2259 377 2392 411 paterno

1422 413 1660 453 complectitur.

1508 455 1577 486 Iam
1602 463 1681 485 vero
1704 455 1799 494 agite,
1821 458 1871 486 etc.

1701 629 1841 668 HOMl
1853 628 1901 667 LI
1911 632 1939 667 A
1970 628 2113 668 XCIV.

1509 713 1537 744 7.
1572 713 1725 744 Venerunt
1753 723 1824 753 erqo
1847 712 1956 744 David
1984 715 2010 743 et
2031 713 2147 745 Abisai
2177 714 2219 745 ad
2235 714 2390 753 populum

1420 759 1513 793 nocte,
1546 758 1572 787 et
1601 758 1782 787 invenerunt
1803 755 1883 787 Saul
1909 757 2055 787 iacentem
2085 759 2110 787 et
2133 756 2333 788 dormientem
2354 757 2391 788 in

1420 799 1557 837 tentorio,
1592 802 1620 830 et
1651 799 1773 830 hastam
1804 799 1904 837 fixam
1936 800 1970 830 in
2003 802 2088 830 terra
2122 800 2163 831 ad
2191 803 2283 839 caput
2311 800 2390 838 eius,

1421 841 1528 873 Abner
1551 844 1652 872 autem
1674 845 1700 872 et
1718 842 1870 881 populum
1892 842 2080 873 dormientes
2100 843 2135 873 in
2157 843 2291 874 circuitu
2313 844 2390 874 eius.

1421 885 1450 916 8.
1475 884 1630 923 Dixitque
1647 884 1762 916 Abisai
1786 885 1828 916 ad
1846 884 1971 916 David.-
1997 884 2152 917 Conclusa
2172 885 2262 917 Deus
2283 885 2391 916 inimi-

1420 937 1487 958 cum
1508 930 1595 958 tuum
1613 927 1701 958 hodie
1723 928 1756 957 in
1778 938 1894 958 manus
1916 931 2004 959 tuas:
2025 938 2105 959 nunc
2126 938 2195 968 erqo
2211 928 2391 968 perfodiam

1419 980 1487 1001 eum
1517 970 1622 1001 lancea
1654 971 1686 1000 in
1708 972 1793 1001 terra
1813 970 1912 1006 semel,
1937 974 1965 1001 et
1986 971 2118 1002 secundo
2140 981 2218 1010 opus
2239 981 2301 1003 non
2321 971 2390 1002 erit.

1420 1013 1448 1045 9.
1472 1012 1516 1045 Et
1544 1013 1627 1043 dixit
1655 1012 1766 1044 David
1795 1014 1838 1044 ad
1867 1013 1997 1044 Abisai:
2028 1014 2077 1045 Ne
2109 1014 2278 1052 interficias
2306 1024 2391 1045 eum:

1419 1056 1490 1096 quis
1513 1056 1595 1086 enim
1617 1056 1753 1087 extendet
1773 1066 1901 1087 manum
1919 1066 2009 1087 suam
2028 1058 2062 1087 in
2076 1056 2236 1087 Christum
2249 1056 2392 1095 Domini,

1419 1102 1446 1129 et
1464 1100 1608 1129 innocens
1630 1098 1713 1129 erit?
1739 1098 1787 1130 10.
1812 1098 1856 1130 Et
1876 1100 1959 1130 dixit
1970 1099 2096 1131 David:
2128 1099 2212 1130 Vivit
2222 1099 2392 1140 Dominus,

1419 1142 1496 1181 quia
1518 1141 1583 1172 nisi
1594 1141 1752 1172 Dominus
1770 1143 1960 1181 percusserit
1983 1152 2060 1175 eum.
2081 1145 2135 1173 aut
2157 1142 2224 1173 dies
2247 1143 2317 1174 eius
2338 1153 2391 1172 ve-

1419 1185 1499 1215 uerit
1511 1187 1544 1215 ut
1555 1185 1718 1221 moriatur,
1741 1187 1796 1215 aut
1814 1185 1849 1215 in
1866 1185 2027 1224 praelium
2049 1185 2232 1217 descendens
2249 1185 2390 1225 perierit,

1421 1228 1470 1258 11.
1483 1226 1649 1266 Propitius
1670 1227 1711 1257 sit
1733 1227 1811 1258 mihi
1832 1227 1998 1265 Dominus,
2018 1238 2055 1258 ne
2077 1228 2237 1259 extendam
2259 1237 2390 1259 manum

1418 1280 1518 1301 meam
1540 1271 1573 1300 in
1597 1270 1755 1301 Christum
1774 1269 1922 1301 Domini:
1943 1280 2023 1302 nunc
2044 1271 2145 1311 iqitur
2166 1271 2234 1302 tolle
2255 1270 2389 1309 hastam,

1419 1316 1553 1352 quaeest
1571 1313 1612 1344 ad
1631 1316 1722 1352 caput
1740 1313 1816 1349 eius,
1840 1316 1867 1343 et
1889 1314 2036 1353 scyphum
2058 1324 2159 1353 aquae
2181 1316 2208 1344 et
2230 1313 2389 1345 abeamus.

1422 1356 1471 1387 12.
1488 1356 1574 1386 Tulit
1596 1356 1694 1396 iqitur
1705 1354 1815 1387 David
1837 1355 1968 1390 hastam,
1991 1359 2018 1387 et
2039 1356 2189 1397 scyphum
2211 1366 2313 1396 aquae
2334 1356 2389 1396 qui

1419 1401 1485 1430 erat
1497 1399 1539 1430 ad
1551 1401 1645 1438 caput
1665 1397 1753 1437 Saul,
1776 1401 1803 1429 et
1825 1397 1984 1430 abierunt:
2006 1402 2033 1430 et
2053 1409 2113 1430 non
2135 1401 2202 1430 erat
2222 1399 2388 1438 quisquam

1419 1442 1474 1481 qui
1503 1442 1634 1479 videret,
1663 1444 1690 1472 et
1717 1441 1915 1482 intelliqeret,
1945 1445 1972 1473 et
1997 1442 2172 1482 eviqilaret:
2201 1442 2255 1473 sed
2285 1451 2390 1474 omnes

1419 1484 1615 1516 dormiebant.
1639 1484 1715 1524 quia
1737 1494 1830 1523 sopor
1852 1485 1991 1515 irruerat
2008 1495 2103 1525 super
2121 1495 2179 1516 eos.
2205 1484 2253 1516 13.
2274 1485 2389 1524 Quum-

1419 1538 1476 1567 que
1499 1528 1662 1558 transisset
1681 1526 1790 1558 David
1807 1537 1844 1558 ea:
1861 1528 1997 1568 adverso,
2022 1530 2048 1558 et
2069 1527 2202 1559 stetisset
2223 1528 2257 1558 in
2279 1528 2389 1559 vertice

1419 1571 1530 1601 montis
1548 1571 1586 1601 de
1605 1570 1700 1610 lonqe.
1724 1573 1750 1601 et
1768 1573 1844 1601 esset
1864 1571 1984 1610 qrande
2005 1570 2205 1602 intervallum
2228 1571 2308 1601 inter
2329 1580 2387 1608 eos,

1422 1614 1468 1644 14.
1495 1612 1650 1644 Clamavit
1671 1613 1781 1644 David
1803 1614 1845 1644 ad
1862 1613 2022 1653 populum,
2046 1617 2073 1645 et
2095 1614 2137 1644 ad
2159 1613 2266 1644 Abner
2284 1613 2388 1652 filium

1420 1656 1497 1696 Ner,
1521 1656 1640 1687 dicens.-
1664 1656 1775 1687 Nonne
1792 1656 1990 1695 respondebis
1999 1656 2134 1687 Abner?
2157 1660 2184 1687 et
2201 1656 2389 1695 respondens

1420 1699 1530 1730 Abner
1543 1700 1602 1730 ait:
1629 1700 1707 1738 Quis
1723 1709 1754 1730 es
1770 1701 1802 1730 tu
1824 1700 1878 1738 qui
1900 1699 2018 1731 clamas
2038 1702 2067 1730 et
2087 1700 2242 1738 inquietas
2263 1697 2385 1740 reqem?

1420 1743 1469 1773 15.
1500 1741 1544 1772 Et
1580 1742 1625 1773 ait
1656 1742 1765 1774 David
1804 1743 1847 1774 ad
1880 1742 2003 1773 Abner:
2042 1742 2206 1781 Numquid
2244 1751 2304 1772 non
2335 1741 2388 1772 vir

1418 1788 1450 1815 tu
1478 1784 1535 1815 es?
1569 1788 1595 1815 et
1626 1786 1697 1824 quis
1727 1784 1812 1816 alius
1832 1785 1948 1816 similis
1973 1785 2020 1816 tui
2047 1787 2080 1816 in
2105 1784 2234 1816 Israel?
2283 1784 2389 1824 Quare

1418 1837 1487 1868 erqo
1529 1837 1591 1858 non
1631 1828 1791 1859 custodisti
1832 1828 1992 1859 dominum
2031 1831 2118 1859 tuum
2152 1827 2278 1868 reqem?
2329 1826 2386 1858 In·

1415 1880 1542 1911 qressus
1592 1873 1634 1901 est
1678 1871 1759 1901 enim
1801 1881 1884 1902 unus
1927 1871 1965 1902 de
2002 1871 2093 1902 turba
2132 1872 2166 1901 ut
2205 1869 2389 1909 interficeret

1416 1923 1517 1953 reqem
1539 1914 1699 1944 dominum
1722 1916 1817 1944 tuum.
1868 1914 1912 1945 16.
1938 1913 2009 1945 Non
2032 1916 2075 1945 est
2096 1913 2208 1944 bonum
2229 1912 2284 1944 hoc
2304 1913 2386 1953 quod

1414 1957 1532 1995 fecisti:
1571 1957 1647 1987 vivit
1681 1956 1839 1988 Dominus
1877 1958 2024 1996 quoniam
2062 1956 2124 1996 filii
2161 1956 2272 1987 mortis
2311 1956 2388 1986 estis

1415 2009 1479 2037 vos,
1510 2000 1563 2038 qui
1592 2010 1652 2030 non
1682 2000 1859 2031 custodistis
1887 2000 2046 2031 dominum
2069 2002 2202 2031 vestrum
2227 1996 2386 2030 Christum

1415 2041 1562 2073 Domini:
1592 2052 1674 2073 nunc
1699 2053 1770 2083 erqo
1799 2043 1868 2074 vide
1897 2042 1948 2073 ubi
1976 2043 2018 2073 sit
2045 2042 2137 2074 hasta
2159 2041 2252 2081 reqis,
2283 2043 2311 2072 et
2330 2039 2386 2072 ubi

1414 2085 1456 2115 sit
1478 2084 1610 2124 scyphus
1627 2095 1727 2124 aquae
1749 2086 1803 2125 qui
1826 2088 1893 2116 erat
1915 2086 1957 2116 ad
1978 2088 2073 2124 caput
2093 2085 2170 2116 eius.
2199 2084 2247 2115 17.
2269 2083 2384 2124 009ηο-

1414 2128 1456 2158 vit
1486 2131 1587 2158 amem
1613 2128 1691 2159 Saul
1720 2138 1818 2160 vocem
1841 2128 1960 2167 David,
1988 2131 2015 2159 et
2037 2128 2099 2159 ait.-
2123 2127 2288 2166 Numquid
2310 2126 2384 2158 haec

1414 2180 1472 2200 vore
1495 2173 1557 2208 tua,
1579 2171 1627 2209 fili
1650 2172 1695 2201 mi
1707 2170 1839 2202 David?
1864 2170 1907 2202 Et
1929 2172 1974 2201 ait
1985 2170 2106 2202 David:
2139 2169 2205 2200 Vosc
2226 2179 2304 2209 mea,
2327 2169 2381 2200 do-

1413 2213 1495 2243 mine
1517 2214 1560 2243 mi
1583 2224 1645 2244 rer.
1679 2214 1728 2245 18.
1753 2213 1796 2245 Et
1817 2214 1877 2244 ait:
1907 2213 2008 2253 Quam
2030 2213 2065 2244 ob
2086 2222 2214 2245 causam
2236 2212 2383 2244 dominus

1413 2265 1498 2286 meus
1516 2257 1714 2295 persequitur
1735 2266 1857 2288 servum
1879 2256 2000 2287 suum?
2024 2256 2101 2296 quid
2116 2254 2212 2296 fecit?
2234 2257 2289 2286 aut
2301 2254 2382 2295 quod

1413 2301 1456 2329 est
1477 2299 1594 2329 malum
1617 2301 1651 2330 in
1674 2310 1770 2331 manu
1787 2300 1880 2330 mea?

1500 2384 1736 2424 Explicandam
1751 2384 1959 2425 aggredimur
1982 2385 2116 2416 alteram
2140 2384 2228 2415 illam
2253 2386 2379 2423 partem

1412 2437 1507 2467 quam
1541 2427 1609 2457 heri
1640 2428 1818 2468 attigimus,
1847 2438 1963 2468 nempe
1992 2426 2150 2467 quomodo
2174 2426 2281 2470 David
2310 2436 2380 2457 sese

1412 2471 1548 2510 gesserit
1583 2481 1682 2509 quum
1718 2471 1943 2511 opportunitas
1977 2471 2025 2501 illi
2056 2469 2210 2501 caedendi
2245 2469 2378 2500 Saulem

1411 2513 1519 2543 oblata
1542 2520 1600 2544 est.
1644 2514 1813 2544 Abstinuit
1836 2513 1889 2544 ille
1912 2524 2029 2544 manus
2052 2513 2195 2553 polluere
2218 2512 2380 2552 sanguine

1411 2555 1520 2587 Saulis
1550 2556 1661 2586 horam
1691 2557 1852 2596 patienter
1873 2563 2064 2596 exspectans
2088 2567 2105 2586 a
2129 2555 2199 2586 Deo
2221 2558 2378 2586 constitu-

1412 2603 1495 2628 tam:
1528 2599 1662 2638 ideoquo
1686 2610 1790 2638 neque
1813 2599 1853 2630 ad
1879 2599 2038 2638 dextram,
2062 2608 2167 2638 neque
2191 2597 2230 2629 ad
2252 2597 2378 2628 laevam

1412 2640 1558 2671 deflexit:
1590 2641 1644 2671 sed
1677 2642 1709 2672 in
1734 2642 1804 2673 Deo
1834 2652 1923 2681 spem
1948 2647 2049 2672 totam
2073 2641 2229 2680 reposuit:
2255 2641 2378 2671 interea

1413 2690 1521 2714 tamen
1553 2683 1711 2715 adversus
1737 2684 1846 2716 Saulis
1877 2685 1943 2715 vim
1975 2694 2044 2716 sese
2066 2683 2181 2724 quibus
2202 2683 2307 2724 potuit
2329 2692 2377 2713 ra-
