2551 3044
158 216 219 247 305

160 310 247 343 illius
285 320 395 340 curam
435 309 586 340 abiecisse
627 305 796 342 videretur,
838 316 871 335 re
906 305 973 344 ipsa
1008 309 1113 334 tamen

160 352 300 386 ostendit
331 351 387 383 sibi
419 362 487 382 esse
518 360 611 382 curae
643 349 743 388 ipsius
776 349 872 378 vitam
904 354 935 378 et
970 346 1115 382 salutem,
1142 365 1143 381 ,

161 406 257 438 quum
290 395 322 425 in
353 394 498 425 omnibus
531 394 599 424 istis
629 390 778 430 periculis
809 401 881 421 eum
913 396 957 420 cst
984 393 1116 424 tutatus,

162 439 354 477 tandemque
377 436 500 467 salvum
525 440 555 466 et
580 433 770 465 incolumem
797 432 943 463 reddidit.
967 431 1036 461 Iam
1061 431 1117 461 ita-

162 492 223 523 que
246 480 353 512 Saulis
377 479 512 509 furorem
537 478 730 513 intueamur,
761 475 814 515 qui
838 475 962 506 sublata
986 473 1117 505 simula·
1143 514 1145 518 ,

164 527 250 556 tione
283 522 360 553 furit
394 524 511 560 aperte,
546 526 578 550 et
611 517 696 558 quod
730 524 804 549 ante
839 518 961 549 foverat
992 521 1118 557 pectore

166 565 298 598 Davidis
327 564 431 594 odium
455 562 559 602 palam
592 561 720 601 detegit,
751 566 782 592 et
806 561 906 592 veluti
930 561 1003 591 dato
1027 560 1118 599 signo

163 610 313 642 convocat
345 605 488 636 inimicos
521 605 574 644 qui
603 604 720 635 faciant
752 605 782 634 in
815 605 919 644 ipsum
950 604 1116 643 impetum.

164 652 272 691 Quare
302 648 329 679 si
353 647 442 678 Deus
474 658 528 678 nos
554 648 650 677 variis
674 646 906 677 tentationibus
930 645 1120 683 exercuerit,

165 705 202 726 ne
225 697 331 723 tamen
355 691 497 721 animum
521 689 786 730 despondeamus,
811 700 891 721 neve
911 689 989 720 adeo
1008 690 1120 720 molles
1145 707 1146 716 κ

165 741 194 768 et
225 733 400 766 effeminati
432 733 540 769 simus,
580 736 615 763 ut
645 736 715 771 post
751 743 851 763 unum
891 737 946 763 aut
982 731 1119 763 alterum

164 777 319 820 praelium
355 780 505 815 tanquam
543 775 667 805 emeriti
702 774 819 806 milites
853 774 892 805 ab
925 775 1120 815 imperatore

163 819 364 852 vacationem
388 818 519 857 adipisci
543 818 726 858 cupiamus:
758 817 812 848 sed
836 817 943 857 potius
975 818 1120 849 norimus

165 864 264 895 vitam
292 866 493 902 praesentem
525 870 587 891 non
612 866 736 891 tantum
761 871 832 891 cum
856 860 959 891 stadio
983 861 1119 901 quodam

163 905 300 939 conferri
329 903 411 944 quod
443 903 541 934 semel
572 903 734 943 ingressos
767 907 911 942 oporteat
942 903 1119 942 decurrere,

164 949 217 980 sed
242 957 314 979 cum
337 946 419 977 bello
442 946 601 983 continuo,
625 950 656 977 et
680 946 832 985 quamdiu
855 946 1033 978 vixerimus
1057 959 1120 979 non

164 990 312 1023 finiendo.
338 989 403 1020 Nos
424 989 529 1028 itaque
552 988 659 1028 potius
683 987 819 1019 sublatis
840 989 874 1019 in
898 989 1022 1020 eoelum
1046 1001 1120 1022 ocu-

164 1035 212 1071 lis,
236 1038 267 1064 et
289 1032 370 1063 iacta
392 1031 435 1062 ibi
459 1031 607 1068 anchora,
637 1031 782 1062 laborum
807 1031 904 1063 finem
928 1037 959 1063 et
982 1034 1121 1072 quietem

165 1079 393 1116 exspectemus.
441 1072 526 1105 Sane
550 1073 639 1104 Deus
674 1074 847 1113 aliquando
882 1074 973 1105 nobis
1006 1076 1040 1106 in
1071 1076 1122 1107 his

165 1119 259 1150 terris
282 1116 439 1157 quaedam
462 1117 528 1147 otia
550 1117 641 1147 facit:
667 1116 721 1147 sed
746 1121 870 1147 tantum
904 1122 937 1148 ut
961 1119 1122 1150 renovatis

166 1162 289 1193 viribus
319 1159 488 1190 alacriores
526 1159 564 1190 ad
597 1160 753 1199 praelium
786 1160 974 1192 accedamus
1003 1161 1122 1193 Deum-

165 1215 224 1245 que
248 1212 437 1243 quocunque
460 1203 624 1232 vocaverit
648 1203 736 1242 sequi
761 1203 864 1242 parati
888 1203 997 1234 simus.

250 1247 350 1277 Porro
380 1245 413 1275 in
448 1243 544 1275 Saule
575 1250 708 1285 apparet
738 1255 801 1276 non
837 1256 905 1277 esse
939 1246 1122 1278 hominibus

166 1297 360 1330 magnopere
390 1287 556 1318 fidendum
591 1297 689 1327 quum
723 1288 914 1328 plerumque
949 1294 979 1319 et
1012 1289 1121 1320 incon-

154 1336 286 1363 'stantes
309 1335 341 1361 et
364 1329 475 1369 perfidi
500 1330 711 1369 reperiantur,
742 1331 801 1361 etsi
826 1331 998 1362 amicitiam
1023 1333 1123 1363 simu-

166 1375 240 1412 lent,
277 1377 309 1404 et
335 1383 411 1413 prae
442 1383 475 1403 se
506 1373 620 1403 ferant.
665 1373 748 1404 Nam
780 1373 926 1405 videmus
955 1375 1123 1413 Davidem,

166 1427 259 1458 quem
282 1420 356 1446 ante
376 1414 453 1446 Saul
479 1416 586 1455 magni
610 1416 737 1452 fecerat,
761 1421 791 1446 et
813 1418 896 1447 servi
918 1418 1017 1457 ipsius
1036 1428 1123 1449 ama-

167 1461 245 1491 bant
267 1464 299 1489 et
322 1459 441 1489 honore
465 1457 654 1497 afficiebant,
678 1459 741 1490 iam
765 1460 796 1489 in
821 1459 929 1490 odium
953 1464 985 1491 et
1004 1459 1123 1498 Saulis,

167 1508 198 1534 et
221 1511 388 1533 servorum
411 1500 512 1540 ipsius
536 1501 655 1538 venire,
686 1501 821 1533 consilia
844 1502 882 1533 de
905 1503 1006 1543 ipsius
1029 1502 1124 1534 caede

167 1547 252 1576 inter
280 1554 313 1575 se
342 1543 431 1581 inire,
461 1544 622 1574 neminem
652 1544 691 1575 ad
714 1544 822 1583 ipsum
846 1545 1065 1576 excusandum
1090 1557 1124 1577 os

169 1587 301 1628 aperire.
349 1585 442 1617 Solus
475 1585 677 1617 Ionathanus
701 1586 810 1618 Saulis
840 1587 926 1618 filius
956 1588 1064 1620 miseri
1094 1594 1126 1620 et

168 1629 348 1661 innocentis
380 1638 510 1659 causam
549 1629 644 1660 audet
678 1629 858 1666 defendere,
901 1630 1060 1671 fidemque
1095 1637 1126 1662 et

169 1673 266 1704 animi
289 1670 586 1712 magnanimitatem
606 1672 752 1703 retinere.
778 1672 873 1704 Unde
892 1678 1025 1713 apparet
1043 1674 1125 1713 quod

169 1722 243 1747 ante
265 1714 340 1751 dixi,
372 1724 434 1744 non
465 1714 615 1745 omnibus
646 1715 829 1746 hominibus
852 1726 921 1747 esse
945 1715 1125 1748 fidendum:

170 1758 252 1798 quod
276 1756 383 1787 David
405 1756 473 1796 ipse
497 1756 609 1788 doetus
633 1757 832 1797 experientia
857 1758 947 1790 docet
970 1769 1043 1790 nos:
1080 1760 1127 1791 Ne

170 1799 340 1832 hominibus
360 1799 451 1838 fidite,
475 1800 587 1839 inquit,
611 1801 644 1830 'in
667 1800 777 1839 quibus
800 1801 886 1831 nulla
907 1802 993 1841 fides.
1026 1802 1126 1833 Davi-

171 1844 218 1875 dis
241 1848 347 1874 autem
373 1842 528 1881 patientia
559 1842 750 1874 documento
774 1844 843 1879 erit,
875 1854 938 1874 non
962 1844 1127 1876 fidendum

171 1886 280 1918 amicis
304 1884 470 1923 simulatis,
493 1885 547 1924 qui
568 1885 644 1916 dum
669 1896 819 1926 prospera
839 1887 965 1917 fortuna
985 1887 1129 1919 fruemur

171 1928 344 1964 arrideant,
379 1927 413 1958 in
443 1927 538 1958 rebus
566 1929 712 1968 angustis
743 1933 774 1959 et
796 1929 927 1960 incertis
961 1930 1128 1961 deserant:

171 1971 253 2012 quod
269 1980 364 2010 saepe
382 1980 443 2001 usu
453 1970 563 2001 venire
576 1971 673 2002 solet:
694 1971 747 2002 sed
767 1972 801 2002 in
815 1971 884 2002 Deo
895 1983 984 2012 spem
1000 1983 1128 2004 omnem

172 2018 313 2045 nostram
344 2023 546 2053 reponamus.
600 2013 665 2052 Qui
696 2014 722 2045 si
755 2014 852 2045 semel
884 2025 942 2046 nos
973 2016 1004 2045 in
1036 2026 1126 2046 suam

172 2057 304 2087 tutelam
328 2060 358 2086 et
381 2055 561 2087 clientelam
584 2057 749 2096 receperit,
781 2068 821 2087 ne
844 2057 1027 2089 dubitemus
1051 2059 1128 2098 quin
1154 2058 1156 2075 ⁸

172 2100 307 2139 ipsemet
330 2098 419 2129 nobis
442 2098 475 2128 in
500 2099 595 2130 rebus
618 2099 748 2130 incertis
773 2100 891 2131 amicos
916 2101 1044 2138 excitet,
1075 2101 1128 2140 qui

173 2146 314 2172 nostram
345 2141 562 2172 innocentiam
593 2147 755 2181 tueantur,
787 2148 818 2173 et
846 2142 966 2173 auxilio
998 2144 1128 2174 iuvent:

176 2183 439 2224 quemadmodum
466 2184 584 2215 Davidi
608 2185 824 2216 Ionathanum
856 2190 1029 2225 patronum
1060 2197 1129 2217 sus-

174 2227 292 2256 citavit.
323 2226 406 2256 Nam
430 2226 630 2258 Ionathanus
654 2227 791 2259 Davidis
814 2237 943 2259 causam
967 2228 1050 2268 apud
1076 2239 1129 2268 pa-

175 2275 254 2298 trem
279 2278 374 2300 ausus
396 2279 499 2309 agere,
524 2280 592 2301 sese
615 2271 647 2301 in
673 2281 826 2311 magnum
852 2271 1033 2310 periculum
1057 2282 1131 2302 con-

176 2311 256 2341 iecit.
305 2311 438 2342 Videbat
461 2313 545 2343 enim
577 2318 700 2352 patrem
731 2324 785 2353 per
817 2314 988 2344 intervalla
1023 2314 1132 2345 furore

177 2353 299 2393 agitari,
340 2359 370 2383 et
411 2359 558 2395 tanquam
601 2356 773 2387 fanaticum
807 2356 970 2387 hominem
1010 2357 1131 2388 rabiem

177 2405 268 2426 suam
298 2395 499 2435 despumare:
531 2408 628 2438 quare
659 2409 756 2438 quum
787 2399 883 2430 audet
914 2399 960 2429 illi
992 2401 1131 2439 turpitu-

179 2438 284 2468 dinem
320 2438 392 2468 facti
425 2439 463 2469 ob
497 2441 602 2472 oculos
638 2452 763 2480 ponere,
806 2448 836 2471 et
871 2443 976 2481 ipsum
1009 2448 1133 2482 patrem
1160 2450 1161 2484 ξ

180 2490 323 2521 arguere,
347 2491 407 2511 non
433 2482 564 2514 dubium
588 2489 635 2514 est
659 2484 736 2524 quin
761 2495 793 2515 se
818 2485 850 2514 iu
876 2485 990 2515 mortis
1013 2485 1134 2525 perieu-

181 2524 244 2553 lum
269 2523 451 2554 coniecerit:
477 2536 512 2556 ae
534 2526 667 2565 proinde
685 2527 814 2567 speciali
838 2528 896 2557 Dei
916 2527 1020 2567 gratia
1040 2528 1136 2559 fucrit

181 2566 317 2602 adiutus,
349 2573 379 2595 et
404 2573 513 2598 sancto
539 2568 638 2607 ipsius
662 2570 776 2609 spiritu
800 2571 1018 2601 confirmatus.
1066 2571 1137 2602 Hoc
1161 2565 1165 2609 Ἀ

183 2619 238 2639 nos
261 2608 351 2639 decet
375 2609 501 2646 imitari,
526 2615 557 2641 et
581 2611 640 2642 Dei
665 2613 762 2643 fretos
786 2613 915 2649 auxilio,
941 2613 1029 2644 nulla
1055 2614 1138 2644 refu·
1163 2622 1166 2643 ¹»

182 2661 256 2691 gere
288 2651 438 2690 pericula,
470 2651 540 2683 Deo
570 2653 656 2685 hunc
688 2655 840 2686 honorem
872 2655 1071 2691 exhibentes,
1106 2645 1166 2686 uti

281 2703 390 2730 Calvim'
406 2710 498 2734 opera.
538 2704 596 2729 Vol.
615 2705 708 2731 XXX.

806 211 853 242 IN
878 212 902 241 I.
928 210 1014 241 LlB.
1041 208 1236 240 SAMUEL.
1262 208 1357 240 CAP.
1383 209 1477 240 XIX.

1144 615 1146 618 ·
1171 611 1246 630 sune
1276 600 1418 639 periculo
1442 606 1626 631 constanter
1649 599 1810 631 adiuvent.

2065 204 2125 235 30⁴3

1142 330 1143 337 ,
1169 302 1226 341 ip-i
1265 303 1358 332 vitan]
1395 309 1536 333 nostram
1567 302 1813 338 committamus,
1845 301 1934 331 cuius
1958 299 2124 347 proprium

1169 352 1215 374 cst
1240 355 1308 375 cam
1333 345 1520 376 defendere:
1554 355 1615 376 non
1648 348 1771 375 tantum
1804 354 1860 374 sua
1892 343 1989 382 ipsius
2014 353 2045 372 v¹
2070 343 2126 373 scd

1169 387 1329 417 suscitatis
1372 388 1467 417 etiarn
1509 387 1665 419 creaturis
1705 392 1736 418 et
1771 386 1954 417 hominibus
1988 395 2124 425 quorum

1169 429 1286 459 auxilio
1312 429 1466 468 iuvemur,
1492 436 1586 470 prout
1609 430 1668 469 ipsi
1693 429 1866 469 placuerit:
1898 434 1927 459 et
1952 427 2075 467 quibus,
2100 429 2126 459 si

1170 472 1249 502 forte
1274 472 1488 510 periculorum
1513 471 1734 513 magnitudine
1759 476 1967 506 terrerentur,
2001 474 2032 501 et
2056 471 2126 501 ani-

1169 525 1237 544 mos
1275 520 1305 544 et
1336 514 1420 545 vires
1451 516 1595 551 sufficiat,
1631 515 1746 554 quibus
1776 524 1886 545 omnes
1922 513 2127 544 difficultates

1171 561 1330 596 superent,
1362 564 1393 587 ct
1417 568 1473 588 nos
1499 568 1662 597 nunquam
1688 556 1846 595 deserant,
1870 556 1926 588 sed
1948 556 2016 596 ipso
2040 556 2127 587 vitae

1857 599 1928 630 Hoc
1949 598 2056 638 itaque
2080 604 2128 630 est

1171 642 1417 678 observandum,
1442 653 1538 682 quum
1563 642 1679 673 dicitur
1703 643 1789 673 solus
1808 641 2006 673 Ionathanus
2030 651 2127 672 ausus

1172 685 1270 715 fuisse
1306 684 1441 715 Davidis
1482 686 1697 716 innocentiam
1745 684 1827 724 apud
1868 689 1991 724 patrem
2035 684 2127 714 tucri.

1146 727 1237 758 ,Sed
1271 732 1435 766 praeterea
1471 728 1648 758 notandum
1684 727 1900 758 Ionathanum
1935 737 1997 757 non
2034 737 2128 766 agere

1145 768 1147 806 ἶ
1174 770 1310 800 Davidis
1334 780 1462 801 eausam
1487 775 1639 809 tanquam
1660 770 1844 809 supplicem,
1869 770 2058 808 veniamque
2079 769 2130 799 dc-

1173 817 1369 853 precantem,
1401 813 1455 843 scd
1487 813 1587 852 ipsius
1618 813 1834 843 innocentiam
1865 813 2007 852 graviter
2036 812 2130 849 tueri,

1173 861 1362 897 patremque
1386 856 1490 895 ipsum
1512 855 1719 894 crudelitatis,
1744 855 1986 895 ingratitudinis
2009 860 2040 886 et
2063 865 2130 885 ma-

1172 900 1259 931 litiae
1282 908 1440 929 accusare.
1487 898 1609 938 Magna
1640 898 1698 928 fuit
1729 898 1826 938 igitur
1849 897 2019 928 Ionathani
2042 896 2130 933 fides,

1172 947 1203 974 et
1233 942 1378 973 sincerus
1402 940 1529 972 candor.
1575 940 1658 971 Nam
1688 940 1714 971 si
1738 940 1871 979 supplex
1895 944 2022 971 tantum
2044 940 2128 980 patri

1172 985 1276 1016 faetus
1299 983 1459 1015 Davidem
1483 983 1542 1023 ipsi
1566 983 1735 1015 conciliare
1755 982 1937 1019 studuisset,
1963 982 2128 1013 hominum

1174 1038 1272 1065 more,
1295 1027 1459 1066 vitamque
1483 1025 1658 1066 deprecari,
1690 1033 1721 1056 et
1745 1025 1782 1055 ad
1808 1025 1906 1064 patris
1930 1026 2128 1056 voluntatem

1173 1081 1327 1107 annuere,
1367 1074 1399 1099 et
1429 1068 1499 1099 vela
1529 1068 1763 1108 quodammodo
1795 1068 1901 1098 ventis
1935 1067 2128 1108 permittere,

1174 1113 1329 1152 faterique
1352 1111 1512 1143 Davidem
1536 1111 1666 1151 quidem
1691 1121 1779 1141 reum
1800 1120 1877 1148 esse,
1901 1110 1956 1141 sed
1973 1110 2130 1141 utendum

1175 1167 1252 1196 erga
1270 1156 1377 1195 ipsum
1401 1154 1635 1192 misericordia,-
1658 1159 1692 1184 ut
1716 1153 1821 1184 solent
1844 1153 1939 1184 aulici
1962 1163 2075 1193 regum
2099 1157 2131 1184 et

1175 1199 1356 1239 principum
1380 1207 1474 1228 aures
1497 1196 1674 1228 istiusmodi
1700 1196 1866 1227 verborum
1891 1196 2056 1227 lenociniis
2080 1195 2130 1226 de-

1176 1241 1323 1279 mulcere,
1358 1245 1389 1271 et
1423 1240 1522 1270 iratos
1555 1239 1699 1279 placare,
1736 1243 1769 1269 ut
1802 1249 1866 1268 non
1901 1238 2031 1269 omnino
2061 1248 2131 1269 reos

1176 1284 1400 1321 condemnent,
1423 1282 1476 1313 sed
1501 1287 1608 1313 tamen
1631 1281 1750 1321 aliquid
1774 1287 1806 1311 ut
1828 1292 1936 1312 verum
1958 1280 2132 1312 concedant

1177 1327 1259 1367 quod
1285 1326 1348 1357 illis
1366 1325 1471 1356 malus
1489 1326 1616 1356 animus
1636 1330 1746 1356 contra
1765 1334 1856 1354 omne
1876 1324 1925 1354 ius
1944 1329 1975 1354 et
1994 1333 2130 1363 aequum

1178 1369 1357 1402 dictaverit.
1403 1368 1492 1398 Nihil
1516 1368 1548 1398 in
1572 1367 1750 1398 Ionathano
1774 1366 1893 1397 simile:
1924 1376 2017 1406 quem
2041 1366 2132 1397 Deus

1178 1417 1286 1445 sancto
1310 1421 1366 1442 suo
1391 1411 1503 1449 spiritu
1527 1411 1572 1442 sic
1590 1410 1683 1447 rexit,
1707 1416 1742 1440 ut
1765 1409 1866 1440 fidelis
1884 1409 1977 1440 amici
2001 1408 2133 1440 functus

1177 1457 1219 1488 sit
1248 1455 1362 1486 officio.
1406 1453 1490 1484 Nam
1521 1463 1634 1493 parum
1658 1457 1725 1483 erat
1748 1451 1864 1483 Davidi
1889 1452 1987 1483 vitam
2010 1451 2133 1489 donari,

1178 1499 1204 1531 si
1235 1497 1371 1529 dedecus
1405 1501 1436 1527 et
1471 1495 1649 1536 ignominia
1679 1495 1725 1526 illi
1754 1494 1865 1525 fuisset
1898 1494 2044 1531 conflata,
2080 1494 2134 1533 qui

1178 1541 1312 1573 summis
1352 1539 1528 1570 honoribus
1562 1538 1676 1569 merito
1711 1544 1778 1568 erat
1812 1536 2007 1568 afficiendus.
2063 1537 2134 1567 Vae

1179 1584 1275 1621 enim,
1304 1583 1347 1613 ait
1371 1582 1536 1622 propheta,
1568 1581 1684 1612 dicenti
1709 1580 1827 1611 bonum
1851 1589 1919 1610 esse
1941 1578 2071 1617 malum,
2103 1583 2135 1610 et

1178 1627 1302 1658 malum
1333 1635 1402 1656 esse
1425 1624 1554 1661 bonum,
1585 1624 1749 1662 lucemque
1772 1623 1805 1652 in
1830 1623 1977 1653 tenebras
2001 1632 2134 1653 conver-

1179 1670 1270 1701 tenti.
1316 1667 1425 1706 Quare
1454 1667 1481 1698 si
1504 1666 1705 1697 Ionathanus
1735 1670 1861 1695 tantum
1885 1664 2003 1696 Davidi
2034 1665 2132 1695 vitam

1179 1722 1308 1744 servare
1337 1710 1521 1746 studuisset,
1551 1715 1582 1740 et
1606 1708 1694 1740 Sauli
1725 1708 1807 1748 patri
1838 1707 1987 1738 adulatus
2010 1717 2135 1738 eonces-

1179 1756 1271 1787 sisset
1294 1759 1416 1794 partem
1441 1763 1549 1783 eornm
1574 1761 1654 1791 quae
1685 1751 1722 1782 de
1745 1750 1871 1781 Davide
1894 1749 2135 1786 criminabatur,

1179 1802 1303 1830 certum
1327 1802 1374 1827 est
1394 1795 1488 1826 amici
1512 1804 1639 1826 causam
1659 1793 1756 1824 fuisse
1775 1792 1987 1833 proditurum,
2012 1798 2042 1823 et
2062 1792 2136 1823 licet

1179 1841 1240 1881 ipsi
1265 1840 1411 1874 amicum,
1437 1839 1506 1869 Deo
1526 1842 1632 1868 tamen
1655 1836 1845 1867 iniuriosum
1865 1835 1961 1866 fuisse
1981 1835 2135 1865 futurum.

1180 1885 1225 1915 At
1244 1894 1307 1914 non
1327 1881 1409 1913 tanti
1429 1885 1497 1912 erat
1516 1890 1618 1920 neque
1638 1884 1702 1910 tam
1722 1879 1862 1918 pretiosa
1881 1876 2017 1908 Davidis
2040 1887 2136 1917 quam

1181 1927 1241 1957 Dei
1266 1934 1374 1956 eausa:
1399 1924 1504 1963 itaque
1528 1922 1606 1953 bene
1626 1921 1826 1952 Ionathanus
1846 1919 1984 1951 Davidis
2007 1930 2136 1951 causam

1180 1971 1225 2000 ita
1255 1978 1362 2000 coram
1386 1972 1476 2006 patre
1499 1966 1574 2005 agit,
1604 1970 1640 1995 ut
1669 1964 1808 1994 maxime
1832 1964 1899 1994 iure
1923 1970 1954 1993 et
1978 1963 2137 2002 aequitate

1182 2013 1311 2043 nitatur.
1356 2009 1464 2048 Quare
1495 2008 1745 2048 quotiescunque
1775 2005 1891 2037 iudicio
1915 2012 1945 2036 et
1969 2005 2137 2036 sententiis

1181 2054 1300 2094 iniquis
1331 2063 1497 2092 oppressos
1530 2050 1699 2081 autoritate
1730 2053 1839 2079 nostra
1862 2049 1975 2079 iuvare
1997 2047 2137 2078 volueri-

1181 2109 1263 2135 mus,
1293 2107 1356 2127 non
1388 2099 1512 2126 tantum
1541 2091 1720 2124 habendam
1743 2101 1898 2131 personae
1921 2091 2062 2130 ipsorum
2087 2101 2137 2121 ra—

1182 2141 1301 2171 tionem
1326 2139 1472 2174 sciamus,
1504 2140 1537 2167 ut
1568 2136 1652 2166 vitae
1682 2135 1823 2173 ipsorum
1854 2133 2050 2170 consulatur,
2082 2132 2137 2163 sed

1183 2183 1320 2214 maxime
1344 2191 1468 2216 causae,
1497 2189 1591 2218 quam
1616 2188 1672 2218 pro
1695 2181 1804 2208 nostra
1827 2175 1914 2206 virili
1938 2176 2019 2207 tueri
2044 2174 2136 2206 debe-

1184 2235 1268 2257 mus:
1305 2235 1344 2254 ne
1379 2223 1469 2254 nobis
1503 2221 1585 2252 idem
1621 2219 1703 2260 quod
1736 2219 1840 2250 Pilato
1874 2218 2049 2258 contingat,
2084 2219 2138 2258 qui

1184 2269 1349 2300 Christum
1375 2265 1501 2306 quidem
1526 2276 1563 2295 ex
1588 2261 1735 2293 manibus
1760 2261 1952 2292 Iudaeorum
1977 2260 2031 2301 qui
2055 2271 2138 2291 mor-

1186 2318 1248 2342 tem
1280 2310 1378 2349 ipsius
1409 2306 1623 2347 procurabant
1653 2305 1776 2344 eripere
1805 2304 1915 2341 voluit,
1947 2303 2001 2335 sed
2029 2306 2138 2334 tamen

1186 2353 1312 2385 nonnisi
1337 2350 1513 2392 ignominia
1536 2348 1658 2389 publiea
1683 2347 1842 2378 affectum.
1888 2346 1951 2378 Sed
1975 2346 2044 2377 Deo
2073 2346 2139 2385 pla-

1186 2408 1256 2429 cere
1276 2406 1337 2425 non
1356 2398 1459 2433 potest
1478 2390 1633 2423 eiusmodi
1654 2389 1829 2421 simulatio:
1849 2400 1945 2429 quare
1965 2390 2139 2420 amicorum

1186 2440 1466 2480 proximorumque
1490 2433 1663 2466 commodis
1687 2439 1716 2463 et
1743 2432 1876 2463 utilitati
1899 2431 2066 2463 studentes
2090 2441 2139 2462 ca-

1188 2493 1262 2513 vere
1293 2480 1442 2510 debemus
1474 2488 1512 2507 ne
1536 2476 1689 2507 dedecore
1712 2476 1798 2515 ipsos
1821 2474 1903 2506 affici
1927 2475 2077 2512 sinamus,
2110 2478 2142 2504 et

1190 2537 1227 2556 nc
1251 2534 1363 2554 causac
1386 2522 1527 2560 ipsorum
1551 2519 1743 2559 aequitatem
1766 2522 1936 2557 praetextu
1960 2518 2044 2548 vitae
2068 2527 2141 2547 con-

1189 2565 1366 2599 servandae
1409 2563 1589 2603 prodamus,
1635 2566 1688 2592 aut
1734 2560 1867 2600 pedibus
1909 2559 2142 2597 conculcemus,

1190 2608 1390 2641 mendacium
1416 2614 1444 2635 et
1476 2604 1676 2644 iniquitatem
1706 2603 1922 2644 improborum
1947 2603 2047 2634 veluti
2072 2613 2146 2633 nos-

1192 2658 1240 2684 tro
1265 2650 1384 2682 calculo
1408 2648 1631 2687 approbantes.

1915 2697 1949 2722 20
