2551 3044
349 241 410 271 687
1217 232 1419 265 ΗΟΜῘΙᾸΑ
1446 232 1536 264 CIII.
2277 235 2340 267 688

349 336 442 369 feras,
467 337 499 363 et
519 331 624 372 frigus
645 336 677 362 et
699 334 824 361 aestum
849 328 1074 365 toleraverant,
1099 332 1130 359 et
1147 327 1321 359 imminen-
1346 338 1348 365 ῃ
1373 326 1464 357 sivit:
1495 325 1550 356 sed
1574 326 1808 366 praescriptam
1831 326 1902 367 l‹·ge
1915 326 1978 356 Dei
2002 327 2088 358 viam
2105 331 2261 367 sequutus
2283 333 2341 367 est,

351 383 414 408 tem
440 375 585 406 faucibus
609 373 753 413 gladium
777 372 970 403 habuerant.
995 372 1144 411 Denique
1167 369 1321 410 quamdiu

349 419 480 451 sedibus
504 418 635 448 incertis
660 416 722 447 huc
752 416 827 446 illuc
853 415 960 455 vagati
985 416 1125 452 fuerant,
1156 413 1321 444 nihilomi-
1346 430 1348 436 ,

350 472 411 493 nus
435 462 465 491 in
486 460 549 491 fide
572 460 673 499 ipsius
698 465 953 498 permanserant,
977 464 1006 488 et
1031 457 1229 497 singularem
1245 466 1321 496 erga

349 506 455 545 ipsum
481 502 737 534 benevolentiam
764 512 796 531 rc
816 501 887 540 ipsa
910 502 1016 532 testati
1040 500 1176 537 fuerant,
1200 499 1259 529 etsi
1282 509 1321 529 ex

349 546 486 578 Davidis
511 544 795 576 lamentationibus
819 549 954 584 apparot
976 553 1072 582 saepe
1092 542 1163 573 illos
1175 542 1320 573 afflictio·
1346 566 1347 570 ,

1346 599 1349 635 2
1373 583 1478 621 gavit,
1509 582 1607 612 misso
1638 583 1669 612 in
1700 588 1805 613 terras
1830 583 1923 614 unico
1942 582 2009 613 filio
2028 593 2103 620 suo,
2127 584 2182 623 qui
2206 584 2342 616 ultimus

1346 637 1348 670 s
1373 635 1487 664 scopus
1512 631 1561 655 est
1582 631 1710 655 nostrae
1734 625 1936 664 cognitionis.
1970 624 2004 657 Si
2029 635 2111 666 quae
2133 627 2235 667 igitur
2258 627 2342 658 diffi-

350 591 445 621 nibus
465 589 585 620 fractos
598 597 828 623 murmurasse,
845 593 875 616 et
890 585 1039 617 fiduciam
1053 596 1144 616 suam
1160 585 1192 615 in
1204 584 1320 620 Deum,

351 639 387 663 ut
419 631 603 672 oportebat,
639 640 703 661 non
737 630 927 669 reposuisse.
974 628 1209 659 Verumtamen
1243 637 1320 667 erga

351 675 512 706 Davidem
544 684 578 704 se
606 673 716 704 fideles
740 671 963 711 praebuerant.
989 672 1051 702 iam
1077 681 1150 702 vero
1180 670 1220 701 ab
1249 671 1320 710 ipso
1346 678 1348 702 Γ

1346 721 1347 739 1
1372 711 1522 751 spiritum
1552 717 1795 749 exspectemus:
1825 710 1880 741 sed
1912 721 1978 741 non
2002 711 2066 742 alia
2094 712 2221 743 ratione
2244 723 2341 752 quam

350 729 413 749 non
438 717 533 748 modo
563 716 727 752 deficiunt,
760 715 813 746 sed
845 715 941 745 etiam
972 713 1010 744 de
1036 713 1208 754 lapidando
1240 713 1319 752 ipso,

353 767 509 800 tanquam
527 759 602 790 mali
618 759 710 789 istius
725 765 846 794 autore,
861 758 1025 796 cogitant:
1047 756 1126 787 adeo
1144 762 1179 786 ut
1200 757 1319 786 mirum

350 804 452 834 videri
483 802 575 833 nobis
598 812 662 833 non
686 800 810 837 debeat,
845 801 870 831 si
898 798 1032 831 Davidis
1067 798 1265 839 perturbatio
1288 803 1318 828 et

350 847 514 886 lacrymae
545 855 581 876 ac
611 844 751 885 gemitus
782 843 873 874 nobis
907 843 959 874 hic
987 849 1226 883 proponantur:
1263 840 1319 872 sed

351 890 457 929 potius
491 889 677 919 constantia
707 887 808 926 ipsius
837 891 869 916 et
898 886 1052 916 fortitudo
1075 884 1318 920 consideranda,

350 942 432 972 quae
463 942 526 962 uon
559 930 707 970 permisit
738 929 843 969 ipsuni
869 930 969 959 tantis
993 928 1087 959 malis
1110 928 1156 959 sic
1179 928 1263 958 affici
1287 932 1318 957 et

1373 370 1466 399 cuius
1489 368 1638 408 exemplo
1661 378 1719 400 nos
1742 375 1869 408 oportet
1891 369 2023 400 erudiri.
2057 369 2142 401 Nam
2163 371 2222 401 etsi
2247 371 2341 403 hodie

1374 422 1437 442 uon
1470 411 1625 441 habemus
1655 411 1837 451 singulares
1868 412 2084 443 revelationes
2113 418 2146 443 et.
2167 413 2261 453 signa
2284 424 2341 444 ex-

1375 462 1465 485 terna
1496 453 1603 493 qualia
1633 453 1764 485 fuerunt
1792 454 1878 491 olim,
1909 460 1940 485 et
1970 465 2053 494 quae
2071 462 2181 486 essent
2203 456 2340 494 inutilia,

1373 504 1541 527 contentos
1572 506 1641 527 esse
1664 506 1723 527 nos
1754 503 1879 536 oportet
1909 497 1992 537 quod
2015 497 2108 528 Deus
2139 498 2341 530 voluntatem

1373 550 1463 570 suam
1491 540 1581 570 nobis
1594 538 1779 576 declaravit,
1805 546 1835 570 et
1856 539 1944 571 velut
1967 550 2022 572 ore
2045 540 2176 580 proprio
2199 541 2343 581 promul-

1372 668 1509 698 cultates
1538 667 1688 704 incidant,
1718 677 1737 698 a
1762 667 1830 698 Deo
1856 668 2046 707 prudentiae
2076 673 2109 700 et
2138 668 2342 701 discretionis

1373 753 1532 793 evangelii
1571 753 1819 793 praedicatione.
1871 754 1970 794 Agite
2002 755 2103 794 igitur
2132 764 2343 796 quaecunque

1373 796 1584 827 difficultates
1607 796 1805 831 oboriantur,
1829 796 1997 836 angustiae
2021 804 2051 827 et
2075 796 2250 835 molestiae,
2273 798 2343 838 qui-

1375 840 1430 869 bus
1450 846 1603 878 tauquam
1628 840 1660 869 in
1680 839 1795 879 abysso
1816 839 1971 878 profunda
1992 849 2189 879 mergamur,
2213 851 2278 871 non
2302 840 2343 871 ad

1373 882 1541 912 mortalem
1572 881 1733 921 quendam
1763 882 1964 913 sacerdotem
1988 882 2202 913 Abiatharem
2233 883 2344 914 confu-

1346 927 1347 943 ³
1373 926 1507 965 giamus‚
1533 924 1588 955 sed
1612 923 1651 954 ad
1670 924 1844 955 Dominum
1870 932 2016 956 nostrum
2035 923 2146 956 Iesum
2163 925 2344 964 Christum,

350 974 550 1015 perturbari,
581 979 614 1003 ut
646 972 801 1003 adversus
824 971 931 1002 Deum
955 972 1138 1011 insurgeret
1161 978 1192 1000 et
1216 970 1319 1007 indig-
1344 1007 1345 1010 Ἰ

349 1024 492 1052 nar-etur,
516 1015 571 1046 sed
597 1016 630 1046 in
651 1015 792 1046 Domino
813 1015 918 1054 potius
936 1014 1181 1045 confirmaretur
1205 1013 1318 1043 effecit.

439 1059 595 1099 Sequitur
618 1057 768 1098 deinceps
792 1058 883 1095 ratio,
915 1067 1032 1096 nempe
1057 1056 1230 1087 advocasse
1256 1056 1319 1085 Da-

351 1102 458 1134 videm
484 1101 698 1133 Abiatharem
732 1100 928 1132 sacerdotem
966 1099 1070 1130 filium
1104 1097 1320 1135 Achimelech,

1346 1074 1347 1079 ,
1372 1054 1477 1093 ipsum
1504 1060 1621 1092 pateat.

1373 969 1427 1007 qui
1451 977 1509 1006 pro
1535 967 1625 998 nobis
1648 977 1755 998 coram
1777 968 1846 998 Deo
1866 975 1955 1007 patre
1975 967 2156 1005 intercedit,
2179 974 2213 999 et
2235 969 2344 999 velum

1373 1010 1485 1050 templi
1508 1010 1606 1050 fregit
1636 1015 1672 1040 ut
1703 1010 1782 1041 liber
1805 1010 1844 1041 ad
1870 1011 1976 1042 Deum
2000 1020 2147 1041 accessus
2171 1011 2263 1042 nobis
2286 1021 2345 1052 per

1667 1052 1768 1084 Recta
1788 1054 1888 1093 igitur
1911 1053 1951 1084 ad
1975 1054 2081 1093 ipsum
2105 1054 2342 1094 confugiamus,

1346 1099 1347 1104 ¹
1372 1103 1403 1127 et
1433 1096 1559 1126 omissis
1590 1095 1702 1126 multis
1731 1095 1938 1135 ambagibus,
1973 1096 2089 1135 quibus
2119 1096 2152 1127 in
2181 1097 2255 1128 avia
2277 1097 2344 1128 lata

351 1153 383 1176 et
406 1146 537 1176 iussisse.
561 1150 596 1175 ut
619 1150 784 1184 assumpto
807 1142 911 1182 ephod
929 1143 1102 1173 Dominum
1128 1142 1319 1176 consuleret,
1346 1150 1347 1178 j

352 1195 383 1219 et
407 1188 445 1219 de
469 1188 634 1218 voluntate
658 1188 758 1227 ipsius
781 1186 1008 1217 sciscitaretur.
1033 1184 1128 1223 Quod
1153 1185 1192 1214 ad
1216 1183 1320 1223 ephod

351 1231 469 1262 attinet
492 1230 641 1270 superius
665 1229 831 1260 docuimus
854 1229 952 1259 fuisse
975 1227 1204 1259 sacerdotalem
1229 1236 1321 1257 orna-

352 1280 431 1310 tum,
455 1284 548 1313 quem
574 1273 664 1304 Deus
687 1283 705 1304 a
725 1271 946 1303 sacerdotibus
968 1271 1090 1302 assumi
1114 1270 1262 1303 iusserat.
1290 1276 1321 1299 et

351 1328 409 1357 per
432 1315 512 1348 illud
535 1316 570 1346 in
594 1316 688 1347 rebus
712 1314 894 1345 difficilibus
921 1314 1025 1345 Deum
1052 1314 1184 1345 consuli.
1231 1313 1322 1343 Tunc

352 1361 438 1391 enim
475 1369 622 1390 summus
656 1357 805 1390 sacerdos
839 1363 908 1388 erat
940 1356 1072 1387 Domini
1109 1356 1210 1386 nostri
1245 1355 1319 1386 Iesu

354 1403 477 1434 Christi
503 1403 608 1441 figura
632 1406 663 1432 et
686 1401 803 1440 imago.
837 1399 1001 1438 Quoniam
1025 1405 1133 1429 autem
1157 1399 1220 1429 illis
1244 1404 1321 1428 tem-

353 1445 483 1486 poribus
500 1444 592 1475 Deus
614 1453 672 1483 per
686 1444 807 1483 figuras
830 1449 861 1473 et
877 1443 1007 1474 umbras
1021 1441 1139 1481 legales
1165 1441 1321 1481 populum

353 1488 504 1524 docebat,
537 1487 620 1517 hanc
649 1486 886 1517 caeremoniam
910 1487 943 1515 in
969 1495 1028 1515 usu
1051 1495 1120 1515 csse
1143 1484 1320 1523 oportebat.

355 1530 463 1562 David
495 1530 594 1569 igitur
628 1529 827 1560 sacerdotem
865 1538 927 1558 non
958 1527 1065 1567 aliqua
1094 1527 1321 1566 superstitione

354 1574 492 1609 vocavit,
511 1582 648 1611 eumque
667 1572 771 1610 ephod
791 1581 954 1602 assumere
973 1570 1074 1604 iussit.
1099 1580 1165 1600 non
1185 1570 1321 1609 alligans

354 1616 416 1648 Dei
447 1616 585 1656 gratiam
618 1615 834 1654 virtutemque
865 1614 965 1644 sancti
993 1614 1124 1652 spiritus
1163 1613 1321 1643 materiali

354 1658 530 1690 sacerdotis
545 1657 683 1693 ornatui,
706 1656 762 1687 sed
779 1657 912 1688 edoctus
927 1656 1025 1686 verbo
1045 1655 1103 1686 Dei
1121 1656 1320 1686 sacerdotem

355 1702 467 1732 datum
497 1711 566 1731 esse
597 1706 748 1739 tanquam
780 1699 841 1729 Dei
871 1699 1113 1730 internuncium
1145 1704 1177 1729 et
1207 1704 1319 1728 testem

355 1744 484 1774 divinae
516 1743 692 1773 voluntatis
715 1749 746 1772 et
770 1742 904 1776 consilii,
938 1740 1209 1781 quemadmodum
1235 1740 1321 1781 apud

1373 1139 1467 1169 multi
1498 1138 1660 1172 aberrant.
1691 1139 1886 1178 propositam
1919 1139 2011 1169 nobis
2035 1149 2054 1170 a
2076 1138 2148 1170 Deo
2179 1139 2266 1170 viam
2295 1140 2343 1170 in-

1373 1184 1533 1213 sistamus.
1569 1180 1719 1220 Denique
1750 1182 1777 1212 si
1801 1182 1909 1213 Deum
1945 1181 2037 1213 nobis
2067 1191 2137 1212 esse
2165 1183 2342 1222 propitium

1374 1226 1540 1262 volumus,
1578 1225 1604 1255 si
1635 1224 1668 1254 in
1701 1225 1818 1256 nostris
1847 1225 2007 1264 augustiis
2036 1230 2067 1255 et
2097 1224 2344 1256 difficultatibus

1374 1267 1529 1298 auxilium
1563 1266 1663 1306 ipsius
1685 1268 1880 1306 expetimus,
1911 1277 1951 1298 ne
1975 1267 2037 1298 alio
2061 1267 2280 1304 deflectamus,
2310 1272 2344 1299 et

1348 1318 1350 1338 t
1375 1321 1424 1343 ne.
1444 1310 1528 1350 quod
1547 1310 1636 1341 Deus
1649 1310 1770 1350 populo
1785 1308 1910 1341 iudaice
1929 1320 1986 1349 per
2003 1310 2196 1349 prophetam
2213 1310 2344 1342 Esaiam

1375 1354 1559 1393 exprobrat.
1583 1352 1810 1384 claudicemus.
1840 1353 1971 1393 Popule,
1995 1353 2102 1392 iuquit
2122 1353 2220 1389 Deus,
2244 1354 2344 1385 israe-

1375 1397 1471 1434 litice,
1502 1406 1602 1435 quum
1635 1396 1696 1426 huc
1730 1396 1808 1427 illuc
1838 1396 2001 1427 cursitasti
2025 1395 2103 1435 quid
2129 1395 2343 1435 promovisti?

1374 1449 1469 1471 crura
1497 1439 1620 1478 fregisti
1644 1444 1677 1469 et
1700 1437 1892 1478 defatigatus
1915 1449 1964 1474 es,
1995 1444 2026 1469 et
2049 1445 2158 1469 tamen
2184 1439 2264 1470 nihil
2288 1438 2343 1470 ob-

1348 1491 1349 1502 ³
1374 1482 1509 1513 tinuisti.
1545 1481 1655 1520 Quare
1679 1492 1780 1512 vanas
1803 1491 1915 1512 omnes
1937 1481 2143 1512 curiositates
2166 1481 2341 1522 fugiamus,

1374 1526 1525 1564 viamque
1548 1525 1639 1555 nobis
1662 1524 1892 1564 praescriptam
1917 1525 2117 1562 insistamus,
2139 1530 2172 1554 et
2193 1525 2226 1555 iu
2243 1534 2345 1556 unum

1375 1568 1551 1599 Dominum
1583 1573 1729 1598 nostrum
1762 1567 1871 1598 Iesum
1895 1566 2082 1602 Christum,
2112 1572 2143 1597 et
2171 1568 2281 1598 oculos
2313 1573 2346 1598 et

1374 1621 1489 1642 sensus
1512 1620 1623 1641 omnes
1643 1609 1830 1650 defigamus
1855 1610 1999 1650 persuasi
2023 1609 2128 1640 solum
2151 1608 2243 1640 illum
2266 1620 2345 1648 esse,

1348 1655 1349 1659 ’
1373 1665 1435 1693 quo
1460 1653 1539 1684 duce
1563 1660 1594 1683 et
1618 1653 1795 1684 mediatore
1817 1652 1856 1683 ad
1877 1652 1984 1683 Deum
2007 1652 2197 1688 accedimus,
2221 1657 2255 1684 et
2275 1653 2345 1693 ipse

1348 1723 1349 1732 ,
1374 1697 1412 1727 ad
1436 1707 1493 1727 nos
1510 1696 1653 1726 vicissim
1674 1695 1813 1727 accedit:
1838 1705 1874 1726 ac
1894 1694 2029 1735 proinde
2045 1705 2102 1735 pro
2118 1695 2345 1727 caeremoniali

355 1786 546 1827 prophetam
561 1785 756 1816 Malachiam
780 1785 883 1823 capite
906 1784 1049 1815 secundo
1070 1784 1229 1814 versiculo
1252 1794 1321 1822 sep·
1348 1818 1349 1821 Ἴ

356 1831 435 1860 timo
476 1829 633 1867 scriptum
678 1835 740 1858 est:
810 1827 911 1858 Labia
957 1827 1124 1858 sacerdotis
1162 1826 1323 1857 observant

355 1872 514 1904 scientiam
544 1873 570 1902 et
593 1871 643 1901 lex
666 1871 836 1909 requiritur
865 1880 902 1901 ea*
925 1880 974 1902 ore
998 1871 1109 1908 ipsius„
1135 1880 1206 1900 nam
1229 1879 1324 1909 anye-

355 1916 405 1946 lus
428 1915 560 1945 Ieltovae
581 1913 769 1944 ezercitumn
791 1915 841 1944 est.
888 1912 980 1951 Quae
1004 1912 1132 1952 quidem
1159 1912 1257 1943 verba
1285 1912 1322 1942 de

357 1965 423 1989 tota
456 1957 536 1987 bene
567 1956 699 1987 vivendi
724 1955 836 1996 regula
860 1955 1103 1995 intelliguntur:
1129 1955 1184 1985 sed
1208 1956 1323 1994 quibus

356 2002 453 2032 etiam
485 2000 686 2033 siznitieatur
716 1998 915 2029 sacerdotem
946 1999 978 2028 in
1004 1998 1100 2028 rebus
1123 1998 1269 2037 augustis
1293 2003 1324 2027 et

357 2044 462 2074 dubiis
489 2043 547 2073 Dei
578 2041 821 2072 internuncium
847 2048 875 2071 et
902 2041 1079 2071 voluntatis
1102 2041 1202 2080 ipsius
1225 2042 1323 2070 inter-

357 2095 481 2127 pretem
512 2085 625 2123 fuisse,
656 2085 725 2115 Deo
756 2084 823 2123 ipse
852 2083 1008 2123 singulari
1039 2083 1174 2122 quadam
1201 2084 1324 2113 ratione
1350 2098 1351 2101 =

358 2128 442 2169 quod
467 2138 547 2167 opus
568 2134 662 2165 esset,
688 2127 852 2157 revelante
866 2137 964 2166 quum
978 2137 1055 2156 vera
1075 2125 1136 2156 tide
1160 2127 1324 2156 invocare·
1350 2138 1351 2142 ¹

359 2180 420 2203 tur.
444 2170 538 2210 Quod
563 2170 648 2200 cuim
673 2180 770 2209 supra
795 2169 935 2200 vidimus
953 2169 1044 2200 §auli
1069 2168 1108 2198 de
1126 2169 1187 2199 Dei
1212 2168 1323 2198 volun—

359 2221 425 2246 tate
463 2213 639 2245 sciscitanti
680 2212 804 2243 nullum
843 2213 940 2243 fuisse
977 2211 1087 2242 datum
1123 2221 1324 2251 responsum,

359 2259 476 2289 factum
508 2262 555 2286 est
587 2256 688 2295 ipsius
713 2255 954 2291 incredulitate,
984 2254 1066 2294 quod
1091 2264 1110 2285 a
1133 2254 1202 2284 Deo
1225 2253 1325 2283 desci-

359 2301 468 2336 visset,
491 2297 626 2338 ideoque
649 2309 743 2338 quam
769 2304 838 2328 erat
857 2298 992 2329 meritus
1016 2297 1195 2328 mercedem
1220 2307 1236 2327 a
1262 2297 1325 2327 Do-

360 2344 448 2374 mino
473 2341 642 2372 retulisset.
677 2341 782 2371 David
807 2351 885 2371 vero
909 2340 1004 2380 louge
1023 2340 1116 2371 aliter
1132 2339 1192 2369 Dei
1213 2339 1325 2370 volun-

361 2394 458 2416 tatem
485 2385 662 2423 inquisivit,
687 2394 802 2423 quippe
817 2385 869 2423 qui
890 2384 1085 2415 sacerdotem
1111 2393 1129 2413 a
1145 2381 1213 2412 Deo
1231 2387 1327 2412 sciret

361 2430 394 2460 in
412 2429 495 2459 hunc
512 2437 604 2457 usum
622 2428 848 2458 coustitutum:
873 2437 1010 2466 cumque
1026 2425 1096 2456 ideo
1111 2425 1207 2456 iussit
1221 2424 1325 2464 ephod

362 2480 542 2505 assumere,
574 2477 605 2499 ut
637 2470 865 2500 sacerdotalem
898 2469 1088 2509 dignitatem
1117 2474 1326 2505 revereretur,

362 2515 422 2545 Dei
457 2523 532 2544 vero
564 2512 764 2543 voluntatem
790 2513 834 2543 ita
857 2513 1084 2546 sciscitaretur,
1112 2517 1147 2541 ut
1172 2521 1234 2540 non
1258 2511 1326 2540 sine

363 2558 519 2597 precibus.
551 2555 663 2595 Neque
687 2556 773 2586 enim
795 2555 898 2585 David
923 2565 1034 2595 magos
1058 2560 1087 2584 ct
1108 2555 1326 2584 incantatores

364 2599 520 2630 imitando
538 2598 707 2629 coniurare
724 2608 780 2637 per
800 2598 903 2638 ephod
922 2597 1028 2629 Deum
1053 2597 1163 2630 voluit.
1186 2595 1240 2627 sed
1264 2605 1327 2635 qua

362 2642 546 2673 humilitate
569 2649 601 2670 et
624 2640 778 2672 modestia
799 2640 907 2671 debuit
930 2651 1001 2671 eum
1026 2639 1200 2676 invocavit,
1224 2648 1325 2678 neque

365 2686 403 2716 ad
428 2685 506 2716 alios
521 2685 594 2714 deos
611 2683 750 2720 deflexit,
775 2690 831 2714 aut
846 2683 924 2714 alias
944 2683 1086 2713 rationes
1101 2682 1214 2714 salutis
1228 2691 1325 2721 quae-

1373 1739 1429 1770 illo
1453 1738 1558 1779 ephod
1582 1739 1719 1769 veritate
1743 1748 1825 1778 quae
1848 1739 1882 1769 in
1905 1738 1974 1777 ipso
1997 1745 2046 1769 est
2068 1739 2211 1770 contenti
2234 1739 2344 1771 simus.

1376 1783 1487 1821 Neque
1519 1783 1605 1812 enim
1630 1781 1759 1812 aliunde
1783 1787 1952 1812 mutuatur
1975 1781 2116 1821 aliquam
2140 1781 2344 1822 dignitatem,

1375 1825 1428 1856 sod
1453 1826 1555 1856 sancti
1575 1825 1624 1855 sui
1643 1824 1777 1864 spiritus
1797 1825 1917 1854 virtute
1938 1834 2008 1854 eam
2034 1825 2065 1854 in
2090 1834 2124 1855 se
2146 1824 2217 1864 ipso
2238 1824 2344 1856 habet.

1375 1868 1483 1907 Quum
1525 1867 1625 1908 igitur
1667 1868 1772 1898 omnis
1816 1867 1995 1906 sapientiae
2035 1867 2273 1907 plenitudinem
2311 1868 2345 1898 in

1377 1912 1516 1942 Domino
1536 1917 1646 1941 nostro
1670 1909 1743 1940 Iesu
1764 1910 1897 1941 Christo
1921 1920 1990 1940 esse
2014 1910 2166 1948 sciamus,
2188 1911 2216 1941 si
2240 1911 2346 1941 eain·

1375 1953 1512 1984 ciderint
1535 1961 1689 1992 tempora,
1713 1959 1745 1983 et
1764 1953 1790 1983 is
1810 1962 1917 1983 rerum
1942 1958 2057 1990 status,
2080 1958 2116 1983 ut
2138 1953 2251 1992 inopes
2269 1962 2345 1984 con—

1375 1997 1436 2027 silii
1471 1997 1649 2027 nesciamus
1672 1995 1748 2035 quid
1779 1996 1862 2026 facto
1887 1995 1930 2025 sit
1953 2005 2042 2034 opus,
2067 2001 2099 2025 et
2121 2000 2214 2025 tanta
2236 2005 2345 2026 rerum

1375 2039 1575 2079 perturbatio
1605 2039 1656 2075 sit,
1691 2045 1729 2069 ut
1759 2038 1867 2068 nullus
1890 2048 1932 2068 ex
1956 2039 2074 2068 nostris
2098 2037 2344 2069 difficultatibus

1376 2083 1482 2113 exitus
1516 2087 1688 2122 appareat,
1723 2091 1762 2112 ne
1797 2080 1980 2111 dubitemus
2015 2086 2121 2110 tamen
2153 2081 2230 2120 quin
2256 2080 2346 2112 Deus

1378 2125 1467 2155 nobis
1503 2126 1609 2164 ipsum
1646 2124 1679 2154 in
1709 2123 1842 2155 Christo
1878 2123 2108 2162 quaerentibus
2144 2123 2345 2154 voluntatem

1377 2178 1466 2198 suam
1492 2175 1651 2207 quatenus
1674 2166 1863 2206 expedierit,
1886 2164 2067 2205 patefaciat.

1463 2209 1620 2250 Sequitur
1650 2210 1779 2240 tandem
1803 2208 1987 2240 consultum
2012 2207 2191 2239 Dominum
2214 2218 2345 2249 respon—

1378 2252 1471 2289 disse,
1492 2260 1525 2283 ut
1549 2252 1650 2283 David
1670 2252 1797 2283 fortiter
1817 2253 1922 2282 hostes
1942 2257 2200 2290 persequeretur,
2220 2260 2256 2282 ac
2268 2251 2346 2290 fore,

1352 2291 1353 2332 ἶ
1379 2304 1415 2326 ut
1446 2297 1514 2326 sine
1538 2295 1728 2326 difficultate
1751 2296 1838 2334 ipsos
1859 2302 2097 2333 assequeretur,
2129 2293 2346 2334 praedamque

1379 2339 1447 2369 suis
1471 2338 1566 2369 rebus
1599 2338 1734 2377 receptis
1757 2347 1908 2378 magnam
1933 2336 2054 2367 fecerit.
2100 2335 2254 2368 Diximus
2278 2336 2345 2368 Da-

1381 2381 1484 2411 videm
1511 2381 1664 2411 advoeato
1693 2379 1857 2412 sacerdote
1881 2379 2030 2418 iussoque
2053 2378 2159 2417 ephod
2182 2389 2346 2410 assumere

1379 2434 1442 2454 non
1473 2428 1663 2463 arroganter
1685 2429 1718 2453 et
1739 2422 1878 2462 superbe
1902 2422 2041 2453 voluisse
2054 2421 2162 2453 Deum
2187 2422 2248 2453 sibi
2270 2423 2346 2454 sub-

1380 2467 1490 2503 iicere,
1521 2466 1576 2497 scd
1608 2476 1671 2505 qua
1702 2465 1884 2496 reverentia
1918 2464 2029 2495 debuit
2059 2463 2130 2495 Deo
2164 2464 2346 2504 supplicem

1380 2511 1497 2539 factum
1530 2510 1643 2542 fuisse,
1673 2518 1692 2538 a
1715 2518 1776 2548 quo
1799 2508 1897 2538 etiam
1921 2507 2111 2538 exauditum
2135 2507 2235 2538 fuisse
2260 2507 2347 2538 vidc-

1380 2562 1459 2582 mus.
1486 2552 1632 2583 Primum
1650 2551 1748 2590 igitur
1766 2551 1949 2581 sciscitatus
1972 2557 2031 2584 cst,
2055 2555 2346 2590 persequereturne

1381 2595 1539 2634 fugientes
1569 2594 1696 2625 hostes:
1728 2594 1844 2632 quibus
1875 2592 1981 2624 verbis
2011 2594 2129 2624 fatetur
2157 2603 2191 2623 se
2213 2593 2346 2624 omnino

1379 2647 1450 2667 esse
1484 2637 1610 2669 consilii
1645 2637 1793 2675 inopem,
1838 2635 1973 2675 ideoque
2013 2645 2032 2666 a
2063 2635 2203 2666 Domino
2237 2640 2346 2675 petere

1379 2680 1456 2719 quid
1481 2680 1539 2711 sibi
1565 2679 1743 2711 faciendum
1768 2679 1811 2709 sit
1832 2679 1938 2710 omnis
1959 2677 2087 2710 consilii
2107 2678 2245 2717 experti.
2278 2677 2346 2709 Sed

2543 1638 2545 1641 -
2539 1579 2548 1610 ⁴-
2539 1498 2549 1572 :zu—-
