2551 3044
382 222 440 253 3201
1175 216 1376 249 HOMILIA

471 316 686 346 Transeamus
717 313 755 344 ad
788 314 940 344 historiae
969 314 1202 354 expositionem
1236 312 1286 342 tibi
1319 313 1350 342 in

386 359 498 399 primis
531 357 607 387 illud
642 356 778 387 occurit:
813 356 1010 387 sacerdotem
1047 355 1166 386 Davidi
1198 362 1227 385 et
1259 355 1352 385 sociis

386 402 490 442 primo
515 398 772 439 quoddammodo
793 408 959 430 recusasse
979 408 1078 439 panes
1096 397 1168 428 illos
1188 397 1273 435 dare,
1297 396 1352 428 sed
1378 399 1379 410 ¹

386 443 501 474 d.=indc
524 443 729 479 concessisse,
756 452 792 472 ea
817 441 998 473 conditione
1023 447 1141 478 tamen,
1171 446 1207 471 ut
1230 441 1298 479 ipse
1321 446 1353 470 et
1378 456 1379 463 κ

386 486 462 517 socii
487 486 557 525 puri
583 491 698 515 essent.
744 484 942 515 Nominatim
969 495 1044 515 vero
1065 483 1134 515 fieri
1155 483 1351 514 mentionem
1378 507 1379 516 ,

386 528 535 560 videmus
565 528 603 557 de
628 526 784 557 munditie
815 537 833 558 a
857 526 1063 565 mulieribus,
1093 525 1351 566 quandoquidem
1378 525 1380 551 l

386 570 567 603 sacerdotes
592 571 652 609 ipsi
676 580 773 609 quum
798 579 856 609 per
879 569 966 601 vices
989 579 1064 600 suas
1087 568 1148 599 Dei
1171 568 1273 599 cultui
1297 578 1352 598 va—

386 621 499 646 carent
523 614 554 644 in
580 613 774 650 sanctuario,
799 612 957 643 debebant
982 611 1020 643 ab
1040 611 1194 642 uxoribus
1207 612 1272 641 suis
1286 610 1354 641 abs-

386 658 497 688 tinere.
544 655 679 686 Minime
702 655 733 685 id
758 655 887 695 quidem
918 656 1009 695 quasi
1034 664 1097 685 non
1124 654 1245 686 licitum
1269 659 1353 684 esset

388 698 646 731 matrimonium:
671 707 744 728 nam
769 697 850 737 quod
875 698 1038 737 apostolus
1061 697 1156 737 longo
1178 702 1249 737 post
1273 702 1351 725 tem-
1379 696 1381 710 ³

387 753 463 784 pore
487 741 615 781 scripsit
640 740 846 771 verissimum
870 747 933 777 est,
965 746 996 771 et
1021 741 1109 771 Deus
1133 749 1196 770 non
1222 745 1268 769 est
1293 738 1351 768 sibi

389 835 502 861 mutat,
526 833 556 857 et
576 826 819 856 matrimonium
841 825 941 857 voluit
964 826 1038 856 inde
1058 826 1096 856 ab
1120 824 1207 855 omni
1227 823 1353 854 saeculo

389 869 537 902 omnibus
564 869 751 900 hominibus
780 879 849 899 esse
878 878 1058 899 commune.
1105 866 1169 899 Sed
1201 868 1351 907 quoniam

389 912 604 944 sacerdotium
629 911 706 941 illud
728 911 889 942 leviticum
910 910 1146 951 quodammodo
1167 919 1353 949 repraeseu-
1380 928 1381 934 η

390 956 477 986 tabat
501 954 730 995 perfectionem
755 964 836 993 quac
857 961 906 984 est
929 955 961 984 in
982 953 1124 985 Domino
1148 959 1257 983 nostro
1282 951 1354 981 Iesu
1380 950 1382 974 ἓ

391 998 520 1030 Christo
544 997 618 1038 plus
644 1007 739 1036 quam
765 997 920 1033 humana,
952 997 1015 1027 imo
1038 996 1110 1036 plus
1140 1005 1235 1035 quam
1257 1003 1354 1033 ange-

391 1041 462 1077 lica,
482 1040 599 1071 idcirco
617 1038 796 1071 sacerdotes
808 1039 1008 1070 abstinebant
1030 1039 1069 1070 ab
1084 1037 1236 1069 uxoribus
1256 1046 1354 1076 quum

391 1094 448 1124 per
472 1084 556 1114 vices
577 1082 718 1113 Domino
741 1092 830 1113 sacra
853 1081 1019 1114 faciebant.
1065 1081 1161 1120 Quod
1182 1089 1258 1119 ergo
1282 1079 1356 1109 hinc

391 1127 537 1166 papistae
560 1125 679 1156 inferre
703 1124 889 1163 volucrunt,
920 1135 1007 1155 mera
1032 1125 1090 1154 fuit
1116 1122 1301 1163 superstitio
1325 1126 1357 1151 et

392 1169 527 1201 ridicula
550 1167 707 1208 quaedam
735 1168 880 1198 imitatio.
928 1167 1047 1198 Dicunt
1073 1167 1157 1196 enim
1192 1164 1285 1195 hodie
1308 1175 1357 1195 sa-

392 1211 550 1242 crificulos
579 1221 652 1241 suos
683 1209 826 1249 quotidie
857 1210 994 1240 officium
1027 1209 1132 1239 facere
1166 1208 1196 1238 in
1228 1207 1357 1238 Christo

393 1253 572 1285 otferendo:
597 1264 632 1284 ae
658 1252 791 1292 proinde
814 1259 961 1292 oportere
988 1252 1059 1282 ill-vs
1083 1258 1238 1291 perpetuo
1262 1250 1356 1280 absti-

393 1308 468 1328 nere
493 1295 719 1327 amulieribus.
761 1294 825 1326 Sed
840 1296 968 1325 obsecro
992 1295 1062 1334 quis
1075 1295 1163 1324 iussit
1190 1293 1260 1323 illos
1279 1302 1356 1332 quo-

393 1339 480 1377 tidie,
506 1346 539 1370 ut
564 1338 701 1374 faciunt,
733 1337 935 1369 sacrificare?
981 1337 1062 1368 Nam
1088 1335 1242 1376 quidquid
1267 1345 1357 1375 prae-

394 1387 508 1413 texunt
528 1381 684 1412 diabolica
702 1380 756 1410 illa
773 1381 887 1411 missae
909 1380 1106 1420 blasphemia
1120 1380 1246 1418 nititur,
1266 1377 1358 1418 quasi

393 1426 536 1464 ipsorum
559 1424 602 1454 sit
622 1423 761 1454 officium
786 1423 902 1454 offerre
925 1423 991 1453 Deo
1011 1422 1187 1452 Dominum
1214 1428 1357 1451 nostrum

393 1468 500 1498 Iesum
525 1466 703 1497 Christum.
750 1466 851 1505 Atqui
883 1465 1006 1496 nullum
1040 1465 1134 1495 hodie
1165 1464 1357 1495 sacrificium

393 1509 479 1542 aliud
511 1516 559 1540 est
589 1519 645 1549 per
676 1508 760 1548 quod
793 1509 950 1548 possimus
985 1507 1022 1538 ad
1057 1508 1159 1538 Deum
1198 1507 1357 1541 accedere,

394 1553 453 1584 nisi
478 1552 607 1583 unicum
640 1550 718 1581 illud
746 1550 895 1582 omnibus
926 1550 1073 1581 fidelibus
1104 1560 1271 1581 commune
1295 1549 1358 1579 Do-

394 1595 474 1626 mini
517 1595 614 1625 nostri
650 1593 746 1624 semel
783 1594 814 1624 in
849 1603 944 1624 cruce
976 1593 1116 1623 oblatum
1155 1592 1356 1623 sacrificium.

396 1638 520 1670 Deinde
540 1645 706 1677 pastorum
727 1636 867 1667 officium
887 1642 935 1666 est
955 1636 1078 1666 animas
1103 1635 1171 1665 Deo
1192 1645 1247 1675 per
1260 1645 1356 1666 evan-

395 1680 470 1721 gelii
501 1679 786 1720 praedicationem,
822 1685 858 1709 ut
889 1679 1010 1709 Paulus
1045 1678 1198 1717 loquitur,
1232 1678 1357 1708 offerre.

395 1722 635 1762 Quamobrem?
673 1721 790 1753 abusus
821 1721 874 1751 ille
906 1722 1079 1761 papisticus
1109 1721 1186 1751 satis
1217 1727 1359 1760 apparet,

395 1772 425 1796 et
450 1766 534 1796 ultro
558 1764 729 1799 evanescit,
754 1764 808 1795 sed
832 1764 893 1794 alia
909 1765 969 1794 fuit
993 1763 1105 1804 legalis
1129 1763 1213 1793 illius
1227 1763 1358 1794 oblatio-

395 1809 445 1840 nis
477 1808 571 1844 ratio,
607 1808 637 1838 in
670 1816 732 1847 qua
762 1808 905 1847 oport-uit
935 1807 1163 1846 perfectionem
1197 1806 1359 1845 quandam

394 1852 567 1892 plusquam
592 1850 768 1890 angelicam
794 1849 910 1880 ritibus
933 1848 1124 1889 quibusdam
1145 1849 1290 1879 externis
1315 1860 1361 1879 re-

395 1894 604 1934 praesentari,
636 1897 671 1923 ut
694 1892 847 1923 nimirum
883 1897 1009 1923 veteres
1032 1891 1076 1922 illi
1108 1896 1215 1931 patres
1245 1901 1360 1931 cogno-

395 1942 532 1975 scerent,
555 1946 628 1966 eum
653 1935 707 1975 qui
729 1935 884 1965 mundum
904 1941 973 1965 erat
996 1935 1065 1965 Deo
1085 1934 1360 1971 reconciliaturus,

396 1990 460 2010 non
485 1989 553 2010 esse
578 1979 657 2008 tanti
683 1984 810 2017 tamque
830 1977 1016 2009 excellentis
1040 1977 1182 2008 muneris
1201 1987 1360 2017 capacem,

397 2023 458 2053 nisi
482 2031 611 2052 omnem
638 2021 813 2051 humanum
843 2020 1079 2060 corruptionem
1112 2019 1280 2059 spoliaret,
1312 2021 1360 2050 ni-

397 2064 508 2105 hilque
527 2070 691 2095 terrenum
711 2068 765 2093 aut
784 2073 955 2094 commune
974 2072 1045 2093 cum
1067 2062 1197 2101 reliquis
1220 2061 1360 2097 haberet,

398 2107 453 2139 sed
477 2107 554 2147 ipsis
578 2107 672 2137 etiam
698 2105 808 2137 beatos
820 2105 952 2146 angelos
976 2105 1132 2145 dignitate
1149 2109 1181 2135 et
1203 2105 1360 2135 excellen-

398 2151 442 2181 tia
462 2156 492 2180 et
516 2149 728 2180 sanctimonia
745 2148 840 2188 longe
863 2154 1038 2188 superaret.
1084 2147 1150 2178 Nos
1169 2147 1267 2187 igitur
1287 2147 1361 2179 hinc

398 2193 508 2224 utilem
530 2192 707 2224 doctrinam
721 2201 880 2226 eruamus,
902 2201 1015 2231 nempe
1029 2189 1206 2221 cavendum
1223 2200 1362 2221 summo-

398 2246 489 2276 pere,
522 2246 561 2265 nc
585 2235 617 2265 in
642 2235 761 2265 abusus
783 2233 856 2265 illos
880 2233 1050 2273 papisticos
1075 2232 1267 2268 incidamus,
1293 2233 1360 2272 qui-

399 2320 508 2361 pollui,
533 2331 568 2351 ac
591 2319 725 2360 proinde
750 2330 788 2350 ne
812 2324 1049 2350 sacrosanctum
1074 2318 1163 2348 illum
1189 2319 1274 2348 vitae
1297 2324 1361 2349 sta-

399 2369 467 2394 tum
488 2369 731 2394 contemnamus
756 2368 908 2402 tanquam
940 2360 1082 2392 sordium
1110 2367 1140 2390 et
1164 2360 1361 2392 macularum

399 2412 579 2437 nostrarum
603 2415 747 2441 eausam,
779 2415 872 2444 quem
899 2404 986 2435 Deus
1010 2409 1075 2434 tam
1099 2410 1247 2434 accurate
1270 2414 1361 2443 prae-

399 2449 498 2488 cepit,
527 2448 603 2487 quin
635 2448 739 2487 potius
768 2457 980 2487 agnoscamus
1011 2446 1126 2477 vitium
1158 2446 1184 2476 si
1214 2446 1297 2485 quod
1328 2446 1361 2476 in

398 2490 603 2522 matrimonio
626 2496 673 2521 est
702 2500 720 2520 a
746 2489 837 2520 nobis
864 2499 949 2520 esse:
975 2495 1007 2520 et
1031 2489 1196 2519 hominum
1229 2489 1361 2520 istorum

397 2533 628 2573 impudentiam
667 2533 877 2568 detestemur,
913 2532 965 2571 qui
997 2531 1206 2571 subterfugiis
1236 2531 1302 2562 suis
1332 2538 1363 2562 et
1388 2556 1389 2560 ,

398 2577 497 2608 larvis
524 2576 666 2607 externis
692 2575 795 2606 Deum
825 2574 885 2606 sibi
910 2580 1024 2614 putant
1054 2574 1240 2610 conciliare,
1271 2574 1362 2614 quasi

397 2619 436 2650 ad
462 2619 521 2650 hoc
544 2619 647 2658 ipsum
672 2618 750 2649 satis
773 2617 910 2648 indonei.
959 2618 1055 2657 Atqui
1080 2622 1201 2648 eertum
1227 2621 1275 2648 est
1299 2616 1363 2647 Do-

398 2662 522 2693 minum
546 2662 649 2701 ipsum
670 2667 813 2691 nostrum
834 2659 940 2691 Iesum
961 2659 1139 2696 Christum,
1163 2659 1190 2690 si
1209 2658 1284 2699 quid
1306 2659 1362 2690 hu—

1386 2044 1387 2050 ,
1413 2021 1514 2052 multa
1546 2021 1762 2060 patiebantur.

1404 218 1580 249 Lxxwl.
2309 219 2371 250 392

1377 338 1380 357 ἵ
1407 322 1520 343 manae
1544 311 1728 352 tragilitatis
1759 318 1791 341 et
1814 313 2030 351 corruptionis
2059 322 2172 352 passus
2196 320 2279 344 esset
2309 324 2371 343 nnn

1406 355 1504 386 fuisse
1528 355 1673 384 futurum
1698 353 1849 384 idoneum
1879 354 1917 384 ad
1943 355 2127 385 mediatoris
2153 355 2310 391 officium,
2341 363 2373 386 et

1406 398 1444 428 ad
1469 399 1549 428 iram
1571 397 1631 426 Dei
1656 397 1757 436 patris
1780 396 1980 436 placandam,
2026 407 2062 428 ac
2094 398 2227 438 proinde
2247 398 2371 429 nullum

1408 441 1497 471 nobis
1522 450 1578 479 per
1601 440 1705 478 ipsum
1730 439 1768 469 ad
1790 438 1895 471 Deum
1921 439 2042 470 aditum
2067 440 2143 479 fore,
2167 450 2269 480 neque
2292 440 2372 471 fidu-

1406 484 1486 513 ciam
1510 480 1728 512 exauditionis
1751 491 1880 521 precum
1912 490 2103 514 nostrarum.
2150 482 2371 522 Quamobrem

1407 534 1620 562 agnoscamus
1650 524 1683 555 in
1713 524 1802 556 nobis
1834 534 1902 556 esse
1931 525 2128 556 confusionis
2161 532 2192 556 et
2223 518 2373 556 huiffilia-

1408 567 1502 598 tionis
1525 576 1632 598 coram
1660 567 1730 598 Deo
1760 567 1976 605 occasionem,
2007 567 2062 599 sed
2092 569 2123 599 in
2155 568 2286 599 Christo
2316 578 2374 599 nos

1380 642 1381 648 χ
1408 611 1526 640 habere
1548 619 1699 649 magnam
1728 609 1865 641 fiduciae
1898 611 2082 648 materiam,
2113 610 2373 651 quandoquidem

1406 653 1511 683 omnis
1539 652 1692 692 perfectio
1722 659 1753 683 et
1783 653 1938 684 sanctitas
1966 653 1998 684 in
2029 654 2096 693 ipso
2127 654 2201 692 fuit,
2231 654 2310 685 adeo
2340 658 2376 684 ut

1407 695 1657 735 quotiescunque
1681 694 1719 725 ad
1735 695 1838 726 Deum
1863 695 1964 735 ipsius
1987 697 2117 726 nomine
2136 697 2374 733 accesserimus,

1379 750 1381 784 j
1407 738 1490 778 grati
1514 738 1573 777 ipsi
1600 738 1697 768 futuri
1720 738 1831 776 simus,
1855 739 1975 769 virtute
1997 739 2150 770 nimirum
2175 739 2261 770 illius
2287 739 2374 779 puri·

387 784 569 817 contrarius
599 783 653 823 qui
688 793 792 823 neque
823 788 972 814 naturam
1013 793 1116 823 neque
1153 782 1351 812 voluntatem
1380 787 1381 820 ξ

1380 853 1381 858 ,
1408 833 1508 863 purus
1531 828 1587 853 est.
1990 848 1994 851 Α

1408 781 1482 811 tatis
1513 785 1544 811 et
1575 780 1757 811 sanctitatis
1787 790 1851 820 qua
1883 780 1932 811 vel
1965 780 2004 812 ab
2040 782 2107 821 ipso
2138 782 2251 812 matris
2284 786 2375 813 utero

1493 865 1652 905 Sequitur
1681 865 1878 897 sacerdotem
1910 865 2028 897 Davidi
2059 876 2175 906 panem
2207 865 2377 899 tradidisse

1409 913 1440 939 et
1465 907 1624 939 Davidem
1648 908 1687 939 ab
1711 909 1779 948 ipso
1803 908 1971 948 accepisse.
2017 908 2079 940 Ubi
2112 909 2251 949 primum
2283 919 2378 949 quae-

1409 951 1544 982 rendum
1569 950 1613 981 sit
1631 950 1821 982 sacerdosne
1844 952 2025 990 peccaverit
2046 951 2165 982 Davidi
2186 961 2283 992 panes
2303 951 2376 984 illos

1380 1030 1382 1041 Ι
1410 994 1557 1025 tradens:
1582 1003 1622 1024 an
1646 993 1742 1024 etiam
1764 993 1871 1024 David
1896 993 2022 1025 eosdem
2048 994 2216 1034 recipiens,
2240 1004 2376 1034 quorum

1410 1047 1502 1067 usum
1527 1046 1652 1068 sacrum
1683 1047 1752 1067 esse
1784 1046 1846 1067 non
1871 1036 2049 1077 ignorabat.
2099 1037 2223 1068 Verum
2248 1045 2376 1069 tautum

1409 1079 1500 1111 abest
1533 1084 1570 1110 ut
1603 1078 1777 1110 sacerdotis
1810 1079 1931 1110 factum
1967 1079 2053 1111 istud
2094 1079 2376 1112 condemnandum

1409 1122 1569 1159 videatur,
1598 1126 1635 1152 ut
1663 1122 1764 1162 ipsius
1795 1131 1850 1153 ore
1874 1121 1935 1153 Dei
1967 1122 2171 1162 approbetur.
2225 1122 2273 1154 Ac
2302 1133 2376 1164 pro·

1411 1164 1483 1195 inde
1506 1165 1531 1195 si
1556 1163 1704 1196 sacerdos
1729 1175 1792 1195 non
1811 1163 2078 1196 condemnandus
2101 1172 2158 1202 est,
2183 1175 2286 1206 neque
2313 1166 2377 1197 Da-

1410 1207 1463 1238 vid
1487 1208 1583 1238 etiam
1615 1207 1722 1247 lapsus
1747 1207 1806 1238 hac
1829 1207 1863 1238 in
1887 1212 1978 1247 parte
2001 1207 2062 1239 diei
2094 1213 2214 1248 potest:
2243 1207 2298 1239 sed
2321 1218 2377 1249 po-

1410 1251 1474 1281 tius
1503 1251 1669 1286 innocens,
1693 1260 1788 1290 quem
1820 1250 1846 1280 si
1876 1250 1951 1290 quid
1982 1257 2053 1282 crat
2083 1251 2204 1291 peceati
2229 1251 2377 1283 sacerdos

1411 1293 1568 1333 potuisset
1591 1292 1772 1324 admonere.
1813 1292 1915 1323 Datos
1939 1293 2038 1334 igitur
2057 1303 2155 1333 panes
2175 1293 2282 1324 David
2307 1294 2376 1326 siue

1410 1335 1505 1375 culpa
1527 1339 1559 1366 et
1581 1336 1705 1375 aceepit
1723 1340 1753 1366 et
1773 1336 1915 1366 retinnit.
1954 1335 1989 1367 Si
2013 1337 2084 1376 quis
2107 1341 2212 1367 autem
2237 1336 2378 1377 excipiat

1411 1378 1607 1409 sacerdotem
1641 1378 1776 1409 Davidis
1805 1379 1987 1418 importuna
2018 1380 2172 1418 petitione
2197 1379 2295 1410 fuisse
2325 1389 2372 1410 co·

1411 1429 1534 1452 actum:
1568 1421 1702 1452 dicimus
1726 1421 1847 1451 nullam
1874 1421 1925 1452 hic
1948 1432 2102 1461 apparere
2131 1423 2245 1452 factam
2271 1431 2376 1453 sacer-

1413 1464 1475 1494 doti
1501 1475 1517 1494 a
1544 1463 1669 1495 Davide
1693 1464 1768 1500 vim,
1799 1463 1854 1494 sed
1885 1464 1984 1495 solam
2009 1464 2057 1494 illi
2080 1474 2170 1495 suam
2195 1465 2376 1504 expositam

1412 1507 1647 1538 necessitatem.
1694 1506 1783 1537 Haec
1806 1506 1907 1546 igitur
1930 1507 2014 1537 inter
2044 1517 2077 1538 se
2101 1506 2273 1538 coniuncta
2292 1514 2376 1538 sunt.

1411 1549 1619 1580 Sacerdotem
1644 1549 1670 1580 si
1690 1548 1809 1580 Davidi
1835 1548 1909 1580 dare
1934 1559 2033 1589 panes
2056 1550 2284 1589 propositionis
2307 1550 2378 1581 sine

1411 1599 1541 1632 peceato
1575 1592 1690 1632 potuit,
1728 1591 1888 1623 Davidem
1926 1592 2023 1623 ctiam
2058 1592 2167 1623 itidem
2203 1592 2243 1623 ab
2275 1592 2377 1633 ipsius

1411 1644 1509 1666 manu
1534 1635 1604 1665 sine
1627 1640 1756 1675 peccato
1785 1635 1927 1675 potuisse
1957 1635 2106 1676 recipere.
2145 1634 2211 1666 Sed
2241 1635 2378 1675 ipsemet

1412 1677 1572 1709 Dominus
1602 1683 1712 1709 noster
1741 1677 1833 1708 Iesus
1857 1677 2009 1709 Christus
2041 1677 2126 1708 hanc
2155 1678 2376 1718 quaestionem

1412 1721 1452 1751 12
1475 1731 1543 1760 cap.
1567 1720 1661 1752 Matt.
1686 1720 1783 1751 solvit
1806 1731 1903 1761 quum
1928 1721 2030 1760 ipsius
2053 1719 2228 1760 discipulos
2251 1721 2376 1752 scribae

1411 1763 1696 1803 reprehenderent,
1727 1762 1811 1803 quod
1844 1763 1894 1793 die
1917 1763 2064 1794 sabbathi
2089 1769 2294 1795 transeuntes
2317 1773 2375 1804 per

1411 1813 1481 1837 sata
1505 1807 1657 1837 frumenti
1681 1806 1785 1845 spicas
1808 1806 1985 1837 evellerent
2013 1812 2043 1836 et
2074 1805 2113 1837 ad
2142 1805 2374 1837 comedendum

1411 1849 1562 1880 manibus
1586 1848 1656 1880 illas
1688 1850 1848 1880 fricarent.
1895 1848 1963 1879 Nae
1994 1849 2077 1880 fame
2107 1855 2234 1880 coactos
2263 1848 2376 1881 fecisse

1413 1893 1442 1923 id
1467 1891 1638 1932 discipulos
1663 1901 1790 1923 necesse
1813 1897 1872 1930 est,
1903 1892 1956 1931 qui
1982 1901 2045 1922 non
2071 1896 2106 1922 ut
2130 1891 2253 1931 profani
2278 1891 2378 1923 homi-

1386 1946 1478 1971 ¹nes,
1515 1941 1548 1965 ut
1583 1934 1737 1966 luxoriosi
1762 1939 1818 1965 aut
1851 1933 2011 1965 ambitiosi
2046 1935 2113 1965 suis
2146 1934 2377 1974 cupiditatibus

1413 1979 1590 2015 agebantur
1625 1977 1908 2021 transversusut
1945 1977 1982 2007 ad
2018 1977 2194 2017 explendas
2228 1977 2378 2009 libidines

1821 2020 1884 2051 Sed
1927 2020 1965 2050 ab
1999 2020 2148 2051 omnibus
2182 2020 2253 2051 istis
2287 2020 2378 2051 vitiis

1413 2063 1601 2095 alienissimi
1623 2063 1813 2103 magistrum
1834 2073 1927 2094 suuni
1944 2062 2170 2102 sequebantur,
2191 2063 2244 2103 qui
2259 2073 2377 2104 magno

1414 2106 1521 2137 labore
1552 2113 1584 2136 et
1615 2116 1692 2137 cura
1723 2105 1887 2145 regionem
1912 2105 1998 2136 illam
2025 2105 2224 2146 peragrabat.
2257 2111 2293 2136 ut
2316 2105 2376 2136 Dei

1414 2150 1513 2188 patris
1545 2159 1680 2189 regnum
1711 2154 1925 2189 promqveret‚
1961 2148 2158 2187 miserosque
2194 2153 2377 2188 peccatores

1414 2192 1451 2222 ad
1478 2193 1563 2223 viam
1587 2191 1700 2222 salutis
1733 2195 1907 2221 revocaret.
1954 2190 2067 2230 Itaque
2097 2190 2242 2230 discipuli
2273 2190 2376 2231 ipsius

1387 2269 1388 2272 Ἰ
1414 2244 1486 2265 eum
1513 2234 1693 2265 humilitate
1716 2240 1747 2264 et
1769 2232 1951 2264 obedientia
1976 2232 2044 2263 Deo
2068 2233 2247 2264 servientes
2270 2233 2374 2273 ipsum

399 2279 458 2310 bus
481 2277 660 2309 sacerdotes
683 2287 758 2308 suos
781 2276 871 2307 aiunt
895 2286 957 2307 non
988 2281 1133 2315 oportere
1156 2275 1362 2306 matrimonio
1387 2299 1389 2304 ⁴

1414 2279 1548 2316 sequuti,
1580 2277 1695 2308 famem
1721 2276 1858 2316 aliquam
1882 2276 1966 2315 passi
1990 2282 2065 2306 sunt
2093 2275 2229 2316 ideoque
2252 2283 2376 2308 transe-

1415 2326 1508 2351 untes
1531 2330 1588 2359 per
1609 2324 1678 2351 sata.
1701 2319 1804 2359 spicas
1828 2318 1948 2359 aliquot
1970 2317 2110 2349 evellere
2132 2324 2314 2358 coeperunt,
2346 2324 2378 2349 et

1415 2362 1561 2394 manibus
1585 2367 1688 2393 terere
1719 2368 1753 2393 ut
1787 2361 1894 2401 aliquo
1917 2371 1951 2392 se
1982 2361 2182 2392 sustinerent
2211 2361 2374 2392 alimento.

1414 2404 1544 2435 Scribae
1569 2415 1645 2436 vero
1669 2410 1820 2444 tanquam
1844 2404 1946 2435 severi
1972 2403 2093 2435 iudices
2116 2403 2190 2435 illos
2213 2410 2374 2439 accusant,

1387 2455 1443 2492 λοι
1479 2453 1632 2487 tanquam
1666 2447 1777 2478 violati
1811 2446 1958 2478 sabbathi
1994 2456 2065 2477 reos
2099 2446 2233 2477 Domini
2270 2447 2372 2478 nostri

1415 2489 1487 2520 Iesu
1517 2490 1634 2521 Christi
1665 2489 1837 2529 discipulos
1865 2489 2005 2521 faciunt:
2037 2499 2102 2520 non
2131 2489 2257 2529 quidem
2282 2488 2376 2521 disci·

1415 2532 1562 2571 pulorum
1598 2539 1721 2563 tantum
1759 2531 1895 2563 dedecus
1930 2537 2147 2569 procurantes,
2182 2531 2237 2563 sed
2272 2533 2374 2573 magis

1414 2574 1589 2605 Dominum
1610 2581 1642 2606 et
1660 2575 1851 2616 magistrum
1871 2574 2018 2606 sabbathi
2039 2574 2226 2606 violatorem
2245 2581 2278 2605 et
2300 2584 2375 2606 con-

1414 2622 1601 2657 temptorem
1627 2617 1789 2649 declarare
1808 2617 1982 2657 cupientes.
2024 2617 2102 2648 Istis
2121 2627 2196 2648 vero
2215 2616 2376 2648 Dominus

1415 2666 1522 2690 noster
1550 2659 1640 2690 Iesus
1663 2660 1814 2692 Christus
1838 2659 2015 2700 respondit:
2051 2659 2124 2691 Non
2150 2659 2274 2700 legistis
2296 2659 2373 2700 quid
