<?xml version="1.0" encoding="UTF-8"?>
<!DOCTYPE html PUBLIC "-//W3C//DTD XHTML 1.0 Transitional//EN"
    "http://www.w3.org/TR/xhtml1/DTD/xhtml1-transitional.dtd">
<html xmlns="http://www.w3.org/1999/xhtml" xml:lang="en" lang="en">
 <head>
  <title>
</title>
<meta http-equiv="Content-Type" content="text/html;charset=utf-8" />
  <meta name='ocr-system' content='tesseract 3.04.00' />
  <meta name='ocr-capabilities' content='ocr_page ocr_carea ocr_par ocr_line ocrx_word'/>
</head>
<body>
  <div class='ocr_page' id='page_1' title='image "./ioanniscalviniop30calv_0246.png"; bbox 0 0 2551 3044; ppageno 0'>
   <div class='ocr_carea' id='block_1_1' title="bbox 392 207 2374 245">
    <p class='ocr_par' dir='ltr' id='par_1_1' title="bbox 392 207 2374 245">
     <span class='ocr_line' id='line_1_1' title="bbox 392 207 2374 245; baseline -0.004 0"><span class='ocrx_word' id='word_1_1' title='bbox 392 214 452 245; x_wconf 72' lang='lat'>471</span> <span class='ocrx_word' id='word_1_2' title='bbox 1176 210 1377 242; x_wconf 78' lang='lat' dir='ltr'><strong>HOMILIA</strong></span> <span class='ocrx_word' id='word_1_3' title='bbox 1402 208 1597 242; x_wconf 71' lang='lat' dir='ltr'>LXXXIV.</span> <span class='ocrx_word' id='word_1_4' title='bbox 2313 207 2374 238; x_wconf 78' lang='lat'>472</span> 
     </span>
    </p>
   </div>
   <div class='ocr_carea' id='block_1_2' title="bbox 399 301 2375 346">
    <p class='ocr_par' dir='ltr' id='par_1_2' title="bbox 399 301 2375 346">
     <span class='ocr_line' id='line_1_2' title="bbox 399 301 2375 346; baseline -0.003 -7"><span class='ocrx_word' id='word_1_5' title='bbox 399 307 498 340; x_wconf 71' lang='lat' dir='ltr'>ricult</span> <span class='ocrx_word' id='word_1_6' title='bbox 531 307 694 346; x_wconf 83' lang='lat' dir='ltr'>ingruunt..</span> <span class='ocrx_word' id='word_1_7' title='bbox 726 313 756 336; x_wconf 85' lang='lat' dir='ltr'>et</span> <span class='ocrx_word' id='word_1_8' title='bbox 787 306 817 336; x_wconf 93' lang='lat' dir='ltr'>in</span> <span class='ocrx_word' id='word_1_9' title='bbox 850 316 915 336; x_wconf 89' lang='lat' dir='ltr'>rem</span> <span class='ocrx_word' id='word_1_10' title='bbox 949 305 1050 345; x_wconf 86' lang='lat' dir='ltr'>ipsam</span> <span class='ocrx_word' id='word_1_11' title='bbox 1084 304 1278 335; x_wconf 87' lang='lat' dir='ltr'>veniendum</span> <span class='ocrx_word' id='word_1_12' title='bbox 1303 310 1361 341; x_wconf 84' lang='lat' dir='ltr'>est,</span> <span class='ocrx_word' id='word_1_13' title='bbox 1385 307 1388 333; x_wconf 71' lang='lat' dir='ltr'>l</span> <span class='ocrx_word' id='word_1_14' title='bbox 1415 304 1527 334; x_wconf 90' lang='lat' dir='ltr'>mortis</span> <span class='ocrx_word' id='word_1_15' title='bbox 1552 302 1737 334; x_wconf 83' lang='lat' dir='ltr'>imminenti</span> <span class='ocrx_word' id='word_1_16' title='bbox 1760 302 1903 343; x_wconf 90' lang='lat' dir='ltr'>periculo</span> <span class='ocrx_word' id='word_1_17' title='bbox 1929 301 2146 333; x_wconf 89' lang='lat' dir='ltr'>liberandum:</span> <span class='ocrx_word' id='word_1_18' title='bbox 2171 301 2252 342; x_wconf 90' lang='lat' dir='ltr'>quod</span> <span class='ocrx_word' id='word_1_19' title='bbox 2278 302 2375 334; x_wconf 82' lang='lat' dir='ltr'>etiam</span> 
     </span>
    </p>
   </div>
   <div class='ocr_carea' id='block_1_3' title="bbox 399 347 1388 389">
    <p class='ocr_par' dir='ltr' id='par_1_3' title="bbox 399 347 1388 389">
     <span class='ocr_line' id='line_1_3' title="bbox 399 347 1388 389; baseline -0.005 -7"><span class='ocrx_word' id='word_1_20' title='bbox 399 358 428 382; x_wconf 91' lang='lat' dir='ltr'>et</span> <span class='ocrx_word' id='word_1_21' title='bbox 452 350 589 389; x_wconf 84' lang='lat' dir='ltr'>rigidum</span> <span class='ocrx_word' id='word_1_22' title='bbox 603 358 739 379; x_wconf 79' lang='lat' dir='ltr'>examen</span> <span class='ocrx_word' id='word_1_23' title='bbox 753 347 967 384; x_wconf 85' lang='lat' dir='ltr'>subeundum,</span> <span class='ocrx_word' id='word_1_24' title='bbox 993 354 1060 378; x_wconf 90' lang='lat' dir='ltr'>tum</span> <span class='ocrx_word' id='word_1_25' title='bbox 1080 347 1174 387; x_wconf 89' lang='lat' dir='ltr'>plane</span> <span class='ocrx_word' id='word_1_26' title='bbox 1194 347 1362 379; x_wconf 91' lang='lat' dir='ltr'>deficimus</span> <span class='ocrx_word' id='word_1_27' title='bbox 1386 364 1388 370; x_wconf 62' lang='grc' dir='ltr'><strong><em>ι</em></strong></span> 
     </span>
    </p>
   </div>
   <div class='ocr_carea' id='block_1_4' title="bbox 398 373 1360 432">
    <p class='ocr_par' dir='ltr' id='par_1_4' title="bbox 398 373 1360 432">
     <span class='ocr_line' id='line_1_4' title="bbox 398 373 1360 432; baseline -0.003 -9"><span class='ocrx_word' id='word_1_28' title='bbox 398 400 427 424; x_wconf 92' lang='lat' dir='ltr'>et</span> <span class='ocrx_word' id='word_1_29' title='bbox 453 392 614 432; x_wconf 83' lang='lat' dir='ltr'>perterriti</span> <span class='ocrx_word' id='word_1_30' title='bbox 638 391 698 422; x_wconf 88' lang='lat' dir='ltr'>lab</span> <span class='ocrx_word' id='word_1_31' title='bbox 694 401 842 422; x_wconf 82' lang='grc'><strong>1501111115</strong></span> <span class='ocrx_word' id='word_1_32' title='bbox 868 373 967 430; x_wconf 75' lang='lat' dir='ltr'>Atqui</span> <span class='ocrx_word' id='word_1_33' title='bbox 991 390 1069 421; x_wconf 86' lang='lat' dir='ltr'>fides</span> <span class='ocrx_word' id='word_1_34' title='bbox 1094 400 1158 420; x_wconf 88' lang='lat' dir='ltr'>non</span> <span class='ocrx_word' id='word_1_35' title='bbox 1183 395 1231 421; x_wconf 91' lang='lat' dir='ltr'>est</span> <span class='ocrx_word' id='word_1_36' title='bbox 1250 391 1360 426; x_wconf 87' lang='lat' dir='ltr'>otiosa,</span> 
     </span>
    </p>
   </div>
   <div class='ocr_carea' id='block_1_5' title="bbox 399 475 1361 601">
    <p class='ocr_par' dir='ltr' id='par_1_5' title="bbox 399 475 1361 601">
     <span class='ocr_line' id='line_1_5' title="bbox 399 475 1361 515; baseline -0.002 -7"><span class='ocrx_word' id='word_1_37' title='bbox 399 488 526 509; x_wconf 82' lang='lat' dir='ltr'>summo</span> <span class='ocrx_word' id='word_1_38' title='bbox 546 487 652 508; x_wconf 86' lang='lat' dir='ltr'>rerum</span> <span class='ocrx_word' id='word_1_39' title='bbox 673 476 869 514; x_wconf 83' lang='lat' dir='ltr'>discrimine,</span> <span class='ocrx_word' id='word_1_40' title='bbox 893 482 925 506; x_wconf 90' lang='lat' dir='ltr'>et</span> <span class='ocrx_word' id='word_1_41' title='bbox 938 476 1038 507; x_wconf 81' lang='lat' dir='ltr'>veluti</span> <span class='ocrx_word' id='word_1_42' title='bbox 1060 475 1155 506; x_wconf 88' lang='lat' dir='ltr'>rebus</span> <span class='ocrx_word' id='word_1_43' title='bbox 1177 475 1361 515; x_wconf 83' lang='lat' dir='ltr'>deploratis,</span> 
     </span>
     <span class='ocr_line' id='line_1_6' title="bbox 400 519 1361 560; baseline -0.003 -9"><span class='ocrx_word' id='word_1_44' title='bbox 400 526 431 551; x_wconf 87' lang='lat' dir='ltr'>et</span> <span class='ocrx_word' id='word_1_45' title='bbox 443 520 611 551; x_wconf 70' lang='lat' dir='ltr'>huminum</span> <span class='ocrx_word' id='word_1_46' title='bbox 625 520 775 559; x_wconf 89' lang='lat' dir='ltr'>opinione</span> <span class='ocrx_word' id='word_1_47' title='bbox 788 519 954 560; x_wconf 70' lang='lat' dir='ltr'>deplorata</span> <span class='ocrx_word' id='word_1_48' title='bbox 967 519 1080 550; x_wconf 88' lang='lat' dir='ltr'>salute.</span> <span class='ocrx_word' id='word_1_49' title='bbox 1101 519 1204 555; x_wconf 85' lang='lat' dir='ltr'>Tunc,</span> <span class='ocrx_word' id='word_1_50' title='bbox 1217 519 1361 558; x_wconf 91' lang='lat' dir='ltr'>inquam,</span> 
     </span>
     <span class='ocr_line' id='line_1_7' title="bbox 399 560 1361 601; baseline -0.003 -7"><span class='ocrx_word' id='word_1_51' title='bbox 399 564 540 594; x_wconf 76' lang='lat' dir='ltr'>maxime</span> <span class='ocrx_word' id='word_1_52' title='bbox 574 573 608 593; x_wconf 89' lang='lat' dir='ltr'>so</span> <span class='ocrx_word' id='word_1_53' title='bbox 643 562 722 593; x_wconf 87' lang='lat' dir='ltr'>fides</span> <span class='ocrx_word' id='word_1_54' title='bbox 757 562 887 594; x_wconf 80' lang='lat' dir='ltr'>exserit</span> <span class='ocrx_word' id='word_1_55' title='bbox 922 567 952 592; x_wconf 92' lang='lat' dir='ltr'>et</span> <span class='ocrx_word' id='word_1_56' title='bbox 985 561 1149 601; x_wconf 86' lang='lat' dir='ltr'>perpetuis</span> <span class='ocrx_word' id='word_1_57' title='bbox 1182 560 1221 592; x_wconf 87' lang='lat' dir='ltr'>ad</span> <span class='ocrx_word' id='word_1_58' title='bbox 1254 561 1361 592; x_wconf 89' lang='lat' dir='ltr'>Deum</span> 
     </span>
    </p>
   </div>
   <div class='ocr_carea' id='block_1_6' title="bbox 398 603 1390 695">
    <p class='ocr_par' dir='ltr' id='par_1_6' title="bbox 398 603 1390 687">
     <span class='ocr_line' id='line_1_8' title="bbox 398 603 1390 647; baseline -0.003 -10"><span class='ocrx_word' id='word_1_59' title='bbox 398 606 547 647; x_wconf 88' lang='lat' dir='ltr'>precibus</span> <span class='ocrx_word' id='word_1_60' title='bbox 571 605 748 636; x_wconf 89' lang='lat' dir='ltr'>roboratur.</span> <span class='ocrx_word' id='word_1_61' title='bbox 789 604 855 635; x_wconf 68' lang='lat' dir='ltr'>Nos</span> <span class='ocrx_word' id='word_1_62' title='bbox 880 605 979 644; x_wconf 84' lang='lat' dir='ltr'>igitur</span> <span class='ocrx_word' id='word_1_63' title='bbox 1002 603 1141 635; x_wconf 88' lang='lat' dir='ltr'>Davidis</span> <span class='ocrx_word' id='word_1_64' title='bbox 1164 604 1361 644; x_wconf 84' lang='lat' dir='ltr'>singularem</span> <span class='ocrx_word' id='word_1_65' title='bbox 1388 636 1390 645; x_wconf 39' lang='lat'>,</span> 
     </span>
     <span class='ocr_line' id='line_1_9' title="bbox 398 646 1389 695; baseline -0.003 -16"><span class='ocrx_word' id='word_1_66' title='bbox 398 649 494 680; x_wconf 87' lang='lat' dir='ltr'>fidem</span> <span class='ocrx_word' id='word_1_67' title='bbox 515 658 726 689; x_wconf 69' lang='lat' dir='ltr'>agnoscamus</span> <span class='ocrx_word' id='word_1_68' title='bbox 740 657 840 687; x_wconf 87' lang='lat' dir='ltr'>eoque</span> <span class='ocrx_word' id='word_1_69' title='bbox 863 647 1016 678; x_wconf 68' lang='lat' dir='ltr'>maiorem</span> <span class='ocrx_word' id='word_1_70' title='bbox 1039 657 1102 695; x_wconf 80' lang='lat' dir='ltr'>quo</span> <span class='ocrx_word' id='word_1_71' title='bbox 1119 646 1268 678; x_wconf 87' lang='lat' dir='ltr'>durlora</span> <span class='ocrx_word' id='word_1_72' title='bbox 1261 656 1362 687; x_wconf 74' lang='lat' dir='ltr'>ipsius</span> <span class='ocrx_word' id='word_1_73' title='bbox 1388 657 1389 665; x_wconf 59' lang='lat'>¹</span> 
     </span>
    </p>
   </div>
   <div class='ocr_carea' id='block_1_7' title="bbox 400 675 1361 730">
    <p class='ocr_par' dir='ltr' id='par_1_7' title="bbox 400 675 1361 730">
     <span class='ocr_line' id='line_1_10' title="bbox 400 675 1361 730; baseline -0.004 -7"><span class='ocrx_word' id='word_1_74' title='bbox 400 675 553 723; x_wconf 66' lang='lat' dir='ltr'>fuerunt⁰</span> <span class='ocrx_word' id='word_1_75' title='bbox 552 691 728 721; x_wconf 81' lang='lat' dir='ltr'>certamina</span> <span class='ocrx_word' id='word_1_76' title='bbox 752 695 783 721; x_wconf 90' lang='lat' dir='ltr'>et</span> <span class='ocrx_word' id='word_1_77' title='bbox 806 691 975 730; x_wconf 85' lang='lat' dir='ltr'>angustiae</span> <span class='ocrx_word' id='word_1_78' title='bbox 993 690 1132 720; x_wconf 86' lang='lat' dir='ltr'>maiores</span> <span class='ocrx_word' id='word_1_79' title='bbox 1155 690 1186 720; x_wconf 92' lang='lat' dir='ltr'>iu</span> <span class='ocrx_word' id='word_1_80' title='bbox 1210 700 1289 729; x_wconf 89' lang='lat' dir='ltr'>quas</span> <span class='ocrx_word' id='word_1_81' title='bbox 1312 699 1361 720; x_wconf 90' lang='lat' dir='ltr'>re-</span> 
     </span>
    </p>
   </div>
   <div class='ocr_carea' id='block_1_8' title="bbox 399 731 1389 816">
    <p class='ocr_par' dir='ltr' id='par_1_8' title="bbox 399 731 1389 816">
     <span class='ocr_line' id='line_1_11' title="bbox 399 731 1389 773; baseline -0.003 -8"><span class='ocrx_word' id='word_1_82' title='bbox 399 734 510 766; x_wconf 86' lang='lat' dir='ltr'>dactus</span> <span class='ocrx_word' id='word_1_83' title='bbox 530 739 609 764; x_wconf 88' lang='lat' dir='ltr'>crat.</span> <span class='ocrx_word' id='word_1_84' title='bbox 642 733 761 773; x_wconf 83' lang='lat' dir='ltr'><strong>Ecquis</strong></span> <span class='ocrx_word' id='word_1_85' title='bbox 783 733 870 763; x_wconf 91' lang='lat' dir='ltr'>enim</span> <span class='ocrx_word' id='word_1_86' title='bbox 895 743 957 763; x_wconf 91' lang='lat' dir='ltr'>non</span> <span class='ocrx_word' id='word_1_87' title='bbox 982 732 1167 763; x_wconf 75' lang='lat' dir='ltr'>vehementi</span> <span class='ocrx_word' id='word_1_88' title='bbox 1191 731 1362 764; x_wconf 88' lang='lat' dir='ltr'>formidine</span> <span class='ocrx_word' id='word_1_89' title='bbox 1388 741 1389 744; x_wconf 54' lang='lat'>¹</span> 
     </span>
     <span class='ocr_line' id='line_1_12' title="bbox 634 774 1389 816; baseline -0.003 -9"><span class='ocrx_word' id='word_1_90' title='bbox 634 777 670 814; x_wconf 81' lang='lat' dir='ltr'>si,</span> <span class='ocrx_word' id='word_1_91' title='bbox 695 787 758 807; x_wconf 90' lang='lat' dir='ltr'>non</span> <span class='ocrx_word' id='word_1_92' title='bbox 779 775 907 816; x_wconf 89' lang='lat' dir='ltr'>qualem</span> <span class='ocrx_word' id='word_1_93' title='bbox 927 774 1047 812; x_wconf 81' lang='lat' dir='ltr'>David,</span> <span class='ocrx_word' id='word_1_94' title='bbox 1067 775 1122 806; x_wconf 89' lang='lat' dir='ltr'>sed</span> <span class='ocrx_word' id='word_1_95' title='bbox 1142 775 1236 815; x_wconf 88' lang='lat' dir='ltr'>longe</span> <span class='ocrx_word' id='word_1_96' title='bbox 1257 774 1361 805; x_wconf 89' lang='lat' dir='ltr'>adhuc</span> <span class='ocrx_word' id='word_1_97' title='bbox 1388 775 1389 789; x_wconf 69' lang='lat'>³</span> 
     </span>
    </p>
   </div>
   <div class='ocr_carea' id='block_1_9' title="bbox 398 783 1363 1755">
    <p class='ocr_par' dir='ltr' id='par_1_9' title="bbox 398 783 1363 1755">
     <span class='ocr_line' id='line_1_13' title="bbox 399 783 610 813; baseline -0.014 -4"><span class='ocrx_word' id='word_1_98' title='bbox 399 783 610 813; x_wconf 79' lang='lat' dir='ltr'>concutiatur,</span> 
     </span>
     <span class='ocr_line' id='line_1_14' title="bbox 399 817 1361 858; baseline -0.004 -7"><span class='ocrx_word' id='word_1_99' title='bbox 399 820 554 851; x_wconf 84' lang='lat' dir='ltr'>leviorem</span> <span class='ocrx_word' id='word_1_100' title='bbox 598 819 808 850; x_wconf 78' lang='lat' dir='ltr'>tentationem</span> <span class='ocrx_word' id='word_1_101' title='bbox 853 817 1080 858; x_wconf 82' lang='lat' dir='ltr'><strong>experiretur?</strong></span> <span class='ocrx_word' id='word_1_102' title='bbox 1125 817 1240 858; x_wconf 85' lang='lat' dir='ltr'><strong>Neque</strong></span> <span class='ocrx_word' id='word_1_103' title='bbox 1274 818 1361 848; x_wconf 90' lang='lat' dir='ltr'>enim</span> 
     </span>
     <span class='ocr_line' id='line_1_15' title="bbox 399 860 1361 902; baseline -0.003 -9"><span class='ocrx_word' id='word_1_104' title='bbox 399 863 531 902; x_wconf 79' lang='lat' dir='ltr'>Zipliaei</span> <span class='ocrx_word' id='word_1_105' title='bbox 556 861 614 892; x_wconf 74' lang='grc'><strong>5011</strong></span> <span class='ocrx_word' id='word_1_106' title='bbox 644 861 797 893; x_wconf 91' lang='lat' dir='ltr'>dicuntur</span> <span class='ocrx_word' id='word_1_107' title='bbox 828 861 918 892; x_wconf 91' lang='lat' dir='ltr'>illum</span> <span class='ocrx_word' id='word_1_108' title='bbox 947 861 1141 901; x_wconf 87' lang='lat' dir='ltr'>persequuti,</span> <span class='ocrx_word' id='word_1_109' title='bbox 1173 860 1228 891; x_wconf 83' lang='lat' dir='ltr'>sed</span> <span class='ocrx_word' id='word_1_110' title='bbox 1251 870 1361 891; x_wconf 88' lang='lat' dir='ltr'>omnes</span> 
     </span>
     <span class='ocr_line' id='line_1_16' title="bbox 399 903 1361 943; baseline -0.004 -7"><span class='ocrx_word' id='word_1_111' title='bbox 399 905 508 936; x_wconf 76' lang='lat' dir='ltr'>Saulis</span> <span class='ocrx_word' id='word_1_112' title='bbox 529 904 693 941; x_wconf 81' lang='lat' dir='ltr'>satellites,</span> <span class='ocrx_word' id='word_1_113' title='bbox 717 904 796 935; x_wconf 85' lang='lat' dir='ltr'>adeo</span> <span class='ocrx_word' id='word_1_114' title='bbox 817 909 849 934; x_wconf 93' lang='lat' dir='ltr'>ut</span> <span class='ocrx_word' id='word_1_115' title='bbox 869 903 960 934; x_wconf 90' lang='lat' dir='ltr'>illum</span> <span class='ocrx_word' id='word_1_116' title='bbox 981 908 1134 943; x_wconf 82' lang='lat' dir='ltr'>tanquam</span> <span class='ocrx_word' id='word_1_117' title='bbox 1147 914 1241 935; x_wconf 82' lang='lat' dir='ltr'>canes</span> <span class='ocrx_word' id='word_1_118' title='bbox 1261 903 1361 934; x_wconf 83' lang='lat' dir='ltr'>seram</span> 
     </span>
     <span class='ocr_line' id='line_1_17' title="bbox 398 945 1361 984; baseline -0.003 -6"><span class='ocrx_word' id='word_1_119' title='bbox 398 949 651 983; x_wconf 83' lang='lat' dir='ltr'>insectarentur,</span> <span class='ocrx_word' id='word_1_120' title='bbox 690 952 721 978; x_wconf 88' lang='lat' dir='ltr'>et</span> <span class='ocrx_word' id='word_1_121' title='bbox 752 947 958 984; x_wconf 84' lang='lat' dir='ltr'>allatrarent‚</span> <span class='ocrx_word' id='word_1_122' title='bbox 989 953 1022 977; x_wconf 86' lang='lat' dir='ltr'>et</span> <span class='ocrx_word' id='word_1_123' title='bbox 1052 947 1180 977; x_wconf 87' lang='lat' dir='ltr'>iamiam</span> <span class='ocrx_word' id='word_1_124' title='bbox 1212 945 1361 976; x_wconf 85' lang='lat' dir='ltr'>laniaturi</span> 
     </span>
     <span class='ocr_line' id='line_1_18' title="bbox 399 989 1361 1030; baseline -0.003 -9"><span class='ocrx_word' id='word_1_125' title='bbox 399 990 599 1027; x_wconf 83' lang='lat' dir='ltr'>viderentur,</span> <span class='ocrx_word' id='word_1_126' title='bbox 623 1000 758 1030; x_wconf 87' lang='lat' dir='ltr'>spesque</span> <span class='ocrx_word' id='word_1_127' title='bbox 782 989 870 1020; x_wconf 87' lang='lat' dir='ltr'>nulla</span> <span class='ocrx_word' id='word_1_128' title='bbox 894 989 1007 1020; x_wconf 88' lang='lat' dir='ltr'>salutis</span> <span class='ocrx_word' id='word_1_129' title='bbox 1027 989 1193 1020; x_wconf 87' lang='lat' dir='ltr'>bominum</span> <span class='ocrx_word' id='word_1_130' title='bbox 1213 989 1361 1028; x_wconf 89' lang='lat' dir='ltr'>opinione</span> 
     </span>
     <span class='ocr_line' id='line_1_19' title="bbox 399 1039 591 1073; baseline 0.005 -9"><span class='ocrx_word' id='word_1_131' title='bbox 399 1039 591 1073; x_wconf 68' lang='lat' dir='ltr'>superesset.</span> 
     </span>
     <span class='ocr_line' id='line_1_20' title="bbox 399 1074 1361 1115; baseline -0.002 -9"><span class='ocrx_word' id='word_1_132' title='bbox 399 1075 460 1107; x_wconf 92' lang='lat' dir='ltr'>Dei</span> <span class='ocrx_word' id='word_1_133' title='bbox 485 1076 641 1112; x_wconf 85' lang='lat' dir='ltr'>meminit,</span> <span class='ocrx_word' id='word_1_134' title='bbox 666 1081 697 1106; x_wconf 92' lang='lat' dir='ltr'>et</span> <span class='ocrx_word' id='word_1_135' title='bbox 721 1075 761 1106; x_wconf 89' lang='lat' dir='ltr'>ad</span> <span class='ocrx_word' id='word_1_136' title='bbox 781 1076 880 1115; x_wconf 90' lang='lat' dir='ltr'>ipsius</span> <span class='ocrx_word' id='word_1_137' title='bbox 899 1085 991 1114; x_wconf 89' lang='lat' dir='ltr'>opem</span> <span class='ocrx_word' id='word_1_138' title='bbox 1013 1077 1157 1111; x_wconf 82' lang='lat' dir='ltr'>recurrit,</span> <span class='ocrx_word' id='word_1_139' title='bbox 1182 1080 1213 1105; x_wconf 89' lang='lat' dir='ltr'>et</span> <span class='ocrx_word' id='word_1_140' title='bbox 1237 1074 1270 1104; x_wconf 90' lang='lat' dir='ltr'>in</span> <span class='ocrx_word' id='word_1_141' title='bbox 1290 1083 1361 1113; x_wconf 89' lang='lat' dir='ltr'>pre-</span> 
     </span>
     <span class='ocr_line' id='line_1_21' title="bbox 398 1116 1359 1158; baseline -0.004 -8"><span class='ocrx_word' id='word_1_142' title='bbox 398 1119 487 1150; x_wconf 86' lang='lat' dir='ltr'>cibus</span> <span class='ocrx_word' id='word_1_143' title='bbox 512 1124 697 1158; x_wconf 76' lang='lat' dir='ltr'>perseverat</span> <span class='ocrx_word' id='word_1_144' title='bbox 720 1118 759 1149; x_wconf 89' lang='lat' dir='ltr'>ad</span> <span class='ocrx_word' id='word_1_145' title='bbox 783 1119 887 1158; x_wconf 79' lang='lat' dir='ltr'>ipsum</span> <span class='ocrx_word' id='word_1_146' title='bbox 913 1116 1094 1154; x_wconf 76' lang='lat' dir='ltr'>fundendis,</span> <span class='ocrx_word' id='word_1_147' title='bbox 1127 1118 1235 1157; x_wconf 81' lang='lat' dir='ltr'>magni</span> <span class='ocrx_word' id='word_1_148' title='bbox 1260 1116 1359 1147; x_wconf 85' lang='lat' dir='ltr'>animi</span> 
     </span>
     <span class='ocr_line' id='line_1_22' title="bbox 399 1159 1360 1200; baseline -0.003 -8"><span class='ocrx_word' id='word_1_149' title='bbox 399 1172 462 1192; x_wconf 94' lang='lat' dir='ltr'>non</span> <span class='ocrx_word' id='word_1_150' title='bbox 495 1162 655 1192; x_wconf 89' lang='lat' dir='ltr'>incertum</span> <span class='ocrx_word' id='word_1_151' title='bbox 687 1161 747 1192; x_wconf 87' lang='lat' dir='ltr'>fuit</span> <span class='ocrx_word' id='word_1_152' title='bbox 779 1161 1017 1200; x_wconf 86' lang='lat' dir='ltr'>testimonium,</span> <span class='ocrx_word' id='word_1_153' title='bbox 1046 1166 1077 1190; x_wconf 90' lang='lat' dir='ltr'>et</span> <span class='ocrx_word' id='word_1_154' title='bbox 1108 1170 1254 1191; x_wconf 87' lang='lat' dir='ltr'>summae</span> <span class='ocrx_word' id='word_1_155' title='bbox 1286 1159 1360 1190; x_wconf 87' lang='lat' dir='ltr'>fidei</span> 
     </span>
     <span class='ocr_line' id='line_1_23' title="bbox 398 1202 1361 1244; baseline -0.003 -9"><span class='ocrx_word' id='word_1_156' title='bbox 398 1203 558 1235; x_wconf 81' lang='lat' dir='ltr'>laudabile</span> <span class='ocrx_word' id='word_1_157' title='bbox 581 1204 722 1244; x_wconf 88' lang='lat' dir='ltr'>signum.</span> <span class='ocrx_word' id='word_1_158' title='bbox 745 1203 829 1234; x_wconf 90' lang='lat' dir='ltr'>Nam</span> <span class='ocrx_word' id='word_1_159' title='bbox 849 1204 874 1235; x_wconf 92' lang='lat' dir='ltr'>si</span> <span class='ocrx_word' id='word_1_160' title='bbox 895 1202 1002 1234; x_wconf 88' lang='lat' dir='ltr'>David</span> <span class='ocrx_word' id='word_1_161' title='bbox 1027 1214 1090 1233; x_wconf 89' lang='lat' dir='ltr'>uon</span> <span class='ocrx_word' id='word_1_162' title='bbox 1112 1203 1271 1241; x_wconf 76' lang='lat' dir='ltr'>regenitos</span> <span class='ocrx_word' id='word_1_163' title='bbox 1291 1202 1361 1232; x_wconf 90' lang='grc'><strong>11111-</strong></span> 
     </span>
     <span class='ocr_line' id='line_1_24' title="bbox 399 1244 1361 1295; baseline -0.003 -18"><span class='ocrx_word' id='word_1_164' title='bbox 399 1253 486 1278; x_wconf 88' lang='lat' dir='ltr'>tatus</span> <span class='ocrx_word' id='word_1_165' title='bbox 517 1246 780 1295; x_wconf 83' lang='lat' dir='ltr'>desperabundus</span> <span class='ocrx_word' id='word_1_166' title='bbox 811 1246 849 1277; x_wconf 90' lang='lat' dir='ltr'>de</span> <span class='ocrx_word' id='word_1_167' title='bbox 880 1245 940 1276; x_wconf 91' lang='lat' dir='ltr'>Dei</span> <span class='ocrx_word' id='word_1_168' title='bbox 972 1245 1093 1276; x_wconf 80' lang='lat' dir='ltr'>auxilio</span> <span class='ocrx_word' id='word_1_169' title='bbox 1123 1245 1199 1275; x_wconf 86' lang='lat' dir='ltr'>nihil</span> <span class='ocrx_word' id='word_1_170' title='bbox 1225 1244 1361 1284; x_wconf 88' lang='lat' dir='ltr'>amplius</span> 
     </span>
     <span class='ocr_line' id='line_1_25' title="bbox 398 1287 1360 1330; baseline -0.002 -10.998"><span class='ocrx_word' id='word_1_171' title='bbox 398 1290 593 1330; x_wconf 83' lang='lat' dir='ltr'>sperandum</span> <span class='ocrx_word' id='word_1_172' title='bbox 617 1289 792 1327; x_wconf 77' lang='lat' dir='ltr'>statuisset,</span> <span class='ocrx_word' id='word_1_173' title='bbox 817 1293 943 1328; x_wconf 86' lang='lat' dir='ltr'>poterat</span> <span class='ocrx_word' id='word_1_174' title='bbox 966 1294 1086 1319; x_wconf 90' lang='lat' dir='ltr'>temere</span> <span class='ocrx_word' id='word_1_175' title='bbox 1109 1298 1155 1328; x_wconf 89' lang='lat' dir='ltr'>pr</span> <span class='ocrx_word' id='word_1_176' title='bbox 1149 1299 1209 1318; x_wconf 71' lang='lat' dir='ltr'>tvi</span> <span class='ocrx_word' id='word_1_177' title='bbox 1228 1287 1360 1319; x_wconf 86' lang='lat' dir='ltr'>consilia</span> 
     </span>
     <span class='ocr_line' id='line_1_26' title="bbox 399 1313 1360 1379; baseline -0.003 -16"><span class='ocrx_word' id='word_1_178' title='bbox 399 1333 492 1370; x_wconf 87' lang='lat' dir='ltr'>inire,</span> <span class='ocrx_word' id='word_1_179' title='bbox 525 1342 620 1372; x_wconf 86' lang='lat' dir='ltr'>seque</span> <span class='ocrx_word' id='word_1_180' title='bbox 643 1342 661 1362; x_wconf 90' lang='lat' dir='ltr'>a</span> <span class='ocrx_word' id='word_1_181' title='bbox 685 1332 754 1362; x_wconf 85' lang='lat' dir='ltr'>Deo</span> <span class='ocrx_word' id='word_1_182' title='bbox 778 1313 965 1362; x_wconf 87' lang='lat' dir='ltr'>derelictum</span> <span class='ocrx_word' id='word_1_183' title='bbox 995 1331 1155 1379; x_wconf 88' lang='lat' dir='ltr'>conqueri,</span> <span class='ocrx_word' id='word_1_184' title='bbox 1187 1331 1249 1361; x_wconf 90' lang='lat' dir='ltr'>imo</span> <span class='ocrx_word' id='word_1_185' title='bbox 1272 1341 1304 1361; x_wconf 87' lang='lat' dir='ltr'>se</span> <span class='ocrx_word' id='word_1_186' title='bbox 1327 1330 1360 1360; x_wconf 90' lang='lat' dir='ltr'>in</span> 
     </span>
     <span class='ocr_line' id='line_1_27' title="bbox 400 1373 1359 1422; baseline -0.005 -15"><span class='ocrx_word' id='word_1_187' title='bbox 400 1385 501 1407; x_wconf 65' lang='lat' dir='ltr'>noxas</span> <span class='ocrx_word' id='word_1_188' title='bbox 524 1385 651 1414; x_wconf 85' lang='lat' dir='ltr'>semper</span> <span class='ocrx_word' id='word_1_189' title='bbox 670 1374 876 1405; x_wconf 84' lang='lat' dir='ltr'>difficultates</span> <span class='ocrx_word' id='word_1_190' title='bbox 906 1374 944 1404; x_wconf 86' lang='lat' dir='ltr'>ab</span> <span class='ocrx_word' id='word_1_191' title='bbox 974 1374 1043 1422; x_wconf 81' lang='lat' dir='ltr'>ipso</span> <span class='ocrx_word' id='word_1_192' title='bbox 1070 1373 1359 1405; x_wconf 78' lang='lat' dir='ltr'>coniici2ve1um-</span> 
     </span>
     <span class='ocr_line' id='line_1_28' title="bbox 400 1416 1360 1456; baseline -0.004 -7"><span class='ocrx_word' id='word_1_193' title='bbox 400 1424 508 1449; x_wconf 88' lang='lat' dir='ltr'>tamen</span> <span class='ocrx_word' id='word_1_194' title='bbox 532 1417 638 1448; x_wconf 87' lang='lat' dir='ltr'>David</span> <span class='ocrx_word' id='word_1_195' title='bbox 663 1423 774 1448; x_wconf 82' lang='lat' dir='ltr'>contra</span> <span class='ocrx_word' id='word_1_196' title='bbox 804 1422 971 1456; x_wconf 86' lang='lat' dir='ltr'>permanet</span> <span class='ocrx_word' id='word_1_197' title='bbox 995 1417 1239 1456; x_wconf 80' lang='lat' dir='ltr'>imperterritus,</span> <span class='ocrx_word' id='word_1_198' title='bbox 1274 1422 1303 1446; x_wconf 87' lang='lat' dir='ltr'>et</span> <span class='ocrx_word' id='word_1_199' title='bbox 1328 1416 1360 1445; x_wconf 91' lang='lat' dir='ltr'>in</span> 
     </span>
     <span class='ocr_line' id='line_1_29' title="bbox 401 1458 1362 1506; baseline -0.003 -15"><span class='ocrx_word' id='word_1_200' title='bbox 401 1460 546 1491; x_wconf 86' lang='lat' dir='ltr'>adversis</span> <span class='ocrx_word' id='word_1_201' title='bbox 569 1460 781 1492; x_wconf 85' lang='lat' dir='ltr'>constantiam</span> <span class='ocrx_word' id='word_1_202' title='bbox 802 1459 948 1498; x_wconf 83' lang='lat' dir='ltr'>retinuit,</span> <span class='ocrx_word' id='word_1_203' title='bbox 968 1469 1070 1499; x_wconf 90' lang='lat' dir='ltr'>neque</span> <span class='ocrx_word' id='word_1_204' title='bbox 1093 1469 1235 1506; x_wconf 80' lang='lat' dir='ltr'>unquam</span> <span class='ocrx_word' id='word_1_205' title='bbox 1257 1458 1362 1488; x_wconf 86' lang='lat' dir='ltr'>Deum</span> 
     </span>
     <span class='ocr_line' id='line_1_30' title="bbox 398 1500 1363 1542; baseline -0.004 -8"><span class='ocrx_word' id='word_1_206' title='bbox 398 1502 581 1535; x_wconf 88' lang='lat' dir='ltr'>invocando</span> <span class='ocrx_word' id='word_1_207' title='bbox 616 1508 665 1533; x_wconf 88' lang='lat' dir='ltr'>est</span> <span class='ocrx_word' id='word_1_208' title='bbox 699 1502 901 1542; x_wconf 84' lang='lat' dir='ltr'>defatigatus,</span> <span class='ocrx_word' id='word_1_209' title='bbox 935 1511 1016 1541; x_wconf 85' lang='lat' dir='ltr'>quae</span> <span class='ocrx_word' id='word_1_210' title='bbox 1050 1501 1151 1541; x_wconf 88' lang='lat' dir='ltr'>ipsius</span> <span class='ocrx_word' id='word_1_211' title='bbox 1180 1500 1363 1532; x_wconf 73' lang='lat' dir='ltr'>constantia</span> 
     </span>
     <span class='ocr_line' id='line_1_31' title="bbox 400 1543 1361 1587; baseline -0.004 -10"><span class='ocrx_word' id='word_1_212' title='bbox 400 1545 598 1587; x_wconf 82' lang='lat' dir='ltr'>singularem</span> <span class='ocrx_word' id='word_1_213' title='bbox 624 1546 724 1586; x_wconf 89' lang='lat' dir='ltr'>ipsius</span> <span class='ocrx_word' id='word_1_214' title='bbox 748 1544 842 1575; x_wconf 90' lang='lat' dir='ltr'>fidem</span> <span class='ocrx_word' id='word_1_215' title='bbox 867 1544 964 1575; x_wconf 86' lang='lat' dir='ltr'>fuisse</span> <span class='ocrx_word' id='word_1_216' title='bbox 988 1543 1138 1583; x_wconf 90' lang='lat' dir='ltr'>ostendit,</span> <span class='ocrx_word' id='word_1_217' title='bbox 1173 1549 1203 1575; x_wconf 92' lang='lat' dir='ltr'>et</span> <span class='ocrx_word' id='word_1_218' title='bbox 1227 1543 1307 1574; x_wconf 86' lang='lat' dir='ltr'>altas</span> <span class='ocrx_word' id='word_1_219' title='bbox 1330 1543 1361 1573; x_wconf 92' lang='lat' dir='ltr'>iu</span> 
     </span>
     <span class='ocr_line' id='line_1_32' title="bbox 400 1586 1363 1635; baseline -0.005 -15"><span class='ocrx_word' id='word_1_220' title='bbox 400 1590 470 1630; x_wconf 89' lang='lat' dir='ltr'>ipso</span> <span class='ocrx_word' id='word_1_221' title='bbox 491 1588 612 1619; x_wconf 76' lang='lat' dir='ltr'>radices</span> <span class='ocrx_word' id='word_1_222' title='bbox 631 1588 749 1628; x_wconf 88' lang='lat' dir='ltr'>egisse:</span> <span class='ocrx_word' id='word_1_223' title='bbox 771 1592 860 1618; x_wconf 90' lang='lat' dir='ltr'>tanto</span> <span class='ocrx_word' id='word_1_224' title='bbox 880 1588 989 1626; x_wconf 83' lang='lat' dir='ltr'>itaque</span> <span class='ocrx_word' id='word_1_225' title='bbox 1002 1586 1187 1635; x_wconf 81' lang='lat' dir='ltr'>diligentius</span> <span class='ocrx_word' id='word_1_226' title='bbox 1206 1587 1258 1617; x_wconf 89' lang='lat' dir='ltr'>hic</span> <span class='ocrx_word' id='word_1_227' title='bbox 1278 1586 1363 1617; x_wconf 88' lang='lat' dir='ltr'>locus</span> 
     </span>
     <span class='ocr_line' id='line_1_33' title="bbox 399 1628 1363 1678; baseline -0.003 -16"><span class='ocrx_word' id='word_1_228' title='bbox 399 1643 417 1663; x_wconf 89' lang='lat' dir='ltr'>a</span> <span class='ocrx_word' id='word_1_229' title='bbox 441 1631 532 1662; x_wconf 89' lang='lat' dir='ltr'>nobis</span> <span class='ocrx_word' id='word_1_230' title='bbox 556 1638 602 1661; x_wconf 84' lang='lat' dir='ltr'>est</span> <span class='ocrx_word' id='word_1_231' title='bbox 627 1630 856 1666; x_wconf 82' lang='lat' dir='ltr'>observandus,</span> <span class='ocrx_word' id='word_1_232' title='bbox 880 1640 942 1678; x_wconf 83' lang='lat' dir='ltr'>quo</span> <span class='ocrx_word' id='word_1_233' title='bbox 963 1630 1023 1660; x_wconf 90' lang='lat' dir='ltr'>fuit</span> <span class='ocrx_word' id='word_1_234' title='bbox 1046 1629 1203 1670; x_wconf 86' lang='lat' dir='ltr'>insignior</span> <span class='ocrx_word' id='word_1_235' title='bbox 1228 1628 1363 1659; x_wconf 83' lang='lat' dir='ltr'>Davidis</span> 
     </span>
     <span class='ocr_line' id='line_1_34' title="bbox 400 1671 1362 1713; baseline -0.004 -8"><span class='ocrx_word' id='word_1_236' title='bbox 400 1674 579 1707; x_wconf 84' lang='lat' dir='ltr'>constantia</span> <span class='ocrx_word' id='word_1_237' title='bbox 594 1679 625 1704; x_wconf 87' lang='lat' dir='ltr'>et</span> <span class='ocrx_word' id='word_1_238' title='bbox 645 1674 781 1704; x_wconf 82' lang='lat' dir='ltr'>firmitas</span> <span class='ocrx_word' id='word_1_239' title='bbox 800 1673 908 1709; x_wconf 85' lang='lat' dir='ltr'>animi,</span> <span class='ocrx_word' id='word_1_240' title='bbox 933 1677 968 1703; x_wconf 78' lang='lat' dir='ltr'>ut</span> <span class='ocrx_word' id='word_1_241' title='bbox 988 1672 1089 1713; x_wconf 86' lang='lat' dir='ltr'>ipsius</span> <span class='ocrx_word' id='word_1_242' title='bbox 1101 1671 1248 1712; x_wconf 86' lang='lat' dir='ltr'>exemplo</span> <span class='ocrx_word' id='word_1_243' title='bbox 1262 1672 1362 1702; x_wconf 83' lang='lat' dir='ltr'>disca-</span> 
     </span>
     <span class='ocr_line' id='line_1_35' title="bbox 399 1714 1361 1755; baseline -0.003 -7"><span class='ocrx_word' id='word_1_244' title='bbox 399 1728 487 1754; x_wconf 86' lang='lat' dir='ltr'>mus,</span> <span class='ocrx_word' id='word_1_245' title='bbox 525 1717 592 1747; x_wconf 85' lang='lat' dir='ltr'>Deo</span> <span class='ocrx_word' id='word_1_246' title='bbox 617 1727 674 1747; x_wconf 73' lang='lat' dir='ltr'>nos</span> <span class='ocrx_word' id='word_1_247' title='bbox 698 1717 731 1746; x_wconf 90' lang='lat' dir='ltr'>in</span> <span class='ocrx_word' id='word_1_248' title='bbox 755 1715 936 1746; x_wconf 84' lang='lat' dir='ltr'>istiusmodi</span> <span class='ocrx_word' id='word_1_249' title='bbox 963 1716 1140 1755; x_wconf 85' lang='lat' dir='ltr'>angustias,</span> <span class='ocrx_word' id='word_1_250' title='bbox 1171 1721 1203 1745; x_wconf 89' lang='lat' dir='ltr'>et</span> <span class='ocrx_word' id='word_1_251' title='bbox 1226 1714 1361 1745; x_wconf 86' lang='lat' dir='ltr'>difficul-</span> 
     </span>
    </p>
   </div>
   <div class='ocr_carea' id='block_1_10' title="bbox 400 1749 1391 1798">
    <p class='ocr_par' dir='ltr' id='par_1_10' title="bbox 400 1749 1391 1798">
     <span class='ocr_line' id='line_1_36' title="bbox 400 1749 1391 1798; baseline -0.005 -7"><span class='ocrx_word' id='word_1_252' title='bbox 400 1765 482 1792; x_wconf 84' lang='lat' dir='ltr'>tates</span> <span class='ocrx_word' id='word_1_253' title='bbox 511 1759 702 1790; x_wconf 86' lang='lat' dir='ltr'>coniiciente</span> <span class='ocrx_word' id='word_1_254' title='bbox 733 1768 898 1798; x_wconf 89' lang='lat' dir='ltr'>nunquam</span> <span class='ocrx_word' id='word_1_255' title='bbox 931 1758 1026 1789; x_wconf 87' lang='lat' dir='ltr'>fidem</span> <span class='ocrx_word' id='word_1_256' title='bbox 1058 1757 1211 1794; x_wconf 88' lang='lat' dir='ltr'>abiicere,</span> <span class='ocrx_word' id='word_1_257' title='bbox 1239 1757 1293 1788; x_wconf 89' lang='lat' dir='ltr'>sed</span> <span class='ocrx_word' id='word_1_258' title='bbox 1325 1756 1362 1787; x_wconf 89' lang='lat' dir='ltr'>ad</span> <span class='ocrx_word' id='word_1_259' title='bbox 1390 1749 1391 1782; x_wconf 57' lang='grc' dir='ltr'>ἶ</span> 
     </span>
    </p>
   </div>
   <div class='ocr_carea' id='block_1_11' title="bbox 399 1800 1364 1884">
    <p class='ocr_par' dir='ltr' id='par_1_11' title="bbox 399 1800 1364 1884">
     <span class='ocr_line' id='line_1_37' title="bbox 399 1800 1364 1843; baseline -0.003 -10"><span class='ocrx_word' id='word_1_260' title='bbox 399 1803 507 1843; x_wconf 87' lang='lat' dir='ltr'>ipsum</span> <span class='ocrx_word' id='word_1_261' title='bbox 533 1801 723 1833; x_wconf 86' lang='lat' dir='ltr'>ardentibus</span> <span class='ocrx_word' id='word_1_262' title='bbox 742 1801 890 1841; x_wconf 81' lang='lat' dir='ltr'>precibus</span> <span class='ocrx_word' id='word_1_263' title='bbox 909 1810 1036 1840; x_wconf 89' lang='lat' dir='ltr'>semper</span> <span class='ocrx_word' id='word_1_264' title='bbox 1055 1801 1236 1841; x_wconf 88' lang='lat' dir='ltr'>confugere.</span> <span class='ocrx_word' id='word_1_265' title='bbox 1263 1800 1364 1830; x_wconf 87' lang='lat' dir='ltr'>Porro</span> 
     </span>
     <span class='ocr_line' id='line_1_38' title="bbox 400 1842 1364 1884; baseline -0.004 -8"><span class='ocrx_word' id='word_1_266' title='bbox 400 1845 507 1877; x_wconf 85' lang='lat' dir='ltr'>David</span> <span class='ocrx_word' id='word_1_267' title='bbox 544 1844 684 1876; x_wconf 86' lang='lat' dir='ltr'>ostendit</span> <span class='ocrx_word' id='word_1_268' title='bbox 718 1854 751 1875; x_wconf 88' lang='lat' dir='ltr'>se</span> <span class='ocrx_word' id='word_1_269' title='bbox 784 1854 849 1874; x_wconf 90' lang='lat' dir='ltr'>non</span> <span class='ocrx_word' id='word_1_270' title='bbox 884 1843 1066 1884; x_wconf 81' lang='lat' dir='ltr'>confugisse</span> <span class='ocrx_word' id='word_1_271' title='bbox 1106 1843 1292 1874; x_wconf 87' lang='lat' dir='ltr'>dubitanter</span> <span class='ocrx_word' id='word_1_272' title='bbox 1325 1842 1364 1872; x_wconf 89' lang='lat' dir='ltr'>ad</span> 
     </span>
    </p>
   </div>
   <div class='ocr_carea' id='block_1_12' title="bbox 402 1882 2382 2095">
    <p class='ocr_par' dir='ltr' id='par_1_12' title="bbox 402 1882 2382 2095">
     <span class='ocr_line' id='line_1_39' title="bbox 402 1882 1392 1926; baseline -0.004 -7"><span class='ocrx_word' id='word_1_273' title='bbox 402 1888 517 1924; x_wconf 91' lang='lat' dir='ltr'>Deum,</span> <span class='ocrx_word' id='word_1_274' title='bbox 543 1892 575 1918; x_wconf 90' lang='lat' dir='ltr'>et</span> <span class='ocrx_word' id='word_1_275' title='bbox 598 1888 630 1917; x_wconf 91' lang='lat' dir='ltr'>in</span> <span class='ocrx_word' id='word_1_276' title='bbox 655 1887 808 1918; x_wconf 80' lang='lat' dir='ltr'>extremis</span> <span class='ocrx_word' id='word_1_277' title='bbox 828 1887 987 1926; x_wconf 87' lang='lat' dir='ltr'>angustiis</span> <span class='ocrx_word' id='word_1_278' title='bbox 1010 1886 1114 1926; x_wconf 90' lang='lat' dir='ltr'>ipsum</span> <span class='ocrx_word' id='word_1_279' title='bbox 1134 1885 1258 1925; x_wconf 87' lang='lat' dir='ltr'>trepide</span> <span class='ocrx_word' id='word_1_280' title='bbox 1275 1886 1363 1915; x_wconf 87' lang='lat' dir='ltr'>invo-</span> <span class='ocrx_word' id='word_1_281' title='bbox 1390 1882 1392 1886; x_wconf 55' lang='lat'>&#39;</span> 
     </span>
     <span class='ocr_line' id='line_1_40' title="bbox 403 1928 1393 1969; baseline -0.005 -7"><span class='ocrx_word' id='word_1_282' title='bbox 403 1941 501 1969; x_wconf 84' lang='lat' dir='ltr'>casse,</span> <span class='ocrx_word' id='word_1_283' title='bbox 531 1929 585 1961; x_wconf 84' lang='lat' dir='ltr'>sed</span> <span class='ocrx_word' id='word_1_284' title='bbox 610 1929 672 1960; x_wconf 88' lang='lat' dir='ltr'>fide</span> <span class='ocrx_word' id='word_1_285' title='bbox 694 1939 805 1960; x_wconf 86' lang='lat' dir='ltr'>omnes</span> <span class='ocrx_word' id='word_1_286' title='bbox 829 1928 1037 1960; x_wconf 84' lang='lat' dir='ltr'>difficultates</span> <span class='ocrx_word' id='word_1_287' title='bbox 1059 1938 1236 1969; x_wconf 85' lang='lat' dir='ltr'>superasse,</span> <span class='ocrx_word' id='word_1_288' title='bbox 1266 1938 1364 1968; x_wconf 87' lang='lat' dir='ltr'>quum</span> <span class='ocrx_word' id='word_1_289' title='bbox 1392 1930 1393 1964; x_wconf 66' lang='lat' dir='ltr'>j</span> 
     </span>
     <span class='ocr_line' id='line_1_41' title="bbox 405 1971 1393 2011; baseline -0.004 -7"><span class='ocrx_word' id='word_1_290' title='bbox 405 1973 525 2011; x_wconf 87' lang='lat' dir='ltr'>adiicit,</span> <span class='ocrx_word' id='word_1_291' title='bbox 547 1984 579 2003; x_wconf 77' lang='lat' dir='ltr'>se</span> <span class='ocrx_word' id='word_1_292' title='bbox 599 1972 664 2004; x_wconf 81' lang='lat' dir='ltr'>Deo</span> <span class='ocrx_word' id='word_1_293' title='bbox 686 1972 874 2011; x_wconf 78' lang='lat' dir='ltr'>sacrificium</span> <span class='ocrx_word' id='word_1_294' title='bbox 893 1972 1076 2010; x_wconf 79' lang='lat' dir='ltr'>oblaturum,</span> <span class='ocrx_word' id='word_1_295' title='bbox 1100 1971 1216 2011; x_wconf 90' lang='lat' dir='ltr'>quibus</span> <span class='ocrx_word' id='word_1_296' title='bbox 1234 1971 1366 2001; x_wconf 88' lang='lat' dir='ltr'>vocibus</span> <span class='ocrx_word' id='word_1_297' title='bbox 1392 1975 1393 1984; x_wconf 66' lang='lat'>¹</span> 
     </span>
     <span class='ocr_line' id='line_1_42' title="bbox 1392 2010 2382 2053; baseline 0 -11"><span class='ocrx_word' id='word_1_298' title='bbox 1392 2020 1393 2053; x_wconf 55' lang='lat' dir='ltr'><strong>J</strong></span> <span class='ocrx_word' id='word_1_299' title='bbox 1420 2013 1506 2042; x_wconf 83' lang='lat' dir='ltr'>tione</span> <span class='ocrx_word' id='word_1_300' title='bbox 1529 2012 1782 2052; x_wconf 85' lang='lat' dir='ltr'>interpellemus,</span> <span class='ocrx_word' id='word_1_301' title='bbox 1807 2012 1912 2042; x_wconf 83' lang='lat' dir='ltr'>autin</span> <span class='ocrx_word' id='word_1_302' title='bbox 1940 2011 2144 2051; x_wconf 87' lang='lat' dir='ltr'>blasphemas</span> <span class='ocrx_word' id='word_1_303' title='bbox 2168 2010 2265 2042; x_wconf 88' lang='lat' dir='ltr'>etiam</span> <span class='ocrx_word' id='word_1_304' title='bbox 2288 2020 2382 2042; x_wconf 86' lang='lat' dir='ltr'>voces</span> 
     </span>
     <span class='ocr_line' id='line_1_43' title="bbox 1392 2054 2382 2095; baseline -0.001 -10"><span class='ocrx_word' id='word_1_305' title='bbox 1392 2058 1393 2062; x_wconf 76' lang='grc'>’</span> <span class='ocrx_word' id='word_1_306' title='bbox 1420 2065 1645 2095; x_wconf 83' lang='lat' dir='ltr'>erumpamus,</span> <span class='ocrx_word' id='word_1_307' title='bbox 1691 2055 1746 2086; x_wconf 84' lang='lat' dir='ltr'>sed</span> <span class='ocrx_word' id='word_1_308' title='bbox 1781 2060 1893 2086; x_wconf 86' lang='lat' dir='ltr'>contra</span> <span class='ocrx_word' id='word_1_309' title='bbox 1933 2054 2040 2094; x_wconf 89' lang='lat' dir='ltr'>potius</span> <span class='ocrx_word' id='word_1_310' title='bbox 2080 2060 2230 2094; x_wconf 86' lang='lat' dir='ltr'>oportere</span> <span class='ocrx_word' id='word_1_311' title='bbox 2270 2062 2382 2093; x_wconf 80' lang='lat' dir='ltr'>preces</span> 
     </span>
    </p>
   </div>
   <div class='ocr_carea' id='block_1_13' title="bbox 403 2012 1371 2697">
    <p class='ocr_par' dir='ltr' id='par_1_13' title="bbox 403 2012 1371 2697">
     <span class='ocr_line' id='line_1_44' title="bbox 406 2012 1365 2056; baseline -0.004 -8"><span class='ocrx_word' id='word_1_312' title='bbox 406 2027 439 2048; x_wconf 91' lang='lat' dir='ltr'>se</span> <span class='ocrx_word' id='word_1_313' title='bbox 465 2016 534 2047; x_wconf 84' lang='grc' dir='ltr'>1)οο</span> <span class='ocrx_word' id='word_1_314' title='bbox 564 2016 684 2056; x_wconf 82' lang='lat' dir='ltr'>gratias</span> <span class='ocrx_word' id='word_1_315' title='bbox 715 2021 862 2046; x_wconf 87' lang='lat' dir='ltr'>acturum</span> <span class='ocrx_word' id='word_1_316' title='bbox 894 2014 1071 2054; x_wconf 88' lang='lat' dir='ltr'>pollicetur,</span> <span class='ocrx_word' id='word_1_317' title='bbox 1103 2018 1136 2045; x_wconf 90' lang='lat' dir='ltr'>et</span> <span class='ocrx_word' id='word_1_318' title='bbox 1165 2012 1293 2053; x_wconf 91' lang='lat' dir='ltr'>quidem</span> <span class='ocrx_word' id='word_1_319' title='bbox 1318 2023 1365 2044; x_wconf 87' lang='lat' dir='ltr'>so-</span> 
     </span>
     <span class='ocr_line' id='line_1_45' title="bbox 407 2055 1365 2097; baseline -0.004 -7"><span class='ocrx_word' id='word_1_320' title='bbox 407 2059 503 2091; x_wconf 89' lang='lat' dir='ltr'>lemni</span> <span class='ocrx_word' id='word_1_321' title='bbox 528 2059 693 2089; x_wconf 83' lang='lat' dir='ltr'>sacrificio.</span> <span class='ocrx_word' id='word_1_322' title='bbox 739 2057 841 2097; x_wconf 91' lang='lat' dir='ltr'>Atqui</span> <span class='ocrx_word' id='word_1_323' title='bbox 872 2062 939 2087; x_wconf 90' lang='lat' dir='ltr'>tum</span> <span class='ocrx_word' id='word_1_324' title='bbox 965 2057 1069 2088; x_wconf 91' lang='lat' dir='ltr'>David</span> <span class='ocrx_word' id='word_1_325' title='bbox 1094 2056 1276 2088; x_wconf 83' lang='lat' dir='ltr'>sanctuario</span> <span class='ocrx_word' id='word_1_326' title='bbox 1299 2055 1365 2086; x_wconf 92' lang='lat' dir='ltr'>Do-</span> 
     </span>
     <span class='ocr_line' id='line_1_46' title="bbox 406 2098 1365 2140; baseline -0.005 -7"><span class='ocrx_word' id='word_1_327' title='bbox 406 2102 484 2133; x_wconf 91' lang='lat' dir='ltr'>mini</span> <span class='ocrx_word' id='word_1_328' title='bbox 510 2100 690 2139; x_wconf 72' lang='lat' dir='ltr'>exsulabat,</span> <span class='ocrx_word' id='word_1_329' title='bbox 718 2100 756 2131; x_wconf 86' lang='lat' dir='ltr'>ad</span> <span class='ocrx_word' id='word_1_330' title='bbox 782 2100 864 2140; x_wconf 91' lang='lat' dir='ltr'>quod</span> <span class='ocrx_word' id='word_1_331' title='bbox 889 2100 951 2140; x_wconf 90' lang='lat' dir='ltr'>ipsi</span> <span class='ocrx_word' id='word_1_332' title='bbox 975 2110 1037 2130; x_wconf 93' lang='lat' dir='ltr'>non</span> <span class='ocrx_word' id='word_1_333' title='bbox 1057 2098 1192 2130; x_wconf 86' lang='lat' dir='ltr'>dabatur</span> <span class='ocrx_word' id='word_1_334' title='bbox 1210 2108 1365 2135; x_wconf 85' lang='lat' dir='ltr'>accessus,</span> 
     </span>
     <span class='ocr_line' id='line_1_47' title="bbox 405 2141 1365 2182; baseline -0.004 -7"><span class='ocrx_word' id='word_1_335' title='bbox 405 2151 438 2176; x_wconf 86' lang='lat' dir='ltr'>et</span> <span class='ocrx_word' id='word_1_336' title='bbox 461 2150 586 2175; x_wconf 82' lang='lat' dir='ltr'>tantum</span> <span class='ocrx_word' id='word_1_337' title='bbox 607 2143 695 2174; x_wconf 88' lang='lat' dir='ltr'>abest</span> <span class='ocrx_word' id='word_1_338' title='bbox 709 2147 746 2174; x_wconf 83' lang='lat' dir='ltr'>ut</span> <span class='ocrx_word' id='word_1_339' title='bbox 765 2143 898 2174; x_wconf 88' lang='lat' dir='ltr'>haberet</span> <span class='ocrx_word' id='word_1_340' title='bbox 915 2143 1072 2173; x_wconf 86' lang='lat' dir='ltr'>sacrificia</span> <span class='ocrx_word' id='word_1_341' title='bbox 1094 2151 1176 2182; x_wconf 92' lang='lat' dir='ltr'>quae</span> <span class='ocrx_word' id='word_1_342' title='bbox 1188 2141 1258 2172; x_wconf 93' lang='lat' dir='ltr'>Deo</span> <span class='ocrx_word' id='word_1_343' title='bbox 1272 2141 1365 2171; x_wconf 85' lang='lat' dir='ltr'>offer-</span> 
     </span>
     <span class='ocr_line' id='line_1_48' title="bbox 405 2184 1366 2225; baseline -0.005 -6"><span class='ocrx_word' id='word_1_344' title='bbox 405 2192 463 2224; x_wconf 84' lang='lat' dir='ltr'>ret,</span> <span class='ocrx_word' id='word_1_345' title='bbox 495 2193 528 2217; x_wconf 86' lang='lat' dir='ltr'>ut</span> <span class='ocrx_word' id='word_1_346' title='bbox 559 2192 669 2218; x_wconf 91' lang='lat' dir='ltr'>contra</span> <span class='ocrx_word' id='word_1_347' title='bbox 700 2196 809 2216; x_wconf 90' lang='lat' dir='ltr'>rerum</span> <span class='ocrx_word' id='word_1_348' title='bbox 842 2185 986 2216; x_wconf 88' lang='lat' dir='ltr'>omnium</span> <span class='ocrx_word' id='word_1_349' title='bbox 1018 2195 1140 2225; x_wconf 90' lang='lat' dir='ltr'>egenus</span> <span class='ocrx_word' id='word_1_350' title='bbox 1169 2194 1242 2216; x_wconf 92' lang='lat' dir='ltr'>cum</span> <span class='ocrx_word' id='word_1_351' title='bbox 1273 2184 1366 2220; x_wconf 86' lang='lat' dir='ltr'>fame,</span> 
     </span>
     <span class='ocr_line' id='line_1_49' title="bbox 405 2226 1366 2269; baseline -0.004 -8"><span class='ocrx_word' id='word_1_352' title='bbox 405 2230 468 2268; x_wconf 86' lang='lat' dir='ltr'>siti,</span> <span class='ocrx_word' id='word_1_353' title='bbox 488 2234 588 2266; x_wconf 89' lang='lat' dir='ltr'>aestu,</span> <span class='ocrx_word' id='word_1_354' title='bbox 608 2229 738 2269; x_wconf 84' lang='lat' dir='ltr'>frigore,</span> <span class='ocrx_word' id='word_1_355' title='bbox 762 2233 794 2259; x_wconf 87' lang='lat' dir='ltr'>et</span> <span class='ocrx_word' id='word_1_356' title='bbox 807 2228 878 2259; x_wconf 85' lang='lat' dir='ltr'>aliis</span> <span class='ocrx_word' id='word_1_357' title='bbox 897 2227 1081 2259; x_wconf 81' lang='lat' dir='ltr'>istiusmodi</span> <span class='ocrx_word' id='word_1_358' title='bbox 1095 2227 1254 2268; x_wconf 84' lang='lat' dir='ltr'>ingustus</span> <span class='ocrx_word' id='word_1_359' title='bbox 1266 2226 1366 2258; x_wconf 87' lang='lat' dir='ltr'>lucta</span> 
     </span>
     <span class='ocr_line' id='line_1_50' title="bbox 403 2269 1367 2312; baseline -0.005 -8"><span class='ocrx_word' id='word_1_360' title='bbox 403 2278 504 2305; x_wconf 87' lang='lat' dir='ltr'>retur</span> <span class='ocrx_word' id='word_1_361' title='bbox 544 2271 640 2304; x_wconf 86' lang='lat' dir='ltr'>Unde</span> <span class='ocrx_word' id='word_1_362' title='bbox 663 2272 761 2312; x_wconf 88' lang='lat' dir='ltr'>igitur</span> <span class='ocrx_word' id='word_1_363' title='bbox 785 2270 892 2301; x_wconf 87' lang='lat' dir='ltr'>David</span> <span class='ocrx_word' id='word_1_364' title='bbox 915 2270 1008 2301; x_wconf 83' lang='lat' dir='ltr'>exsul</span> <span class='ocrx_word' id='word_1_365' title='bbox 1038 2277 1069 2301; x_wconf 84' lang='lat' dir='ltr'>et</span> <span class='ocrx_word' id='word_1_366' title='bbox 1093 2280 1198 2301; x_wconf 88' lang='lat' dir='ltr'>rerum</span> <span class='ocrx_word' id='word_1_367' title='bbox 1223 2269 1367 2300; x_wconf 92' lang='lat' dir='ltr'>omnium</span> 
     </span>
     <span class='ocr_line' id='line_1_51' title="bbox 405 2311 1368 2357; baseline -0.004 -11"><span class='ocrx_word' id='word_1_368' title='bbox 405 2326 528 2357; x_wconf 86' lang='lat' dir='ltr'>egenus</span> <span class='ocrx_word' id='word_1_369' title='bbox 549 2314 682 2345; x_wconf 88' lang='lat' dir='ltr'>haberet</span> <span class='ocrx_word' id='word_1_370' title='bbox 704 2314 869 2352; x_wconf 85' lang='lat' dir='ltr'>sacrificia,</span> <span class='ocrx_word' id='word_1_371' title='bbox 892 2324 973 2353; x_wconf 85' lang='lat' dir='ltr'>quae</span> <span class='ocrx_word' id='word_1_372' title='bbox 986 2312 1056 2344; x_wconf 90' lang='lat' dir='ltr'>Deo</span> <span class='ocrx_word' id='word_1_373' title='bbox 1079 2312 1256 2344; x_wconf 90' lang='lat' dir='ltr'>secundum</span> <span class='ocrx_word' id='word_1_374' title='bbox 1269 2311 1368 2352; x_wconf 87' lang='lat' dir='ltr'>scrip-</span> 
     </span>
     <span class='ocr_line' id='line_1_52' title="bbox 405 2354 1368 2404; baseline -0.005 -15"><span class='ocrx_word' id='word_1_375' title='bbox 405 2364 498 2390; x_wconf 89' lang='lat' dir='ltr'>turae</span> <span class='ocrx_word' id='word_1_376' title='bbox 529 2357 715 2388; x_wconf 84' lang='lat' dir='ltr'>mandatum</span> <span class='ocrx_word' id='word_1_377' title='bbox 750 2357 894 2394; x_wconf 86' lang='lat' dir='ltr'>offerret,</span> <span class='ocrx_word' id='word_1_378' title='bbox 931 2356 1028 2404; x_wconf 86' lang='lat' dir='ltr'>eique</span> <span class='ocrx_word' id='word_1_379' title='bbox 1052 2355 1176 2386; x_wconf 87' lang='lat' dir='ltr'>solenni</span> <span class='ocrx_word' id='word_1_380' title='bbox 1215 2354 1368 2385; x_wconf 88' lang='lat' dir='ltr'>sacrificio</span> 
     </span>
     <span class='ocr_line' id='line_1_53' title="bbox 406 2397 1370 2449; baseline -0.005 -17"><span class='ocrx_word' id='word_1_381' title='bbox 406 2401 528 2449; x_wconf 87' lang='lat' dir='ltr'>gratias</span> <span class='ocrx_word' id='word_1_382' title='bbox 552 2399 689 2440; x_wconf 80' lang='lat' dir='ltr'>ageret?</span> <span class='ocrx_word' id='word_1_383' title='bbox 724 2398 944 2438; x_wconf 80' lang='lat' dir='ltr'>Quamobrem</span> <span class='ocrx_word' id='word_1_384' title='bbox 968 2398 1128 2439; x_wconf 88' lang='lat' dir='ltr'>insignem</span> <span class='ocrx_word' id='word_1_385' title='bbox 1150 2397 1245 2429; x_wconf 89' lang='lat' dir='ltr'>fidem</span> <span class='ocrx_word' id='word_1_386' title='bbox 1269 2397 1370 2438; x_wconf 87' lang='lat' dir='ltr'>ipsius</span> 
     </span>
     <span class='ocr_line' id='line_1_54' title="bbox 407 2439 1369 2490; baseline -0.004 -15"><span class='ocrx_word' id='word_1_387' title='bbox 407 2444 505 2476; x_wconf 90' lang='lat' dir='ltr'>fuisse</span> <span class='ocrx_word' id='word_1_388' title='bbox 529 2448 670 2490; x_wconf 84' lang='lat' dir='ltr'>apparet,</span> <span class='ocrx_word' id='word_1_389' title='bbox 701 2452 781 2482; x_wconf 91' lang='lat' dir='ltr'>quae</span> <span class='ocrx_word' id='word_1_390' title='bbox 810 2447 856 2472; x_wconf 81' lang='lat' dir='ltr'>tot.</span> <span class='ocrx_word' id='word_1_391' title='bbox 886 2441 1090 2472; x_wconf 85' lang='lat' dir='ltr'>difficultates</span> <span class='ocrx_word' id='word_1_392' title='bbox 1113 2441 1278 2481; x_wconf 87' lang='lat' dir='ltr'>superavit</span> <span class='ocrx_word' id='word_1_393' title='bbox 1301 2439 1369 2480; x_wconf 86' lang='lat' dir='ltr'>qui-</span> 
     </span>
     <span class='ocr_line' id='line_1_55' title="bbox 407 2482 1369 2525; baseline -0.005 -7"><span class='ocrx_word' id='word_1_394' title='bbox 407 2488 541 2519; x_wconf 89' lang='lat' dir='ltr'>buscum</span> <span class='ocrx_word' id='word_1_395' title='bbox 577 2485 680 2525; x_wconf 89' lang='lat' dir='ltr'>ipsum</span> <span class='ocrx_word' id='word_1_396' title='bbox 724 2490 896 2524; x_wconf 87' lang='lat' dir='ltr'>antequam</span> <span class='ocrx_word' id='word_1_397' title='bbox 933 2484 1071 2515; x_wconf 91' lang='lat' dir='ltr'>Domino</span> <span class='ocrx_word' id='word_1_398' title='bbox 1112 2488 1218 2524; x_wconf 90' lang='lat' dir='ltr'>posset</span> <span class='ocrx_word' id='word_1_399' title='bbox 1253 2482 1369 2514; x_wconf 86' lang='lat' dir='ltr'>offerre</span> 
     </span>
     <span class='ocr_line' id='line_1_56' title="bbox 408 2527 910 2568; baseline -0.004 -8"><span class='ocrx_word' id='word_1_400' title='bbox 408 2529 557 2561; x_wconf 87' lang='lat' dir='ltr'>victimas</span> <span class='ocrx_word' id='word_1_401' title='bbox 579 2527 746 2568; x_wconf 86' lang='lat' dir='ltr'>oportebat</span> <span class='ocrx_word' id='word_1_402' title='bbox 777 2527 910 2559; x_wconf 86' lang='lat' dir='ltr'>luctari:</span> 
     </span>
     <span class='ocr_line' id='line_1_57' title="bbox 407 2569 1370 2609; baseline -0.004 -6"><span class='ocrx_word' id='word_1_403' title='bbox 407 2571 512 2604; x_wconf 86' lang='lat' dir='ltr'>laudis</span> <span class='ocrx_word' id='word_1_404' title='bbox 546 2571 682 2602; x_wconf 90' lang='lat' dir='ltr'>Domino</span> <span class='ocrx_word' id='word_1_405' title='bbox 714 2570 810 2606; x_wconf 85' lang='lat' dir='ltr'>vovit,</span> <span class='ocrx_word' id='word_1_406' title='bbox 842 2569 921 2600; x_wconf 89' lang='lat' dir='ltr'>satis</span> <span class='ocrx_word' id='word_1_407' title='bbox 952 2576 1062 2609; x_wconf 91' lang='lat' dir='ltr'>aperte</span> <span class='ocrx_word' id='word_1_408' title='bbox 1093 2574 1230 2600; x_wconf 88' lang='lat' dir='ltr'>testatus</span> <span class='ocrx_word' id='word_1_409' title='bbox 1258 2573 1308 2600; x_wconf 85' lang='lat' dir='ltr'>est</span> <span class='ocrx_word' id='word_1_410' title='bbox 1337 2577 1370 2598; x_wconf 83' lang='lat' dir='ltr'>se</span> 
     </span>
     <span class='ocr_line' id='line_1_58' title="bbox 410 2607 1370 2652; baseline -0.004 -7"><span class='ocrx_word' id='word_1_411' title='bbox 410 2607 514 2646; x_wconf 84' lang='lat' dir='ltr'>Deum</span> <span class='ocrx_word' id='word_1_412' title='bbox 540 2624 602 2644; x_wconf 90' lang='lat' dir='ltr'>non</span> <span class='ocrx_word' id='word_1_413' title='bbox 628 2618 748 2644; x_wconf 90' lang='lat' dir='ltr'>temere</span> <span class='ocrx_word' id='word_1_414' title='bbox 771 2613 929 2650; x_wconf 89' lang='lat' dir='ltr'>invocare,</span> <span class='ocrx_word' id='word_1_415' title='bbox 958 2622 1060 2652; x_wconf 89' lang='lat' dir='ltr'>neque</span> <span class='ocrx_word' id='word_1_416' title='bbox 1089 2612 1284 2649; x_wconf 83' lang='lat' dir='ltr'>dubitanter,</span> <span class='ocrx_word' id='word_1_417' title='bbox 1315 2609 1370 2641; x_wconf 86' lang='lat' dir='ltr'>sed</span> 
     </span>
     <span class='ocr_line' id='line_1_59' title="bbox 409 2653 1371 2697; baseline -0.004 -9"><span class='ocrx_word' id='word_1_418' title='bbox 409 2658 506 2688; x_wconf 87' lang='lat' dir='ltr'>fuisse</span> <span class='ocrx_word' id='word_1_419' title='bbox 529 2666 716 2697; x_wconf 83' lang='lat' dir='ltr'>persuasum</span> <span class='ocrx_word' id='word_1_420' title='bbox 741 2665 774 2686; x_wconf 88' lang='lat' dir='ltr'>se</span> <span class='ocrx_word' id='word_1_421' title='bbox 798 2665 816 2686; x_wconf 87' lang='lat' dir='ltr'>a</span> <span class='ocrx_word' id='word_1_422' title='bbox 840 2654 980 2686; x_wconf 91' lang='lat' dir='ltr'>Domino</span> <span class='ocrx_word' id='word_1_423' title='bbox 1003 2653 1253 2692; x_wconf 77' lang='lat' dir='ltr'>exaudiendum,</span> <span class='ocrx_word' id='word_1_424' title='bbox 1277 2657 1310 2685; x_wconf 88' lang='lat' dir='ltr'>et</span> <span class='ocrx_word' id='word_1_425' title='bbox 1331 2663 1371 2684; x_wconf 89' lang='lat' dir='ltr'>ex</span> 
     </span>
    </p>
   </div>
   <div class='ocr_carea' id='block_1_14' title="bbox 634 1030 1361 1073">
    <p class='ocr_par' dir='ltr' id='par_1_14' title="bbox 634 1030 1389 1078">
     <span class='ocr_line' id='line_1_60' title="bbox 634 1030 1361 1073; baseline -0.004 -10"><span class='ocrx_word' id='word_1_426' title='bbox 634 1034 743 1072; x_wconf 75' lang='lat' dir='ltr'>Quum</span> <span class='ocrx_word' id='word_1_427' title='bbox 769 1033 867 1072; x_wconf 87' lang='lat' dir='ltr'>igitur</span> <span class='ocrx_word' id='word_1_428' title='bbox 890 1032 921 1063; x_wconf 90' lang='lat' dir='ltr'>in</span> <span class='ocrx_word' id='word_1_429' title='bbox 947 1032 1046 1063; x_wconf 85' lang='lat' dir='ltr'>tantis</span> <span class='ocrx_word' id='word_1_430' title='bbox 1070 1032 1230 1073; x_wconf 83' lang='lat' dir='ltr'>angustiis</span> <span class='ocrx_word' id='word_1_431' title='bbox 1254 1030 1361 1062; x_wconf 76' lang='lat' dir='ltr'>David</span> 
     </span>
    </p>
   </div>
   <div class='ocr_carea' id='block_1_15' title="bbox 941 2525 1396 2567">
    <p class='ocr_par' dir='ltr' id='par_1_15' title="bbox 941 2525 1396 2567">
     <span class='ocr_line' id='line_1_61' title="bbox 941 2525 1396 2567; baseline -0.002 -11"><span class='ocrx_word' id='word_1_432' title='bbox 941 2537 1038 2566; x_wconf 90' lang='lat' dir='ltr'>quum</span> <span class='ocrx_word' id='word_1_433' title='bbox 1070 2537 1146 2567; x_wconf 89' lang='lat' dir='ltr'>ergo</span> <span class='ocrx_word' id='word_1_434' title='bbox 1177 2525 1369 2557; x_wconf 86' lang='lat' dir='ltr'>sacrificium</span> <span class='ocrx_word' id='word_1_435' title='bbox 1395 2532 1396 2535; x_wconf 76' lang='grc'><strong>’</strong></span> 
     </span>
    </p>
   </div>
   <div class='ocr_carea' id='block_1_16' title="bbox 1387 1104 1398 2641">
    <p class='ocr_par' dir='ltr' id='par_1_16' title="bbox 1387 1104 1398 2641">
     <span class='ocr_line' id='line_1_62' title="bbox 1387 1104 1398 2641; baseline 0 0"><span class='ocrx_word' id='word_1_436' title='bbox 1387 1104 1398 2641; x_wconf 95' lang='lat' dir='ltr'> </span> 
     </span>
    </p>
   </div>
   <div class='ocr_carea' id='block_1_17' title="bbox 1415 344 2375 394">
    <p class='ocr_par' dir='ltr' id='par_1_17' title="bbox 1415 344 2375 394">
     <span class='ocr_line' id='line_1_63' title="bbox 1415 344 2375 394; baseline 0 -17"><span class='ocrx_word' id='word_1_437' title='bbox 1415 358 1432 377; x_wconf 84' lang='lat' dir='ltr'>a</span> <span class='ocrx_word' id='word_1_438' title='bbox 1461 346 1551 377; x_wconf 84' lang='lat' dir='ltr'>nobis</span> <span class='ocrx_word' id='word_1_439' title='bbox 1581 345 1753 386; x_wconf 85' lang='lat' dir='ltr'>diligenter</span> <span class='ocrx_word' id='word_1_440' title='bbox 1783 344 1948 377; x_wconf 85' lang='lat' dir='ltr'>observari</span> <span class='ocrx_word' id='word_1_441' title='bbox 1977 355 2106 376; x_wconf 87' lang='lat' dir='ltr'>necesse</span> <span class='ocrx_word' id='word_1_442' title='bbox 2130 351 2187 381; x_wconf 85' lang='lat' dir='ltr'>est,</span> <span class='ocrx_word' id='word_1_443' title='bbox 2218 345 2375 394; x_wconf 81' lang='lat' dir='ltr'>siquidem</span> 
     </span>
    </p>
   </div>
   <div class='ocr_carea' id='block_1_18' title="bbox 399 387 2375 474">
    <p class='ocr_par' dir='ltr' id='par_1_18' title="bbox 399 387 2375 474">
     <span class='ocr_line' id='line_1_64' title="bbox 1386 387 2375 428; baseline 0 -9"><span class='ocrx_word' id='word_1_444' title='bbox 1386 395 1388 400; x_wconf 89' lang='grc'><strong><em>·</em></strong></span> <span class='ocrx_word' id='word_1_445' title='bbox 1415 399 1508 428; x_wconf 71' lang='lat' dir='ltr'>satpe</span> <span class='ocrx_word' id='word_1_446' title='bbox 1539 388 1697 428; x_wconf 87' lang='lat' dir='ltr'>contingit</span> <span class='ocrx_word' id='word_1_447' title='bbox 1727 398 1785 419; x_wconf 87' lang='grc'><strong>1105</strong></span> <span class='ocrx_word' id='word_1_448' title='bbox 1815 388 1908 418; x_wconf 89' lang='lat' dir='ltr'>malis</span> <span class='ocrx_word' id='word_1_449' title='bbox 1937 393 1967 418; x_wconf 90' lang='lat' dir='ltr'>et</span> <span class='ocrx_word' id='word_1_450' title='bbox 2005 387 2243 419; x_wconf 81' lang='lat' dir='ltr'>calamitatibus</span> <span class='ocrx_word' id='word_1_451' title='bbox 2275 388 2375 420; x_wconf 79' lang='lat' dir='ltr'>variis</span> 
     </span>
     <span class='ocr_line' id='line_1_65' title="bbox 399 432 1389 474; baseline -0.002 -9"><span class='ocrx_word' id='word_1_452' title='bbox 399 435 452 466; x_wconf 85' lang='lat' dir='ltr'>sed</span> <span class='ocrx_word' id='word_1_453' title='bbox 484 436 633 465; x_wconf 80' lang='lat' dir='ltr'>effectum</span> <span class='ocrx_word' id='word_1_454' title='bbox 665 444 758 465; x_wconf 89' lang='lat' dir='ltr'>suum</span> <span class='ocrx_word' id='word_1_455' title='bbox 790 440 944 473; x_wconf 85' lang='lat' dir='ltr'>perpetuo</span> <span class='ocrx_word' id='word_1_456' title='bbox 975 432 1139 473; x_wconf 85' lang='lat' dir='ltr'>producit,</span> <span class='ocrx_word' id='word_1_457' title='bbox 1170 433 1360 474; x_wconf 86' lang='lat' dir='ltr'>praesertim</span> <span class='ocrx_word' id='word_1_458' title='bbox 1387 444 1389 455; x_wconf 79' lang='lat'><strong>¹</strong></span> 
     </span>
    </p>
   </div>
   <div class='ocr_carea' id='block_1_19' title="bbox 1415 430 2375 513">
    <p class='ocr_par' dir='ltr' id='par_1_19' title="bbox 1415 430 2375 513">
     <span class='ocr_line' id='line_1_66' title="bbox 1415 430 2375 470; baseline -0.001 -8"><span class='ocrx_word' id='word_1_459' title='bbox 1415 432 1571 462; x_wconf 74' lang='lat' dir='ltr'>exercitos</span> <span class='ocrx_word' id='word_1_460' title='bbox 1602 430 1707 461; x_wconf 91' lang='lat' dir='ltr'>Deum</span> <span class='ocrx_word' id='word_1_461' title='bbox 1737 430 1864 470; x_wconf 90' lang='lat' dir='ltr'>quidem</span> <span class='ocrx_word' id='word_1_462' title='bbox 1896 431 2037 470; x_wconf 86' lang='lat' dir='ltr'>precari,</span> <span class='ocrx_word' id='word_1_463' title='bbox 2071 430 2125 461; x_wconf 87' lang='lat' dir='ltr'>sed</span> <span class='ocrx_word' id='word_1_464' title='bbox 2159 431 2375 470; x_wconf 86' lang='lat' dir='ltr'>perfunctorie</span> 
     </span>
     <span class='ocr_line' id='line_1_67' title="bbox 1416 472 2375 513; baseline -0.001 -9"><span class='ocrx_word' id='word_1_465' title='bbox 1416 482 1550 511; x_wconf 88' lang='lat' dir='ltr'>tautum,</span> <span class='ocrx_word' id='word_1_466' title='bbox 1574 479 1605 504; x_wconf 91' lang='lat' dir='ltr'>et</span> <span class='ocrx_word' id='word_1_467' title='bbox 1628 473 1861 504; x_wconf 79' lang='lat' dir='ltr'>consuetudine</span> <span class='ocrx_word' id='word_1_468' title='bbox 1886 474 1991 513; x_wconf 83' lang='lat' dir='ltr'>potius</span> <span class='ocrx_word' id='word_1_469' title='bbox 2015 484 2109 513; x_wconf 85' lang='lat' dir='ltr'>quam</span> <span class='ocrx_word' id='word_1_470' title='bbox 2135 472 2205 509; x_wconf 74' lang='lat' dir='ltr'>fide,</span> <span class='ocrx_word' id='word_1_471' title='bbox 2233 472 2375 513; x_wconf 87' lang='lat' dir='ltr'>quaudo-</span> 
     </span>
    </p>
   </div>
   <div class='ocr_carea' id='block_1_20' title="bbox 1388 516 2377 556">
    <p class='ocr_par' dir='ltr' id='par_1_20' title="bbox 1388 516 2377 556">
     <span class='ocr_line' id='line_1_68' title="bbox 1388 516 2377 556; baseline 0 -10"><span class='ocrx_word' id='word_1_472' title='bbox 1388 543 1389 546; x_wconf 73' lang='grc'>,</span> <span class='ocrx_word' id='word_1_473' title='bbox 1415 517 1544 556; x_wconf 83' lang='lat' dir='ltr'>quidem</span> <span class='ocrx_word' id='word_1_474' title='bbox 1569 526 1626 546; x_wconf 82' lang='lat' dir='ltr'>nos</span> <span class='ocrx_word' id='word_1_475' title='bbox 1649 526 1779 556; x_wconf 89' lang='lat' dir='ltr'>operam</span> <span class='ocrx_word' id='word_1_476' title='bbox 1810 516 1920 547; x_wconf 87' lang='lat' dir='ltr'>ludere</span> <span class='ocrx_word' id='word_1_477' title='bbox 1951 516 2157 556; x_wconf 84' lang='lat' dir='ltr'>arbitramur,</span> <span class='ocrx_word' id='word_1_478' title='bbox 2189 517 2377 556; x_wconf 75' lang='lat' dir='ltr'>ignorantes</span> 
     </span>
    </p>
   </div>
   <div class='ocr_carea' id='block_1_21' title="bbox 1415 558 2376 940">
    <p class='ocr_par' dir='ltr' id='par_1_21' title="bbox 1415 558 2376 940">
     <span class='ocr_line' id='line_1_69' title="bbox 1415 558 2376 599; baseline -0.001 -9"><span class='ocrx_word' id='word_1_479' title='bbox 1415 560 1635 590; x_wconf 72' lang='lat' dir='ltr'>calamitatum</span> <span class='ocrx_word' id='word_1_480' title='bbox 1655 559 1789 595; x_wconf 81' lang='lat' dir='ltr'>exitum,</span> <span class='ocrx_word' id='word_1_481' title='bbox 1813 564 1845 590; x_wconf 92' lang='lat' dir='ltr'>et</span> <span class='ocrx_word' id='word_1_482' title='bbox 1868 559 2039 590; x_wconf 86' lang='lat' dir='ltr'>formidine</span> <span class='ocrx_word' id='word_1_483' title='bbox 2063 558 2268 599; x_wconf 84' lang='lat' dir='ltr'>percellimur</span> <span class='ocrx_word' id='word_1_484' title='bbox 2285 558 2376 598; x_wconf 89' lang='lat' dir='ltr'>quasi</span> 
     </span>
     <span class='ocr_line' id='line_1_70' title="bbox 1417 601 2376 642; baseline -0.001 -10"><span class='ocrx_word' id='word_1_485' title='bbox 1417 603 1591 632; x_wconf 77' lang='lat' dir='ltr'>bonitatem</span> <span class='ocrx_word' id='word_1_486' title='bbox 1616 601 1718 642; x_wconf 90' lang='lat' dir='ltr'>ipsius</span> <span class='ocrx_word' id='word_1_487' title='bbox 1742 611 1907 641; x_wconf 89' lang='lat' dir='ltr'>nunquam</span> <span class='ocrx_word' id='word_1_488' title='bbox 1932 601 2056 641; x_wconf 82' lang='lat' dir='ltr'>experti</span> <span class='ocrx_word' id='word_1_489' title='bbox 2081 611 2233 633; x_wconf 78' lang='lat' dir='ltr'>essemus.</span> <span class='ocrx_word' id='word_1_490' title='bbox 2257 606 2289 632; x_wconf 89' lang='lat' dir='ltr'>et</span> <span class='ocrx_word' id='word_1_491' title='bbox 2307 608 2376 632; x_wconf 87' lang='lat' dir='ltr'>tan-</span> 
     </span>
     <span class='ocr_line' id='line_1_71' title="bbox 1415 643 2376 684; baseline 0.001 -10"><span class='ocrx_word' id='word_1_492' title='bbox 1415 655 1508 684; x_wconf 76' lang='lat' dir='ltr'>quam</span> <span class='ocrx_word' id='word_1_493' title='bbox 1534 644 1633 675; x_wconf 89' lang='lat' dir='ltr'>maris</span> <span class='ocrx_word' id='word_1_494' title='bbox 1656 644 1761 675; x_wconf 89' lang='lat' dir='ltr'>undae</span> <span class='ocrx_word' id='word_1_495' title='bbox 1785 644 1890 675; x_wconf 84' lang='lat' dir='ltr'>ventis</span> <span class='ocrx_word' id='word_1_496' title='bbox 1919 645 2059 684; x_wconf 83' lang='lat' dir='ltr'>agitatae</span> <span class='ocrx_word' id='word_1_497' title='bbox 2089 644 2152 675; x_wconf 88' lang='lat' dir='ltr'>huc</span> <span class='ocrx_word' id='word_1_498' title='bbox 2181 651 2275 684; x_wconf 87' lang='lat' dir='ltr'>atque</span> <span class='ocrx_word' id='word_1_499' title='bbox 2299 643 2376 676; x_wconf 90' lang='lat' dir='ltr'>illuc</span> 
     </span>
     <span class='ocr_line' id='line_1_72' title="bbox 1416 686 2375 727; baseline 0 -10"><span class='ocrx_word' id='word_1_500' title='bbox 1416 688 1560 726; x_wconf 76' lang='lat' dir='ltr'>ferimur,</span> <span class='ocrx_word' id='word_1_501' title='bbox 1591 696 1627 718; x_wconf 84' lang='lat' dir='ltr'>ac</span> <span class='ocrx_word' id='word_1_502' title='bbox 1658 687 1793 727; x_wconf 88' lang='lat' dir='ltr'>proinde</span> <span class='ocrx_word' id='word_1_503' title='bbox 1828 686 1944 718; x_wconf 86' lang='lat' dir='ltr'>accidit</span> <span class='ocrx_word' id='word_1_504' title='bbox 1977 686 2068 718; x_wconf 91' lang='lat' dir='ltr'>nobis</span> <span class='ocrx_word' id='word_1_505' title='bbox 2101 697 2212 727; x_wconf 87' lang='lat' dir='ltr'>preces</span> <span class='ocrx_word' id='word_1_506' title='bbox 2248 692 2375 718; x_wconf 88' lang='lat' dir='ltr'>nostras</span> 
     </span>
     <span class='ocr_line' id='line_1_73' title="bbox 1416 728 2373 767; baseline 0 -7"><span class='ocrx_word' id='word_1_507' title='bbox 1416 740 1479 760; x_wconf 87' lang='lat' dir='ltr'>uon</span> <span class='ocrx_word' id='word_1_508' title='bbox 1504 734 1630 760; x_wconf 79' lang='lat' dir='ltr'>tantum</span> <span class='ocrx_word' id='word_1_509' title='bbox 1657 729 1788 760; x_wconf 91' lang='lat' dir='ltr'>inutiles</span> <span class='ocrx_word' id='word_1_510' title='bbox 1811 739 1889 765; x_wconf 88' lang='lat' dir='ltr'>esse,</span> <span class='ocrx_word' id='word_1_511' title='bbox 1919 729 1975 760; x_wconf 89' lang='lat' dir='ltr'>sed</span> <span class='ocrx_word' id='word_1_512' title='bbox 1999 729 2093 760; x_wconf 88' lang='lat' dir='ltr'>etiam</span> <span class='ocrx_word' id='word_1_513' title='bbox 2119 729 2242 767; x_wconf 78' lang='lat' dir='ltr'>noxias,</span> <span class='ocrx_word' id='word_1_514' title='bbox 2266 735 2298 760; x_wconf 85' lang='lat' dir='ltr'>et</span> <span class='ocrx_word' id='word_1_515' title='bbox 2321 728 2373 760; x_wconf 92' lang='lat' dir='ltr'>de-</span> 
     </span>
     <span class='ocr_line' id='line_1_74' title="bbox 1417 771 2375 812; baseline -0.001 -9"><span class='ocrx_word' id='word_1_516' title='bbox 1417 774 1632 812; x_wconf 78' lang='lat' dir='ltr'>trimentosas,</span> <span class='ocrx_word' id='word_1_517' title='bbox 1662 771 1745 812; x_wconf 89' lang='lat' dir='ltr'>quod</span> <span class='ocrx_word' id='word_1_518' title='bbox 1775 782 1792 803; x_wconf 89' lang='lat' dir='ltr'>a</span> <span class='ocrx_word' id='word_1_519' title='bbox 1823 771 1894 802; x_wconf 86' lang='lat' dir='ltr'>Deo</span> <span class='ocrx_word' id='word_1_520' title='bbox 1923 772 2031 812; x_wconf 88' lang='lat' dir='ltr'>potius</span> <span class='ocrx_word' id='word_1_521' title='bbox 2063 771 2250 803; x_wconf 80' lang='lat' dir='ltr'>recedamus</span> <span class='ocrx_word' id='word_1_522' title='bbox 2279 781 2375 812; x_wconf 80' lang='lat' dir='ltr'>quam</span> 
     </span>
     <span class='ocr_line' id='line_1_75' title="bbox 1415 814 2375 854; baseline -0.001 -8"><span class='ocrx_word' id='word_1_523' title='bbox 1415 814 1615 853; x_wconf 81' lang='lat' dir='ltr'>accedamus,</span> <span class='ocrx_word' id='word_1_524' title='bbox 1646 825 1761 845; x_wconf 90' lang='lat' dir='ltr'>nomeu</span> <span class='ocrx_word' id='word_1_525' title='bbox 1794 815 1894 854; x_wconf 79' lang='lat' dir='ltr'>ipsius</span> <span class='ocrx_word' id='word_1_526' title='bbox 1918 820 2038 845; x_wconf 88' lang='lat' dir='ltr'>temere</span> <span class='ocrx_word' id='word_1_527' title='bbox 2067 819 2099 845; x_wconf 87' lang='lat' dir='ltr'>et</span> <span class='ocrx_word' id='word_1_528' title='bbox 2123 814 2306 845; x_wconf 88' lang='lat' dir='ltr'>diffidenter</span> <span class='ocrx_word' id='word_1_529' title='bbox 2329 814 2375 844; x_wconf 89' lang='lat' dir='ltr'>in·</span> 
     </span>
     <span class='ocr_line' id='line_1_76' title="bbox 1416 857 2376 897; baseline -0.001 -9"><span class='ocrx_word' id='word_1_530' title='bbox 1416 863 1575 888; x_wconf 76' lang='lat' dir='ltr'>vocantes.</span> <span class='ocrx_word' id='word_1_531' title='bbox 1598 857 1698 897; x_wconf 89' lang='lat' dir='ltr'>Atqui</span> <span class='ocrx_word' id='word_1_532' title='bbox 1716 867 1774 888; x_wconf 90' lang='lat' dir='ltr'>nos</span> <span class='ocrx_word' id='word_1_533' title='bbox 1792 858 1951 897; x_wconf 86' lang='lat' dir='ltr'>scriptura</span> <span class='ocrx_word' id='word_1_534' title='bbox 1971 857 2059 888; x_wconf 87' lang='lat' dir='ltr'>iubet</span> <span class='ocrx_word' id='word_1_535' title='bbox 2077 857 2223 895; x_wconf 87' lang='lat' dir='ltr'>fidenter,</span> <span class='ocrx_word' id='word_1_536' title='bbox 2245 861 2277 888; x_wconf 90' lang='lat' dir='ltr'>et</span> <span class='ocrx_word' id='word_1_537' title='bbox 2289 862 2376 888; x_wconf 84' lang='lat' dir='ltr'>certa</span> 
     </span>
     <span class='ocr_line' id='line_1_77' title="bbox 1415 899 2376 940; baseline -0.001 -9"><span class='ocrx_word' id='word_1_538' title='bbox 1415 901 1514 932; x_wconf 86' lang='lat' dir='ltr'>animi</span> <span class='ocrx_word' id='word_1_539' title='bbox 1540 900 1654 931; x_wconf 78' lang='lat' dir='ltr'>fiducia</span> <span class='ocrx_word' id='word_1_540' title='bbox 1679 899 1717 930; x_wconf 86' lang='lat' dir='ltr'>ad</span> <span class='ocrx_word' id='word_1_541' title='bbox 1740 900 1845 931; x_wconf 91' lang='lat' dir='ltr'>Deum</span> <span class='ocrx_word' id='word_1_542' title='bbox 1870 899 2036 931; x_wconf 86' lang='lat' dir='ltr'>accedere:</span> <span class='ocrx_word' id='word_1_543' title='bbox 2062 900 2139 940; x_wconf 90' lang='lat' dir='ltr'>quin</span> <span class='ocrx_word' id='word_1_544' title='bbox 2163 900 2259 931; x_wconf 85' lang='lat' dir='ltr'>etiam</span> <span class='ocrx_word' id='word_1_545' title='bbox 2284 899 2376 939; x_wconf 90' lang='lat' dir='ltr'>polli-</span> 
     </span>
    </p>
   </div>
   <div class='ocr_carea' id='block_1_22' title="bbox 1388 942 2378 982">
    <p class='ocr_par' dir='ltr' id='par_1_22' title="bbox 1388 942 2378 982">
     <span class='ocr_line' id='line_1_78' title="bbox 1388 942 2378 982; baseline -0.002 -8"><span class='ocrx_word' id='word_1_546' title='bbox 1388 967 1389 970; x_wconf 67' lang='lat'>,</span> <span class='ocrx_word' id='word_1_547' title='bbox 1414 949 1504 975; x_wconf 89' lang='lat' dir='ltr'>cetur</span> <span class='ocrx_word' id='word_1_548' title='bbox 1527 942 1633 974; x_wconf 84' lang='lat' dir='ltr'>Deum</span> <span class='ocrx_word' id='word_1_549' title='bbox 1658 942 1697 973; x_wconf 87' lang='lat' dir='ltr'>ad</span> <span class='ocrx_word' id='word_1_550' title='bbox 1721 954 1755 974; x_wconf 87' lang='lat' dir='ltr'>se</span> <span class='ocrx_word' id='word_1_551' title='bbox 1779 943 1835 974; x_wconf 88' lang='lat' dir='ltr'>tali</span> <span class='ocrx_word' id='word_1_552' title='bbox 1859 943 1975 974; x_wconf 84' lang='lat' dir='ltr'>fiducia</span> <span class='ocrx_word' id='word_1_553' title='bbox 1999 943 2096 974; x_wconf 89' lang='lat' dir='ltr'>fretos</span> <span class='ocrx_word' id='word_1_554' title='bbox 2115 942 2303 973; x_wconf 86' lang='lat' dir='ltr'>accedentes</span> <span class='ocrx_word' id='word_1_555' title='bbox 2321 951 2378 982; x_wconf 86' lang='lat' dir='ltr'>spe</span> 
     </span>
    </p>
   </div>
   <div class='ocr_carea' id='block_1_23' title="bbox 1414 984 2382 2009">
    <p class='ocr_par' dir='ltr' id='par_1_23' title="bbox 1414 984 2382 2009">
     <span class='ocr_line' id='line_1_79' title="bbox 1414 984 2378 1026; baseline -0.001 -10"><span class='ocrx_word' id='word_1_556' title='bbox 1414 996 1470 1017; x_wconf 80' lang='lat' dir='ltr'>sua</span> <span class='ocrx_word' id='word_1_557' title='bbox 1493 995 1657 1026; x_wconf 88' lang='lat' dir='ltr'>nunquam</span> <span class='ocrx_word' id='word_1_558' title='bbox 1687 986 1928 1017; x_wconf 84' lang='lat' dir='ltr'>frustraturum.</span> <span class='ocrx_word' id='word_1_559' title='bbox 1975 984 2193 1024; x_wconf 81' lang='lat' dir='ltr'>Quamobrem</span> <span class='ocrx_word' id='word_1_560' title='bbox 2218 995 2283 1016; x_wconf 91' lang='lat' dir='ltr'>non</span> <span class='ocrx_word' id='word_1_561' title='bbox 2307 995 2378 1026; x_wconf 89' lang='lat' dir='ltr'>pos-</span> 
     </span>
     <span class='ocr_line' id='line_1_80' title="bbox 1415 1027 2378 1068; baseline -0.001 -9"><span class='ocrx_word' id='word_1_562' title='bbox 1415 1039 1526 1060; x_wconf 88' lang='lat' dir='ltr'>sumus</span> <span class='ocrx_word' id='word_1_563' title='bbox 1549 1028 1588 1059; x_wconf 88' lang='lat' dir='ltr'>ad</span> <span class='ocrx_word' id='word_1_564' title='bbox 1612 1028 1720 1059; x_wconf 92' lang='lat' dir='ltr'>Deum</span> <span class='ocrx_word' id='word_1_565' title='bbox 1753 1027 1971 1060; x_wconf 87' lang='lat' dir='ltr'>invocandum</span> <span class='ocrx_word' id='word_1_566' title='bbox 2003 1038 2039 1059; x_wconf 91' lang='lat' dir='ltr'>os</span> <span class='ocrx_word' id='word_1_567' title='bbox 2069 1029 2194 1068; x_wconf 86' lang='lat' dir='ltr'>aperire</span> <span class='ocrx_word' id='word_1_568' title='bbox 2218 1027 2280 1059; x_wconf 91' lang='lat' dir='ltr'>nisi</span> <span class='ocrx_word' id='word_1_569' title='bbox 2302 1038 2378 1068; x_wconf 87' lang='lat' dir='ltr'>per-</span> 
     </span>
     <span class='ocr_line' id='line_1_81' title="bbox 1414 1071 2378 1111; baseline -0.003 -8"><span class='ocrx_word' id='word_1_570' title='bbox 1414 1071 1500 1103; x_wconf 81' lang='lat' dir='ltr'>suasi</span> <span class='ocrx_word' id='word_1_571' title='bbox 1525 1082 1582 1102; x_wconf 88' lang='lat' dir='ltr'>nos</span> <span class='ocrx_word' id='word_1_572' title='bbox 1605 1071 1708 1111; x_wconf 90' lang='lat' dir='ltr'>ipsius</span> <span class='ocrx_word' id='word_1_573' title='bbox 1731 1081 1801 1102; x_wconf 89' lang='lat' dir='ltr'>esse</span> <span class='ocrx_word' id='word_1_574' title='bbox 1825 1071 1918 1108; x_wconf 84' lang='lat' dir='ltr'>filios,</span> <span class='ocrx_word' id='word_1_575' title='bbox 1949 1076 1979 1102; x_wconf 91' lang='lat' dir='ltr'>et</span> <span class='ocrx_word' id='word_1_576' title='bbox 2012 1071 2051 1102; x_wconf 89' lang='lat' dir='ltr'>ab</span> <span class='ocrx_word' id='word_1_577' title='bbox 2080 1071 2148 1111; x_wconf 86' lang='lat' dir='ltr'>ipso</span> <span class='ocrx_word' id='word_1_578' title='bbox 2178 1080 2236 1102; x_wconf 89' lang='lat' dir='ltr'>nos</span> <span class='ocrx_word' id='word_1_579' title='bbox 2261 1071 2378 1107; x_wconf 80' lang='lat' dir='ltr'>vocari,</span> 
     </span>
     <span class='ocr_line' id='line_1_82' title="bbox 1416 1114 2378 1162; baseline 0 -18"><span class='ocrx_word' id='word_1_580' title='bbox 1416 1125 1517 1162; x_wconf 86' lang='lat' dir='ltr'>neque</span> <span class='ocrx_word' id='word_1_581' title='bbox 1537 1124 1708 1153; x_wconf 86' lang='lat' dir='ltr'>possumus</span> <span class='ocrx_word' id='word_1_582' title='bbox 1738 1119 1773 1145; x_wconf 89' lang='lat' dir='ltr'>ut</span> <span class='ocrx_word' id='word_1_583' title='bbox 1803 1119 1927 1162; x_wconf 81' lang='lat' dir='ltr'>patrem</span> <span class='ocrx_word' id='word_1_584' title='bbox 1960 1124 2134 1154; x_wconf 88' lang='lat' dir='ltr'>agnoscere</span> <span class='ocrx_word' id='word_1_585' title='bbox 2157 1119 2189 1144; x_wconf 91' lang='lat' dir='ltr'>et</span> <span class='ocrx_word' id='word_1_586' title='bbox 2217 1114 2378 1150; x_wconf 83' lang='lat' dir='ltr'>invocare,</span> 
     </span>
     <span class='ocr_line' id='line_1_83' title="bbox 1415 1155 2376 1205; baseline 0 -18"><span class='ocrx_word' id='word_1_587' title='bbox 1415 1158 1476 1188; x_wconf 83' lang='lat' dir='ltr'>nisi</span> <span class='ocrx_word' id='word_1_588' title='bbox 1505 1157 1582 1187; x_wconf 88' lang='lat' dir='ltr'>certi</span> <span class='ocrx_word' id='word_1_589' title='bbox 1614 1157 1714 1187; x_wconf 84' lang='lat' dir='ltr'>simus</span> <span class='ocrx_word' id='word_1_590' title='bbox 1743 1167 1800 1188; x_wconf 90' lang='lat' dir='ltr'>uos</span> <span class='ocrx_word' id='word_1_591' title='bbox 1831 1157 1863 1187; x_wconf 92' lang='lat' dir='ltr'>in</span> <span class='ocrx_word' id='word_1_592' title='bbox 1894 1166 2030 1187; x_wconf 88' lang='lat' dir='ltr'>numero</span> <span class='ocrx_word' id='word_1_593' title='bbox 2062 1156 2200 1187; x_wconf 79' lang='lat' dir='ltr'>filiomm</span> <span class='ocrx_word' id='word_1_594' title='bbox 2236 1155 2276 1187; x_wconf 91' lang='lat' dir='ltr'>ab</span> <span class='ocrx_word' id='word_1_595' title='bbox 2307 1155 2376 1205; x_wconf 81' lang='lat' dir='ltr'>ipso</span> 
     </span>
     <span class='ocr_line' id='line_1_84' title="bbox 1415 1198 2377 1239; baseline -0.001 -9"><span class='ocrx_word' id='word_1_596' title='bbox 1415 1200 1548 1231; x_wconf 80' lang='lat' dir='ltr'>censeri.</span> <span class='ocrx_word' id='word_1_597' title='bbox 1587 1199 1735 1239; x_wconf 85' lang='lat' dir='ltr'>Denique</span> <span class='ocrx_word' id='word_1_598' title='bbox 1759 1210 1798 1230; x_wconf 93' lang='lat' dir='ltr'>ne</span> <span class='ocrx_word' id='word_1_599' title='bbox 1821 1199 1946 1230; x_wconf 84' lang='lat' dir='ltr'>hiscere</span> <span class='ocrx_word' id='word_1_600' title='bbox 1965 1198 2095 1239; x_wconf 90' lang='lat' dir='ltr'>quidem</span> <span class='ocrx_word' id='word_1_601' title='bbox 2116 1209 2290 1239; x_wconf 85' lang='lat' dir='ltr'>possemus</span> <span class='ocrx_word' id='word_1_602' title='bbox 2314 1198 2377 1230; x_wconf 90' lang='lat' dir='ltr'>nisi</span> 
     </span>
     <span class='ocr_line' id='line_1_85' title="bbox 1415 1241 2377 1282; baseline -0.001 -9"><span class='ocrx_word' id='word_1_603' title='bbox 1415 1247 1501 1274; x_wconf 83' lang='lat' dir='ltr'>certo</span> <span class='ocrx_word' id='word_1_604' title='bbox 1532 1242 1676 1282; x_wconf 85' lang='lat' dir='ltr'>persuasi</span> <span class='ocrx_word' id='word_1_605' title='bbox 1708 1242 1799 1273; x_wconf 90' lang='lat' dir='ltr'>nobis</span> <span class='ocrx_word' id='word_1_606' title='bbox 1829 1241 1867 1273; x_wconf 90' lang='lat' dir='ltr'>ad</span> <span class='ocrx_word' id='word_1_607' title='bbox 1891 1241 1952 1273; x_wconf 95' lang='lat' dir='ltr'>Dei</span> <span class='ocrx_word' id='word_1_608' title='bbox 1984 1242 2160 1273; x_wconf 80' lang='lat' dir='ltr'>bonitatem</span> <span class='ocrx_word' id='word_1_609' title='bbox 2192 1241 2314 1272; x_wconf 89' lang='lat' dir='ltr'>aditum</span> <span class='ocrx_word' id='word_1_610' title='bbox 2337 1241 2377 1273; x_wconf 82' lang='lat' dir='ltr'>ab</span> 
     </span>
     <span class='ocr_line' id='line_1_86' title="bbox 1416 1283 2378 1325; baseline 0 -10"><span class='ocrx_word' id='word_1_611' title='bbox 1416 1286 1485 1325; x_wconf 83' lang='lat' dir='ltr'>ipso</span> <span class='ocrx_word' id='word_1_612' title='bbox 1520 1285 1675 1325; x_wconf 86' lang='lat' dir='ltr'>patefieri.</span> <span class='ocrx_word' id='word_1_613' title='bbox 1719 1284 1834 1325; x_wconf 90' lang='lat' dir='ltr'>Itaque</span> <span class='ocrx_word' id='word_1_614' title='bbox 1863 1283 2001 1316; x_wconf 88' lang='lat' dir='ltr'>Davidis</span> <span class='ocrx_word' id='word_1_615' title='bbox 2035 1284 2183 1325; x_wconf 82' lang='lat' dir='ltr'>exemplo</span> <span class='ocrx_word' id='word_1_616' title='bbox 2217 1284 2378 1316; x_wconf 88' lang='lat' dir='ltr'>discamus</span> 
     </span>
     <span class='ocr_line' id='line_1_87' title="bbox 1417 1327 2377 1367; baseline 0 -9"><span class='ocrx_word' id='word_1_617' title='bbox 1417 1328 1520 1359; x_wconf 85' lang='lat' dir='ltr'>Deum</span> <span class='ocrx_word' id='word_1_618' title='bbox 1556 1328 1743 1359; x_wconf 85' lang='lat' dir='ltr'>invocantes</span> <span class='ocrx_word' id='word_1_619' title='bbox 1782 1337 1950 1367; x_wconf 88' lang='lat' dir='ltr'>nunquam</span> <span class='ocrx_word' id='word_1_620' title='bbox 1992 1327 2135 1358; x_wconf 88' lang='lat' dir='ltr'>animum</span> <span class='ocrx_word' id='word_1_621' title='bbox 2170 1327 2377 1367; x_wconf 89' lang='lat' dir='ltr'>despondere,</span> 
     </span>
     <span class='ocr_line' id='line_1_88' title="bbox 1415 1369 2377 1410; baseline 0 -9"><span class='ocrx_word' id='word_1_622' title='bbox 1415 1371 1489 1402; x_wconf 87' lang='lat' dir='ltr'>licet</span> <span class='ocrx_word' id='word_1_623' title='bbox 1514 1370 1661 1401; x_wconf 86' lang='lat' dir='ltr'>videatur</span> <span class='ocrx_word' id='word_1_624' title='bbox 1692 1369 1731 1401; x_wconf 90' lang='lat' dir='ltr'>ad</span> <span class='ocrx_word' id='word_1_625' title='bbox 1755 1377 1883 1410; x_wconf 89' lang='lat' dir='ltr'>tempus</span> <span class='ocrx_word' id='word_1_626' title='bbox 1911 1370 1949 1400; x_wconf 89' lang='lat' dir='ltr'>ad</span> <span class='ocrx_word' id='word_1_627' title='bbox 1980 1380 2090 1410; x_wconf 86' lang='lat' dir='ltr'>preces</span> <span class='ocrx_word' id='word_1_628' title='bbox 2113 1375 2241 1401; x_wconf 88' lang='lat' dir='ltr'>nostras</span> <span class='ocrx_word' id='word_1_629' title='bbox 2263 1370 2377 1401; x_wconf 86' lang='lat' dir='ltr'>obsur-</span> 
     </span>
     <span class='ocr_line' id='line_1_89' title="bbox 1416 1410 2378 1453; baseline -0.001 -9"><span class='ocrx_word' id='word_1_630' title='bbox 1416 1414 1562 1453; x_wconf 81' lang='lat' dir='ltr'>deseere⁷</span> <span class='ocrx_word' id='word_1_631' title='bbox 1597 1419 1628 1443; x_wconf 87' lang='lat' dir='ltr'>et</span> <span class='ocrx_word' id='word_1_632' title='bbox 1659 1424 1678 1444; x_wconf 89' lang='lat' dir='ltr'>a</span> <span class='ocrx_word' id='word_1_633' title='bbox 1708 1413 1800 1444; x_wconf 87' lang='lat' dir='ltr'>nobis</span> <span class='ocrx_word' id='word_1_634' title='bbox 1831 1412 1940 1444; x_wconf 89' lang='lat' dir='ltr'>oculos</span> <span class='ocrx_word' id='word_1_635' title='bbox 1970 1418 2128 1450; x_wconf 89' lang='lat' dir='ltr'>avertere,</span> <span class='ocrx_word' id='word_1_636' title='bbox 2157 1412 2295 1453; x_wconf 90' lang='lat' dir='ltr'>denique</span> <span class='ocrx_word' id='word_1_637' title='bbox 2318 1410 2378 1444; x_wconf 84' lang='grc'><strong>1105</strong></span> 
     </span>
     <span class='ocr_line' id='line_1_90' title="bbox 1416 1455 2375 1495; baseline -0.002 -7"><span class='ocrx_word' id='word_1_638' title='bbox 1416 1456 1573 1488; x_wconf 89' lang='lat' dir='ltr'>oblivioni</span> <span class='ocrx_word' id='word_1_639' title='bbox 1598 1455 1741 1487; x_wconf 88' lang='lat' dir='ltr'>tradere:</span> <span class='ocrx_word' id='word_1_640' title='bbox 1766 1455 1821 1487; x_wconf 89' lang='lat' dir='ltr'>sed</span> <span class='ocrx_word' id='word_1_641' title='bbox 1846 1461 1957 1486; x_wconf 89' lang='lat' dir='ltr'>contra</span> <span class='ocrx_word' id='word_1_642' title='bbox 1980 1456 2124 1495; x_wconf 88' lang='lat' dir='ltr'>persuasi</span> <span class='ocrx_word' id='word_1_643' title='bbox 2148 1455 2248 1487; x_wconf 89' lang='lat' dir='ltr'>simus</span> <span class='ocrx_word' id='word_1_644' title='bbox 2271 1455 2375 1495; x_wconf 85' lang='lat' dir='ltr'>ipsum</span> 
     </span>
     <span class='ocr_line' id='line_1_91' title="bbox 1417 1497 2378 1539; baseline -0.001 -9"><span class='ocrx_word' id='word_1_645' title='bbox 1417 1510 1450 1530; x_wconf 86' lang='lat' dir='ltr'>re</span> <span class='ocrx_word' id='word_1_646' title='bbox 1475 1499 1542 1539; x_wconf 90' lang='lat' dir='ltr'>ipsa</span> <span class='ocrx_word' id='word_1_647' title='bbox 1564 1498 1695 1530; x_wconf 88' lang='lat' dir='ltr'>tandem</span> <span class='ocrx_word' id='word_1_648' title='bbox 1726 1499 1961 1539; x_wconf 86' lang='lat' dir='ltr'>patefacturum</span> <span class='ocrx_word' id='word_1_649' title='bbox 1993 1508 2026 1529; x_wconf 87' lang='lat' dir='ltr'>se</span> <span class='ocrx_word' id='word_1_650' title='bbox 2051 1497 2089 1528; x_wconf 89' lang='lat' dir='ltr'>ad</span> <span class='ocrx_word' id='word_1_651' title='bbox 2119 1508 2229 1538; x_wconf 86' lang='lat' dir='ltr'>preces</span> <span class='ocrx_word' id='word_1_652' title='bbox 2252 1503 2378 1529; x_wconf 82' lang='lat' dir='ltr'>nostras</span> 
     </span>
     <span class='ocr_line' id='line_1_92' title="bbox 1417 1540 2378 1581; baseline 0 -9"><span class='ocrx_word' id='word_1_653' title='bbox 1417 1547 1557 1573; x_wconf 85' lang='lat' dir='ltr'>attentas</span> <span class='ocrx_word' id='word_1_654' title='bbox 1580 1552 1674 1573; x_wconf 87' lang='lat' dir='ltr'>aures</span> <span class='ocrx_word' id='word_1_655' title='bbox 1697 1541 1892 1581; x_wconf 87' lang='lat' dir='ltr'>praebuisse.</span> <span class='ocrx_word' id='word_1_656' title='bbox 1923 1541 1987 1572; x_wconf 91' lang='lat' dir='ltr'>Hic</span> <span class='ocrx_word' id='word_1_657' title='bbox 2010 1541 2108 1580; x_wconf 86' lang='lat' dir='ltr'>igitur</span> <span class='ocrx_word' id='word_1_658' title='bbox 2132 1541 2165 1571; x_wconf 92' lang='lat' dir='ltr'>in</span> <span class='ocrx_word' id='word_1_659' title='bbox 2189 1540 2378 1572; x_wconf 83' lang='lat' dir='ltr'>memoriam</span> 
     </span>
     <span class='ocr_line' id='line_1_93' title="bbox 1417 1583 2378 1623; baseline -0.001 -8"><span class='ocrx_word' id='word_1_660' title='bbox 1417 1585 1511 1615; x_wconf 84' lang='lat' dir='ltr'>etiam</span> <span class='ocrx_word' id='word_1_661' title='bbox 1544 1584 1725 1616; x_wconf 85' lang='lat' dir='ltr'>revocanda</span> <span class='ocrx_word' id='word_1_662' title='bbox 1756 1591 1803 1615; x_wconf 85' lang='lat' dir='ltr'>est</span> <span class='ocrx_word' id='word_1_663' title='bbox 1833 1584 1888 1615; x_wconf 90' lang='lat' dir='ltr'>illa</span> <span class='ocrx_word' id='word_1_664' title='bbox 1917 1583 1982 1614; x_wconf 89' lang='lat' dir='ltr'>divi</span> <span class='ocrx_word' id='word_1_665' title='bbox 2017 1583 2110 1614; x_wconf 87' lang='lat' dir='ltr'>Pauli</span> <span class='ocrx_word' id='word_1_666' title='bbox 2141 1583 2286 1614; x_wconf 84' lang='lat' dir='ltr'>doctrina</span> <span class='ocrx_word' id='word_1_667' title='bbox 2315 1593 2378 1623; x_wconf 86' lang='lat' dir='ltr'>qua</span> 
     </span>
     <span class='ocr_line' id='line_1_94' title="bbox 1416 1625 2376 1663; baseline -0.001 -6"><span class='ocrx_word' id='word_1_668' title='bbox 1416 1634 1533 1663; x_wconf 88' lang='lat' dir='ltr'>mouet,</span> <span class='ocrx_word' id='word_1_669' title='bbox 1558 1632 1593 1658; x_wconf 93' lang='lat' dir='ltr'>ut</span> <span class='ocrx_word' id='word_1_670' title='bbox 1616 1627 1649 1657; x_wconf 91' lang='lat' dir='ltr'>in</span> <span class='ocrx_word' id='word_1_671' title='bbox 1671 1627 1774 1658; x_wconf 91' lang='lat' dir='ltr'>Deum</span> <span class='ocrx_word' id='word_1_672' title='bbox 1798 1637 1926 1658; x_wconf 92' lang='lat' dir='ltr'>omnem</span> <span class='ocrx_word' id='word_1_673' title='bbox 1952 1631 2097 1658; x_wconf 88' lang='lat' dir='ltr'>nostram</span> <span class='ocrx_word' id='word_1_674' title='bbox 2117 1625 2376 1663; x_wconf 90' lang='lat' dir='ltr'>sollicitudinem,</span> 
     </span>
     <span class='ocr_line' id='line_1_95' title="bbox 1417 1668 2376 1710; baseline -0.002 -9"><span class='ocrx_word' id='word_1_675' title='bbox 1417 1676 1447 1701; x_wconf 91' lang='lat' dir='ltr'>et</span> <span class='ocrx_word' id='word_1_676' title='bbox 1470 1680 1579 1701; x_wconf 82' lang='lat' dir='ltr'>curam</span> <span class='ocrx_word' id='word_1_677' title='bbox 1604 1670 1796 1707; x_wconf 83' lang='lat' dir='ltr'>reiiciamus,</span> <span class='ocrx_word' id='word_1_678' title='bbox 1825 1676 1857 1700; x_wconf 89' lang='lat' dir='ltr'>et</span> <span class='ocrx_word' id='word_1_679' title='bbox 1880 1679 1953 1700; x_wconf 91' lang='lat' dir='ltr'>eum</span> <span class='ocrx_word' id='word_1_680' title='bbox 1977 1669 2156 1710; x_wconf 83' lang='lat' dir='ltr'>gratiarum</span> <span class='ocrx_word' id='word_1_681' title='bbox 2179 1668 2304 1701; x_wconf 80' lang='lat' dir='ltr'>actione</span> <span class='ocrx_word' id='word_1_682' title='bbox 2327 1668 2376 1699; x_wconf 89' lang='lat' dir='ltr'>in-</span> 
     </span>
     <span class='ocr_line' id='line_1_96' title="bbox 1417 1712 2378 1752; baseline 0 -9"><span class='ocrx_word' id='word_1_683' title='bbox 1417 1724 1577 1744; x_wconf 71' lang='lat' dir='ltr'>vocemus.</span> <span class='ocrx_word' id='word_1_684' title='bbox 1603 1712 1728 1751; x_wconf 84' lang='lat' dir='ltr'>Quibus</span> <span class='ocrx_word' id='word_1_685' title='bbox 1749 1713 1856 1743; x_wconf 82' lang='lat' dir='ltr'>verbis</span> <span class='ocrx_word' id='word_1_686' title='bbox 1873 1712 1995 1744; x_wconf 88' lang='lat' dir='ltr'>Paulus</span> <span class='ocrx_word' id='word_1_687' title='bbox 2008 1712 2098 1743; x_wconf 84' lang='lat' dir='ltr'>docet</span> <span class='ocrx_word' id='word_1_688' title='bbox 2119 1721 2228 1752; x_wconf 89' lang='lat' dir='ltr'>preces</span> <span class='ocrx_word' id='word_1_689' title='bbox 2252 1715 2378 1743; x_wconf 75' lang='lat' dir='ltr'>nostras</span> 
     </span>
     <span class='ocr_line' id='line_1_97' title="bbox 1418 1755 2377 1795; baseline -0.001 -9"><span class='ocrx_word' id='word_1_690' title='bbox 1418 1756 1495 1786; x_wconf 86' lang='lat' dir='ltr'>nihil</span> <span class='ocrx_word' id='word_1_691' title='bbox 1521 1765 1662 1795; x_wconf 87' lang='lat' dir='ltr'>unquam</span> <span class='ocrx_word' id='word_1_692' title='bbox 1693 1755 1871 1792; x_wconf 87' lang='lat' dir='ltr'>effecturas,</span> <span class='ocrx_word' id='word_1_693' title='bbox 1903 1755 1964 1786; x_wconf 89' lang='lat' dir='ltr'>nisi</span> <span class='ocrx_word' id='word_1_694' title='bbox 1995 1755 2085 1795; x_wconf 89' lang='lat' dir='ltr'>prius</span> <span class='ocrx_word' id='word_1_695' title='bbox 2115 1755 2148 1785; x_wconf 91' lang='lat' dir='ltr'>in</span> <span class='ocrx_word' id='word_1_696' title='bbox 2173 1755 2279 1786; x_wconf 90' lang='lat' dir='ltr'>Deum</span> <span class='ocrx_word' id='word_1_697' title='bbox 2301 1764 2377 1786; x_wconf 90' lang='lat' dir='ltr'>con-</span> 
     </span>
     <span class='ocr_line' id='line_1_98' title="bbox 1417 1796 2376 1838; baseline -0.001 -9"><span class='ocrx_word' id='word_1_698' title='bbox 1417 1799 1587 1830; x_wconf 87' lang='lat' dir='ltr'>iecerimus</span> <span class='ocrx_word' id='word_1_699' title='bbox 1610 1808 1721 1829; x_wconf 88' lang='lat' dir='ltr'>omnes</span> <span class='ocrx_word' id='word_1_700' title='bbox 1739 1808 1833 1829; x_wconf 88' lang='lat' dir='ltr'>curas</span> <span class='ocrx_word' id='word_1_701' title='bbox 1856 1802 1888 1829; x_wconf 86' lang='lat' dir='ltr'>et</span> <span class='ocrx_word' id='word_1_702' title='bbox 1910 1796 2143 1829; x_wconf 85' lang='lat' dir='ltr'>sollicitudines</span> <span class='ocrx_word' id='word_1_703' title='bbox 2166 1797 2282 1838; x_wconf 89' lang='lat' dir='ltr'>quibus</span> <span class='ocrx_word' id='word_1_704' title='bbox 2304 1806 2376 1837; x_wconf 89' lang='lat' dir='ltr'>pre-</span> 
     </span>
     <span class='ocr_line' id='line_1_99' title="bbox 1419 1839 2380 1880; baseline -0.002 -8"><span class='ocrx_word' id='word_1_705' title='bbox 1419 1842 1544 1872; x_wconf 87' lang='lat' dir='ltr'>mimur.</span> <span class='ocrx_word' id='word_1_706' title='bbox 1588 1840 1715 1872; x_wconf 91' lang='lat' dir='ltr'>Deinde</span> <span class='ocrx_word' id='word_1_707' title='bbox 1738 1840 1845 1871; x_wconf 93' lang='lat' dir='ltr'>Deum</span> <span class='ocrx_word' id='word_1_708' title='bbox 1869 1840 2039 1880; x_wconf 87' lang='lat' dir='ltr'>pollicetur</span> <span class='ocrx_word' id='word_1_709' title='bbox 2062 1839 2155 1871; x_wconf 77' lang='lat' dir='ltr'>nobis</span> <span class='ocrx_word' id='word_1_710' title='bbox 2184 1840 2250 1871; x_wconf 87' lang='lat' dir='ltr'>fore</span> <span class='ocrx_word' id='word_1_711' title='bbox 2273 1839 2380 1879; x_wconf 87' lang='lat' dir='ltr'>proxi-</span> 
     </span>
     <span class='ocr_line' id='line_1_100' title="bbox 1419 1882 2381 1924; baseline -0.001 -10"><span class='ocrx_word' id='word_1_712' title='bbox 1419 1894 1516 1922; x_wconf 89' lang='lat' dir='ltr'>mum,</span> <span class='ocrx_word' id='word_1_713' title='bbox 1540 1889 1572 1914; x_wconf 84' lang='lat' dir='ltr'>et</span> <span class='ocrx_word' id='word_1_714' title='bbox 1590 1884 1692 1915; x_wconf 83' lang='lat' dir='ltr'>nostri</span> <span class='ocrx_word' id='word_1_715' title='bbox 1706 1893 1816 1914; x_wconf 91' lang='lat' dir='ltr'>curam</span> <span class='ocrx_word' id='word_1_716' title='bbox 1831 1883 2030 1924; x_wconf 85' lang='lat' dir='ltr'>singularem</span> <span class='ocrx_word' id='word_1_717' title='bbox 2045 1882 2241 1914; x_wconf 86' lang='lat' dir='ltr'>habiturum.</span> <span class='ocrx_word' id='word_1_718' title='bbox 2267 1882 2381 1914; x_wconf 83' lang='lat' dir='ltr'>Caete-</span> 
     </span>
     <span class='ocr_line' id='line_1_101' title="bbox 1420 1924 2381 1966; baseline -0.002 -9"><span class='ocrx_word' id='word_1_719' title='bbox 1420 1937 1501 1964; x_wconf 84' lang='lat' dir='ltr'>rum,</span> <span class='ocrx_word' id='word_1_720' title='bbox 1529 1937 1734 1966; x_wconf 82' lang='lat' dir='ltr'>summopere</span> <span class='ocrx_word' id='word_1_721' title='bbox 1756 1925 1936 1957; x_wconf 84' lang='lat' dir='ltr'>cavendum</span> <span class='ocrx_word' id='word_1_722' title='bbox 1960 1925 2112 1956; x_wconf 88' lang='lat' dir='ltr'>admonet</span> <span class='ocrx_word' id='word_1_723' title='bbox 2135 1936 2176 1956; x_wconf 87' lang='lat' dir='ltr'>ne</span> <span class='ocrx_word' id='word_1_724' title='bbox 2199 1925 2269 1956; x_wconf 88' lang='lat' dir='ltr'>Deo</span> <span class='ocrx_word' id='word_1_725' title='bbox 2292 1924 2381 1956; x_wconf 93' lang='lat' dir='ltr'>oblo-</span> 
     </span>
     <span class='ocr_line' id='line_1_102' title="bbox 1419 1967 2382 2009; baseline 0 -10"><span class='ocrx_word' id='word_1_726' title='bbox 1419 1980 1554 2009; x_wconf 85' lang='lat' dir='ltr'>quamur</span> <span class='ocrx_word' id='word_1_727' title='bbox 1578 1975 1754 2009; x_wconf 86' lang='lat' dir='ltr'>precantes,</span> <span class='ocrx_word' id='word_1_728' title='bbox 1779 1974 1811 2000; x_wconf 85' lang='lat' dir='ltr'>et</span> <span class='ocrx_word' id='word_1_729' title='bbox 1834 1977 1868 2000; x_wconf 81' lang='lat' dir='ltr'>ut</span> <span class='ocrx_word' id='word_1_730' title='bbox 1891 1968 1983 2000; x_wconf 91' lang='lat' dir='ltr'>multi</span> <span class='ocrx_word' id='word_1_731' title='bbox 2007 1968 2113 2000; x_wconf 85' lang='lat' dir='ltr'>solent</span> <span class='ocrx_word' id='word_1_732' title='bbox 2131 1978 2203 2000; x_wconf 90' lang='lat' dir='ltr'>cum</span> <span class='ocrx_word' id='word_1_733' title='bbox 2228 1967 2382 2009; x_wconf 85' lang='lat' dir='ltr'>indigna-</span> 
     </span>
    </p>
   </div>
   <div class='ocr_carea' id='block_1_24' title="bbox 1420 2095 2383 2315">
    <p class='ocr_par' dir='ltr' id='par_1_24' title="bbox 1420 2095 2383 2223">
     <span class='ocr_line' id='line_1_103' title="bbox 1421 2095 2382 2146; baseline -0.001 -18"><span class='ocrx_word' id='word_1_734' title='bbox 1421 2102 1548 2128; x_wconf 81' lang='lat' dir='ltr'>nostras</span> <span class='ocrx_word' id='word_1_735' title='bbox 1571 2101 1603 2128; x_wconf 87' lang='lat' dir='ltr'>et</span> <span class='ocrx_word' id='word_1_736' title='bbox 1625 2097 1797 2146; x_wconf 74' lang='lat' dir='ltr'>petitiones</span> <span class='ocrx_word' id='word_1_737' title='bbox 1819 2107 1930 2128; x_wconf 85' lang='lat' dir='ltr'>omnes</span> <span class='ocrx_word' id='word_1_738' title='bbox 1954 2107 2027 2128; x_wconf 90' lang='lat' dir='ltr'>cum</span> <span class='ocrx_word' id='word_1_739' title='bbox 2052 2097 2232 2136; x_wconf 85' lang='lat' dir='ltr'>gratiarum</span> <span class='ocrx_word' id='word_1_740' title='bbox 2256 2095 2382 2127; x_wconf 78' lang='lat' dir='ltr'>actione</span> 
     </span>
     <span class='ocr_line' id='line_1_104' title="bbox 1420 2137 2383 2188; baseline -0.002 -17"><span class='ocrx_word' id='word_1_741' title='bbox 1420 2140 1581 2180; x_wconf 87' lang='lat' dir='ltr'>coniungi,</span> <span class='ocrx_word' id='word_1_742' title='bbox 1605 2144 1642 2171; x_wconf 85' lang='lat' dir='ltr'>ut</span> <span class='ocrx_word' id='word_1_743' title='bbox 1664 2141 1697 2171; x_wconf 89' lang='lat' dir='ltr'>in</span> <span class='ocrx_word' id='word_1_744' title='bbox 1717 2140 1787 2171; x_wconf 87' lang='lat' dir='ltr'>Deo</span> <span class='ocrx_word' id='word_1_745' title='bbox 1811 2140 2085 2188; x_wconf 88' lang='lat' dir='ltr'>conquiescamus,</span> <span class='ocrx_word' id='word_1_746' title='bbox 2110 2139 2212 2179; x_wconf 88' lang='lat' dir='ltr'>ipsum</span> <span class='ocrx_word' id='word_1_747' title='bbox 2237 2137 2383 2179; x_wconf 85' lang='lat' dir='ltr'>persuasi</span> 
     </span>
     <span class='ocr_line' id='line_1_105' title="bbox 1421 2180 2380 2223; baseline -0.001 -10"><span class='ocrx_word' id='word_1_748' title='bbox 1421 2182 1549 2213; x_wconf 78' lang='lat' dir='ltr'>taudem</span> <span class='ocrx_word' id='word_1_749' title='bbox 1564 2183 1753 2214; x_wconf 87' lang='lat' dir='ltr'>effecturum</span> <span class='ocrx_word' id='word_1_750' title='bbox 1775 2182 1846 2223; x_wconf 89' lang='lat' dir='ltr'>plus</span> <span class='ocrx_word' id='word_1_751' title='bbox 1867 2192 1963 2222; x_wconf 87' lang='lat' dir='ltr'>quam</span> <span class='ocrx_word' id='word_1_752' title='bbox 1985 2182 2043 2221; x_wconf 90' lang='lat' dir='ltr'>ipsi</span> <span class='ocrx_word' id='word_1_753' title='bbox 2057 2186 2208 2221; x_wconf 78' lang='lat' dir='ltr'>expetere</span> <span class='ocrx_word' id='word_1_754' title='bbox 2227 2180 2380 2213; x_wconf 85' lang='lat' dir='ltr'>ausimus.</span> 
     </span>
    </p>

    <p class='ocr_par' dir='ltr' id='par_1_25' title="bbox 1422 2222 2383 2308">
     <span class='ocr_line' id='line_1_106' title="bbox 1506 2222 2383 2263; baseline -0.002 -7"><span class='ocrx_word' id='word_1_755' title='bbox 1506 2226 1548 2256; x_wconf 83' lang='lat' dir='ltr'>Et</span> <span class='ocrx_word' id='word_1_756' title='bbox 1567 2225 1605 2256; x_wconf 90' lang='lat' dir='ltr'>de</span> <span class='ocrx_word' id='word_1_757' title='bbox 1623 2225 1695 2257; x_wconf 85' lang='lat' dir='ltr'>istis</span> <span class='ocrx_word' id='word_1_758' title='bbox 1715 2226 1879 2257; x_wconf 86' lang='lat' dir='ltr'>hactenus</span> <span class='ocrx_word' id='word_1_759' title='bbox 1913 2224 2067 2263; x_wconf 80' lang='lat' dir='ltr'>Sequitur</span> <span class='ocrx_word' id='word_1_760' title='bbox 2079 2222 2210 2256; x_wconf 83' lang='lat' dir='ltr'>Saulem</span> <span class='ocrx_word' id='word_1_761' title='bbox 2230 2229 2263 2255; x_wconf 75' lang='lat' dir='ltr'>et,</span> <span class='ocrx_word' id='word_1_762' title='bbox 2280 2223 2383 2256; x_wconf 84' lang='lat' dir='ltr'>socios</span> 
     </span>
     <span class='ocr_line' id='line_1_107' title="bbox 1422 2266 2380 2315; baseline -0.003 -16"><span class='ocrx_word' id='word_1_763' title='bbox 1422 2269 1488 2298; x_wconf 89' lang='lat' dir='ltr'>eius</span> <span class='ocrx_word' id='word_1_764' title='bbox 1520 2268 1617 2299; x_wconf 87' lang='lat' dir='ltr'>ivisse</span> <span class='ocrx_word' id='word_1_765' title='bbox 1647 2268 1686 2299; x_wconf 88' lang='lat' dir='ltr'>ad</span> <span class='ocrx_word' id='word_1_766' title='bbox 1719 2267 1938 2315; x_wconf 80' lang='lat' dir='ltr'>quaerendum</span> <span class='ocrx_word' id='word_1_767' title='bbox 1962 2266 2133 2303; x_wconf 89' lang='lat' dir='ltr'>Davidem,</span> <span class='ocrx_word' id='word_1_768' title='bbox 2164 2266 2248 2307; x_wconf 86' lang='lat' dir='ltr'>quod</span> <span class='ocrx_word' id='word_1_769' title='bbox 2281 2276 2380 2306; x_wconf 90' lang='lat' dir='ltr'>quum</span> 
     </span>
    </p>
   </div>
   <div class='ocr_carea' id='block_1_25' title="bbox 1422 2309 2396 2349">
    <p class='ocr_par' dir='ltr' id='par_1_26' title="bbox 1422 2309 2396 2349">
     <span class='ocr_line' id='line_1_108' title="bbox 1422 2309 2396 2349; baseline -0.001 -9"><span class='ocrx_word' id='word_1_770' title='bbox 1422 2310 1467 2340; x_wconf 89' lang='lat' dir='ltr'>illi</span> <span class='ocrx_word' id='word_1_771' title='bbox 1497 2312 1682 2342; x_wconf 83' lang='lat' dir='ltr'>nunciatum</span> <span class='ocrx_word' id='word_1_772' title='bbox 1714 2315 1800 2342; x_wconf 84' lang='lat' dir='ltr'>esset</span> <span class='ocrx_word' id='word_1_773' title='bbox 1827 2309 1937 2341; x_wconf 83' lang='lat' dir='ltr'>statim</span> <span class='ocrx_word' id='word_1_774' title='bbox 1961 2309 2164 2340; x_wconf 88' lang='lat' dir='ltr'>descendisse</span> <span class='ocrx_word' id='word_1_775' title='bbox 2194 2309 2233 2340; x_wconf 89' lang='lat' dir='ltr'>ad</span> <span class='ocrx_word' id='word_1_776' title='bbox 2257 2314 2396 2349; x_wconf 61' lang='lat' dir='ltr'>petram&gt;</span> 
     </span>
    </p>
   </div>
   <div class='ocr_carea' id='block_1_26' title="bbox 1422 2351 2385 2693">
    <p class='ocr_par' dir='ltr' id='par_1_27' title="bbox 1422 2351 2385 2693">
     <span class='ocr_line' id='line_1_109' title="bbox 1422 2351 2384 2392; baseline -0.002 -8"><span class='ocrx_word' id='word_1_777' title='bbox 1422 2360 1451 2384; x_wconf 91' lang='lat' dir='ltr'>et</span> <span class='ocrx_word' id='word_1_778' title='bbox 1473 2360 1636 2384; x_wconf 83' lang='lat' dir='ltr'>versatum</span> <span class='ocrx_word' id='word_1_779' title='bbox 1661 2354 1694 2384; x_wconf 93' lang='lat' dir='ltr'>in</span> <span class='ocrx_word' id='word_1_780' title='bbox 1718 2354 1843 2384; x_wconf 85' lang='lat' dir='ltr'>deserto</span> <span class='ocrx_word' id='word_1_781' title='bbox 1857 2352 1988 2389; x_wconf 84' lang='lat' dir='ltr'>Mahon,</span> <span class='ocrx_word' id='word_1_782' title='bbox 2013 2351 2094 2391; x_wconf 87' lang='lat' dir='ltr'>quod</span> <span class='ocrx_word' id='word_1_783' title='bbox 2115 2362 2216 2392; x_wconf 92' lang='lat' dir='ltr'>quum</span> <span class='ocrx_word' id='word_1_784' title='bbox 2240 2351 2384 2383; x_wconf 84' lang='lat' dir='ltr'>audisset</span> 
     </span>
     <span class='ocr_line' id='line_1_110' title="bbox 1423 2393 2383 2436; baseline -0.002 -10"><span class='ocrx_word' id='word_1_785' title='bbox 1423 2396 1501 2426; x_wconf 77' lang='lat' dir='ltr'>Saul</span> <span class='ocrx_word' id='word_1_786' title='bbox 1522 2401 1750 2436; x_wconf 85' lang='lat' dir='ltr'>persequutum</span> <span class='ocrx_word' id='word_1_787' title='bbox 1771 2396 1870 2428; x_wconf 83' lang='lat' dir='ltr'>fuisse</span> <span class='ocrx_word' id='word_1_788' title='bbox 1883 2395 2040 2426; x_wconf 88' lang='lat' dir='ltr'>Davidem</span> <span class='ocrx_word' id='word_1_789' title='bbox 2062 2394 2095 2425; x_wconf 92' lang='lat' dir='ltr'>in</span> <span class='ocrx_word' id='word_1_790' title='bbox 2109 2393 2233 2426; x_wconf 89' lang='lat' dir='ltr'>deserto</span> <span class='ocrx_word' id='word_1_791' title='bbox 2251 2393 2383 2432; x_wconf 80' lang='lat' dir='ltr'>Mahon,</span> 
     </span>
     <span class='ocr_line' id='line_1_111' title="bbox 1422 2437 2383 2477; baseline -0.001 -9"><span class='ocrx_word' id='word_1_792' title='bbox 1422 2444 1453 2469; x_wconf 86' lang='lat' dir='ltr'>et</span> <span class='ocrx_word' id='word_1_793' title='bbox 1484 2438 1579 2470; x_wconf 89' lang='lat' dir='ltr'>ivisse</span> <span class='ocrx_word' id='word_1_794' title='bbox 1610 2438 1743 2471; x_wconf 84' lang='lat' dir='ltr'>Saulem</span> <span class='ocrx_word' id='word_1_795' title='bbox 1774 2438 1813 2470; x_wconf 91' lang='lat' dir='ltr'>ad</span> <span class='ocrx_word' id='word_1_796' title='bbox 1842 2437 1925 2469; x_wconf 85' lang='lat' dir='ltr'>latus</span> <span class='ocrx_word' id='word_1_797' title='bbox 1955 2437 2084 2476; x_wconf 82' lang='lat' dir='ltr'>montis,</span> <span class='ocrx_word' id='word_1_798' title='bbox 2115 2447 2154 2468; x_wconf 85' lang='lat' dir='ltr'>ex</span> <span class='ocrx_word' id='word_1_799' title='bbox 2187 2443 2278 2477; x_wconf 82' lang='lat' dir='ltr'>parte</span> <span class='ocrx_word' id='word_1_800' title='bbox 2300 2445 2383 2468; x_wconf 88' lang='lat' dir='ltr'>una:</span> 
     </span>
     <span class='ocr_line' id='line_1_112' title="bbox 1423 2478 2384 2513; baseline -0.001 -2"><span class='ocrx_word' id='word_1_801' title='bbox 1423 2480 1582 2512; x_wconf 88' lang='lat' dir='ltr'>Davidem</span> <span class='ocrx_word' id='word_1_802' title='bbox 1608 2486 1714 2513; x_wconf 88' lang='lat' dir='ltr'>autem</span> <span class='ocrx_word' id='word_1_803' title='bbox 1729 2486 1760 2512; x_wconf 86' lang='lat' dir='ltr'>et</span> <span class='ocrx_word' id='word_1_804' title='bbox 1783 2481 1869 2513; x_wconf 87' lang='lat' dir='ltr'>viros</span> <span class='ocrx_word' id='word_1_805' title='bbox 1891 2481 1960 2512; x_wconf 89' lang='lat' dir='ltr'>eius</span> <span class='ocrx_word' id='word_1_806' title='bbox 1978 2480 2075 2511; x_wconf 82' lang='lat' dir='ltr'>fuisse</span> <span class='ocrx_word' id='word_1_807' title='bbox 2095 2480 2128 2510; x_wconf 91' lang='lat' dir='ltr'>in</span> <span class='ocrx_word' id='word_1_808' title='bbox 2149 2479 2246 2510; x_wconf 85' lang='lat' dir='ltr'>latere</span> <span class='ocrx_word' id='word_1_809' title='bbox 2266 2478 2384 2510; x_wconf 89' lang='lat' dir='ltr'>montis</span> 
     </span>
     <span class='ocr_line' id='line_1_113' title="bbox 1423 2522 2385 2570; baseline -0.002 -16"><span class='ocrx_word' id='word_1_810' title='bbox 1423 2534 1462 2554; x_wconf 85' lang='lat' dir='ltr'>ex</span> <span class='ocrx_word' id='word_1_811' title='bbox 1487 2530 1577 2563; x_wconf 86' lang='lat' dir='ltr'>parte</span> <span class='ocrx_word' id='word_1_812' title='bbox 1596 2525 1706 2556; x_wconf 87' lang='lat' dir='ltr'>altera.</span> <span class='ocrx_word' id='word_1_813' title='bbox 1731 2524 1832 2555; x_wconf 88' lang='lat' dir='ltr'>Porro</span> <span class='ocrx_word' id='word_1_814' title='bbox 1850 2523 2010 2554; x_wconf 90' lang='lat' dir='ltr'>Davidem</span> <span class='ocrx_word' id='word_1_815' title='bbox 2032 2522 2220 2562; x_wconf 84' lang='lat' dir='ltr'>desperasse</span> <span class='ocrx_word' id='word_1_816' title='bbox 2238 2532 2272 2553; x_wconf 85' lang='lat' dir='ltr'>se</span> <span class='ocrx_word' id='word_1_817' title='bbox 2291 2531 2385 2570; x_wconf 81' lang='lat' dir='ltr'>posse</span> 
     </span>
     <span class='ocr_line' id='line_1_114' title="bbox 1424 2564 2384 2606; baseline -0.001 -10"><span class='ocrx_word' id='word_1_818' title='bbox 1424 2566 1559 2598; x_wconf 86' lang='lat' dir='ltr'>evadere</span> <span class='ocrx_word' id='word_1_819' title='bbox 1582 2577 1599 2598; x_wconf 88' lang='lat' dir='ltr'>a</span> <span class='ocrx_word' id='word_1_820' title='bbox 1623 2568 1702 2598; x_wconf 89' lang='lat' dir='ltr'>facie</span> <span class='ocrx_word' id='word_1_821' title='bbox 1726 2566 1816 2599; x_wconf 83' lang='lat' dir='ltr'>Saul.</span> <span class='ocrx_word' id='word_1_822' title='bbox 1855 2566 1904 2597; x_wconf 91' lang='lat' dir='ltr'>En</span> <span class='ocrx_word' id='word_1_823' title='bbox 1929 2566 2028 2606; x_wconf 85' lang='lat' dir='ltr'>igitur</span> <span class='ocrx_word' id='word_1_824' title='bbox 2052 2564 2212 2596; x_wconf 88' lang='lat' dir='ltr'>Davidem</span> <span class='ocrx_word' id='word_1_825' title='bbox 2236 2564 2328 2596; x_wconf 81' lang='lat' dir='ltr'>velut</span> <span class='ocrx_word' id='word_1_826' title='bbox 2350 2564 2384 2595; x_wconf 90' lang='lat' dir='ltr'>in</span> 
     </span>
     <span class='ocr_line' id='line_1_115' title="bbox 1424 2605 2384 2648; baseline -0.002 -9"><span class='ocrx_word' id='word_1_827' title='bbox 1424 2609 1524 2648; x_wconf 86' lang='lat' dir='ltr'>ipsius</span> <span class='ocrx_word' id='word_1_828' title='bbox 1548 2610 1658 2641; x_wconf 86' lang='lat' dir='ltr'>mortis</span> <span class='ocrx_word' id='word_1_829' title='bbox 1682 2609 1827 2641; x_wconf 86' lang='lat' dir='ltr'>faucibus</span> <span class='ocrx_word' id='word_1_830' title='bbox 1850 2607 1991 2648; x_wconf 88' lang='lat' dir='ltr'>undique</span> <span class='ocrx_word' id='word_1_831' title='bbox 2010 2607 2208 2646; x_wconf 86' lang='lat' dir='ltr'>conclusum,</span> <span class='ocrx_word' id='word_1_832' title='bbox 2232 2612 2268 2639; x_wconf 90' lang='lat' dir='ltr'>ut</span> <span class='ocrx_word' id='word_1_833' title='bbox 2291 2605 2384 2638; x_wconf 76' lang='lat' dir='ltr'>nulla</span> 
     </span>
     <span class='ocr_line' id='line_1_116' title="bbox 1424 2649 2383 2693; baseline -0.001 -12"><span class='ocrx_word' id='word_1_834' title='bbox 1424 2661 1497 2692; x_wconf 83' lang='lat' dir='ltr'>spes</span> <span class='ocrx_word' id='word_1_835' title='bbox 1518 2652 1576 2691; x_wconf 85' lang='lat' dir='ltr'>ipsi</span> <span class='ocrx_word' id='word_1_836' title='bbox 1600 2652 1723 2693; x_wconf 86' lang='lat' dir='ltr'>reliqua</span> <span class='ocrx_word' id='word_1_837' title='bbox 1745 2652 1858 2684; x_wconf 86' lang='lat' dir='ltr'>salutis</span> <span class='ocrx_word' id='word_1_838' title='bbox 1877 2656 1970 2683; x_wconf 86' lang='lat' dir='ltr'>esset.</span> <span class='ocrx_word' id='word_1_839' title='bbox 1994 2649 2083 2690; x_wconf 82' lang='lat' dir='ltr'>Quid</span> <span class='ocrx_word' id='word_1_840' title='bbox 2106 2650 2207 2691; x_wconf 87' lang='lat' dir='ltr'>igitur</span> <span class='ocrx_word' id='word_1_841' title='bbox 2225 2649 2286 2691; x_wconf 87' lang='lat' dir='ltr'>ipsi</span> <span class='ocrx_word' id='word_1_842' title='bbox 2309 2659 2383 2690; x_wconf 87' lang='lat' dir='ltr'>pro—</span> 
     </span>
    </p>
   </div>
   <div class='ocr_carea' id='block_1_27' title="bbox 2504 473 2538 1066">
    <p class='ocr_par' dir='ltr' id='par_1_28' title="bbox 2504 473 2538 1066">
     <span class='ocr_line' id='line_1_117' title="bbox 2504 473 2538 1066; baseline 0 1978"><span class='ocrx_word' id='word_1_843' title='bbox 2504 473 2538 1066; x_wconf 95' lang='lat' dir='ltr'> </span> 
     </span>
    </p>
   </div>
   <div class='ocr_carea' id='block_1_28' title="bbox 2512 1506 2530 1628">
    <p class='ocr_par' dir='ltr' id='par_1_29' title="bbox 2512 1479 2530 1628">
     <span class='ocr_line' id='line_1_118' title="bbox 2512 1506 2530 1628; baseline 0 -15"><span class='ocrx_word' id='word_1_844' title='bbox 2512 1506 2530 1628; x_wconf 63' lang='grc' dir='ltr'><strong><em>ξ</em></strong></span> 
     </span>
    </p>
   </div>
  </div>
 </body>
</html>
