2551 3044
209 212 270 243 282³

206 306 327 346 arripit,
358 306 472 345 quibus
495 304 654 344 improbos
677 303 708 333 in
733 301 954 334 confusionem
979 309 1009 333 et
1032 304 1158 334 ruinam
1184 306 1186 315 '

206 349 259 379 det
278 348 476 388 praecipites,
494 352 524 378 et
543 347 659 377 inscios
677 344 787 376 fideles
805 352 913 375 servet
932 351 963 375 et
982 356 1022 376 ex
1042 346 1158 385 impro-

206 390 317 422 borum
347 391 487 421 faucibus
518 387 649 429 eripiat?
685 387 736 417 Illi
768 387 895 427 quidem
919 387 951 417 in
977 387 1046 418 Deo
1070 399 1158 428 spem

206 444 296 464 suam
326 433 488 469 collocant,
516 437 547 462 et
575 432 608 461 in
639 430 785 470 angustis
816 429 911 460 rebus
940 430 1097 461 auxilium
1120 431 1159 462 ab

207 476 274 515 ipso
308 479 445 515 sperant,
480 473 534 504 sed
568 473 706 503 rationes
740 472 854 512 quibus
890 472 978 503 Deus
1012 473 1156 512 ipsorum

206 519 248 549 sit
271 517 459 548 miserturus
481 517 640 556 ignorant,
672 524 750 555 quas
773 520 901 554 praeter
924 516 1066 554 ipsorum
1090 516 1157 555 opi-

208 561 332 591 nionem
355 558 508 599 producit,
532 563 563 588 et
586 558 708 588 fruetus
727 557 854 588 illarum
879 559 1051 598 participes
1071 558 1156 590 facit.

207 603 244 633 In
275 602 343 633 istis
372 601 467 637 igitur
497 606 649 640 tanquam
679 600 713 630 in
736 600 864 639 speculo
888 600 949 631 Dei
982 601 1156 631 bonitatem

205 651 236 676 et
266 642 515 674 misericordiam
549 652 624 683 erga
659 653 732 673 suos
766 642 839 673 licet
873 643 1092 683 contemplari,
1126 649 1157 674 et

205 686 388 717 nominatim
408 686 439 716 in
464 685 522 716 hoc
540 685 687 725 exemplo
708 684 824 722 Saulis,
848 686 903 725 qui
926 686 1000 716 licet
1023 687 1156 717 frustra-

204 736 254 760 tus
276 727 433 759 Davidem
463 733 546 758 esset
569 728 688 758 maiore
721 733 797 758 natu
823 728 895 765 filia,
927 728 1085 759 minorem
1110 729 1156 759 illi

204 771 380 811 despondit,
414 780 546 810 remque
577 775 701 810 gratam
725 770 842 801 habuit.
888 770 970 801 Nam
995 781 1094 810 quum
1119 782 1156 802 ea

203 815 326 844 ratione
345 812 461 844 Davidi
484 813 570 843 dolos
590 818 740 851 necteret,
759 813 819 844 sibi
839 813 898 853 ipsi
918 813 1039 844 malum
1059 824 1155 854 quae—

202 856 286 893 sivit,
310 855 393 896 quod
422 860 528 886 tamen
557 856 645 886 nulla
669 861 792 895 poterat
814 857 940 896 assequi
963 857 1155 897 coniectura,

201 899 395 929 contrarium
435 908 566 938 prorsus
600 904 753 929 eventum
788 899 846 929 sibi
882 898 1057 938 pollicitus:
1099 900 1155 930 sed

202 941 289 972 Deus
322 951 379 972 sua
412 940 613 981 providentia
646 941 729 972 rexit
762 941 823 972 ista
852 942 959 972 omnia
989 942 1021 972 iu
1052 942 1155 973 fidelis

202 985 250 1014 sui
280 985 362 1015 servi
392 984 593 1014 commodum
628 988 659 1014 01
693 983 874 1015 utilitatem.
929 984 1013 1015 Hine
1048 985 1155 1025 itaque

202 1027 359 1058 discamus
381 1026 470 1056 nulla
494 1026 657 1057 homiuum
682 1026 823 1064 consilia,
854 1027 960 1057 nullas
990 1027 1154 1058 hominum

203 1069 287 1100 vires
309 1078 400 1108 posse
419 1068 481 1099 Dei
504 1069 738 1108 providentiam
759 1070 912 1100 remorari
932 1076 962 1100 et
981 1069 1152 1110 impedire:

202 1122 238 1143 ae
261 1111 334 1143 lieet
355 1110 429 1143 hinc
452 1111 526 1142 inde
549 1112 717 1151 agitemur,
742 1118 773 1142 et
796 1112 874 1143 diris
896 1113 1154 1144 comminationi-

203 1155 259 1185 bus
283 1159 468 1192 terreamur,
500 1155 652 1194 quamdiu
682 1159 789 1185 tamen
821 1165 877 1186 nos
900 1155 959 1194 ipsi
983 1156 1154 1186 subieceri-

202 1207 281 1234 mus,
305 1203 334 1226 et
353 1202 465 1236 sponte
485 1197 524 1227 ad
543 1198 641 1236 ipsius
660 1196 845 1237 obsequium
864 1199 1155 1237 composuerimus:

203 1250 240 1270 ne
271 1238 451 1270 dubitemus
482 1240 558 1279 quin
591 1240 756 1271 brachium
779 1250 873 1271 suum
899 1241 936 1271 ad
962 1250 1020 1272 nos
1044 1241 1154 1272 defen-

201 1281 319 1312 dendos
331 1287 467 1320 exserat,
490 1287 522 1313 et
537 1282 628 1313 donis
651 1284 716 1313 suis
740 1282 865 1314 abundo
884 1285 1063 1315 cumulatos
1083 1294 1154 1324 pro-

200 1329 295 1364 tegat,
319 1329 350 1355 et
373 1324 413 1355 ab
435 1325 582 1356 omnibus
606 1325 750 1356 hostibus
774 1325 898 1358 liberet.

282 1366 349 1397 Iam
372 1377 449 1398 vero
473 1368 566 1409 agite,
590 1370 640 1399 etc.

468 1565 711 1605 HOMILIA
738 1565 885 1605 LXIX.

281 1665 331 1696 22.
376 1665 419 1696 Et
446 1666 606 1697 mandavit
630 1666 709 1697 Saul
737 1668 835 1698 servis
858 1669 941 1699 suis:
975 1668 1154 1708 Loquimini

197 1708 239 1739 ad
252 1707 357 1739 David
374 1708 452 1739 clam
469 1718 524 1745 me,
544 1709 691 1740 dicentes:
709 1709 785 1740 Eece
800 1710 903 1748 places
923 1712 995 1751 νομί,
1015 1714 1041 1742 et
1053 1722 1154 1743 omnes

197 1750 278 1781 servi
306 1751 373 1781 eius
406 1751 539 1790 dili-qunt
567 1754 612 1782 te:
647 1762 728 1782 nunc
755 1763 824 1792 erqo
853 1755 914 1784 esto
943 1764 1036 1794 yener
1063 1755 1152 1794 reyis.

198 1793 248 1824 23.
292 1793 334 1823 Et
363 1793 478 1832 loquuti
506 1797 577 1824 sunt
605 1795 687 1825 servi
718 1794 795 1826 Saul
826 1796 858 1826 in
886 1797 1017 1828 auribus
1046 1796 1154 1828 David

198 1836 300 1867 omnia
321 1836 412 1866 verba
434 1835 522 1868 haec:
544 1839 571 1868 et
592 1838 637 1868 ait
656 1837 777 1869 David:
803 1838 887 1869 Num
904 1850 1017 1878 parum
1035 1840 1154 1870 videtur

196 1879 281 1909 vobis
300 1888 441 1919 yenerum
463 1889 526 1910 esse
548 1880 654 1919 reyis?
675 1879 743 1920 Eyo
760 1884 864 1911 autem
881 1892 949 1912 sam
968 1883 1017 1913 vir
1032 1893 1153 1922 pauper

198 1923 225 1952 et
246 1921 353 1952 tenuis.
390 1921 440 1952 24.
463 1921 506 1952 Et
527 1923 777 1954 renuntiaverunt
798 1925 881 1954 servi
906 1924 984 1956 Saul
1006 1926 1152 1957 dicentes:

199 1963 419 1995 Huiuscemodi
448 1964 536 1995 verba
565 1965 708 2004 loquutus
739 1969 782 1996 est
817 1966 932 1997 David.
978 1967 1028 1999 25.
1059 1968 1153 1999 Dixit

198 2008 298 2037 autem
324 2005 416 2037 Saul.-
439 2006 489 2037 Sic
510 2007 670 2046 loquimini
692 2008 733 2038 (iol
755 2009 878 2039 David:
904 2010 974 2041 Non
992 2010 1080 2041 ‘tabet
1097 2021 1151 2042 rex

194 2048 354 2087 sponsalia
375 2059 500 2086 necesse,
524 2050 587 2080 nisi
610 2053 727 2081 lantum
750 2054 867 2082 centum
886 2054 1053 2092 praeputia
1072 2053 1148 2084 Plu-

195 2091 378 2129 listinwum,
400 2094 433 2122 ut
452 2092 508 2131 fiat
529 2093 605 2124 ultio
620 2094 656 2123 (le
679 2094 815 2125 inimicis
833 2096 926 2134 regns.
950 2095 1050 2127 Porro
1072 2096 1151 2128 Saul

197 2133 342 2173 coyitabat
381 2135 500 2165 tradere
543 2135 646 2166 David
685 2137 717 2167 in
758 2147 869 2167 manas
902 2137 1149 2170 Pliilistinorum.

197 2175 247 2206 26.
280 2176 436 2216 Quumque
463 2179 694 2209 renunciassent
725 2180 807 2210 servi
836 2181 902 2211 eius
924 2180 1032 2212 David
1060 2182 1150 2213 verba

198 2228 274 2256 quae
306 2219 426 2250 dixerat
459 2219 544 2255 Saul,
574 2222 694 2260 placuit
721 2232 819 2253 sermo
848 2223 882 2253 in
910 2224 1005 2254 oculis
1032 2223 1148 2262 David,

199 2263 232 2290 ut
258 2259 340 2298 fieret
367 2272 456 2301 yener
484 2263 576 2303 reyis.
622 2264 673 2295 27.
704 2264 748 2295 Et
766 2268 834 2303 post
852 2276 971 2305 paucos
993 2267 1059 2297 dies
1081 2277 1148 2298 sur-

199 2312 274 2341 qens
299 2302 410 2342 David,
433 2304 509 2336 abiit
530 2316 597 2337 cum
618 2307 695 2338 viris
718 2308 771 2346 qui
789 2308 845 2339 sub
864 2319 895 2339 eo
918 2311 1014 2348 erant,
1038 2312 1063 2340 et
1078 2320 1150 2348 per-

200 2345 295 2375 cussit
316 2355 352 2375 ez
377 2345 555 2379 Pliilistaeis
583 2349 724 2381 ducentos
752 2351 842 2388 viros,
873 2354 898 2382 et
921 2352 1024 2382 attulit
1046 2363 1149 2383 eorum

196 2387 371 2426 praeputia,
402 2391 428 2419 et
458 2393 672 2423 annumeravit
707 2403 741 2423 ea
774 2395 852 2433 rcyi,
886 2397 918 2424 ut
947 2398 1024 2425 esset
1058 2405 1149 2435 yener

200 2429 275 2460 eius,
300 2429 392 2461 Dedit
410 2431 509 2470 itaque
528 2433 606 2464 Saul
622 2435 651 2466 ei
667 2434 781 2466 Michol
793 2436 893 2475 filiam
911 2447 1001 2467 suam
1012 2447 1148 2469 uxorem.

202 2471 251 2502 28.
296 2471 338 2502 Et
359 2473 436 2503 vidit
458 2473 543 2511 Saul,
573 2479 601 2507 et
621 2478 767 2509 intellexit
789 2480 868 2518 quod
890 2479 1046 2510 Dominus
1074 2484 1149 2512 esset

200 2524 267 2545 cum
290 2514 412 2545 David:
441 2515 555 2549 Michol
576 2522 678 2550 autem
698 2521 765 2559 filia
791 2522 868 2552 Saul
896 2522 1043 2562 (Ziliyebat
1070 2534 1147 2555 eum.

201 2556 250 2587 29.
297 2556 338 2587 Et
363 2556 440 2588 Saul
467 2561 565 2599 mayis
592 2563 684 2601 coepit
711 2564 815 2595 timere
845 2564 960 2602 David,
989 2566 1149 2606 factusque

200 2602 243 2629 est
278 2598 356 2629 Saul
385 2600 530 2632 inimicus
563 2603 667 2635 David
704 2607 819 2638 cunctis
859 2608 972 2639 (liebus,
1022 2608 1071 2639 30.
1106 2609 1150 2640 Et

201 2641 315 2681 egli-essi
350 2644 422 2672 sunt
450 2644 607 2684 principes
643 2647 898 2681 Pliilistinorum:
937 2661 956 2680 a
991 2651 1148 2691 principio

307 2691 414 2718 Vah-im·
426 2699 514 2724 opera.
539 2695 705 2726 Vol.XXX.

828 210 873 240 IN
899 209 924 240 I.
951 210 1036 240 LIB.
1062 209 1259 242 SAMUEL.
1284 212 1378 244 CAP.
1404 213 1534 245 XVIII*

2115 218 2162 248 29«
2172 222 2178 245 1

1213 307 1312 336 autem
1335 307 1516 345 (ξφ-03310103
1537 317 1642 339 eorum
1657 308 1844 347 prudentius
1866 320 1897 341 se
1917 310 2037 350 yerebat
2056 310 2175 348 David,

1211 358 1304 386 quam
1331 359 1434 397 tornines
1455 351 1538 381 servi
1562 350 1648 389 Saul,
1678 353 1705 381 et
1726 351 1834 383 celebre
1855 352 1972 391 factum
2002 356 2045 384 est
2067 364 2175 386 nomen

1211 400 1278 421 eius
1301 401 1406 423 nimis.

1295 475 1457 507 Hesterna
1480 477 1631 509 concione
1655 479 1816 518 coepimus
1840 479 2002 511 declarare
2025 491 2168 512 amorem

1209 517 1299 548 illum
1331 529 1392 557 quo
1422 519 1542 550 Michol
1574 520 1639 551 filia
1669 520 1776 552 Saulis
1808 522 1964 553 Davidem
1996 533 2170 563 proseque-

1211 559 1313 597 batur,
1338 561 1376 591 ab
1400 571 1516 592 arcano
1540 562 1601 593 Dei
1624 564 1755 594 consilio
1776 565 1960 603 profectum,
1985 566 2039 606 qui
2061 576 2169 597 rerum

1209 608 1388 634 creatarum
1409 604 1505 634 eorda
1528 606 1572 635 sic
1597 606 1685 636 novit
1708 607 1882 644 inflectere,
1906 613 1942 638 ut
1966 618 2048 648 opus
2073 619 2168 639 suum

1208 644 1248 675 ad
1271 656 1344 675 eum
1369 647 1464 676 finem
1488 657 1581 686 quem
1606 648 1748 679 docrevit
1771 650 1934 689 perducat.
1959 651 2050 682 Sauli
2073 660 2169 689 porro

1209 687 1364 726 placuisse
1400 688 1515 719 dieitur
1549 700 1639 720 amor
1672 691 1725 721 ille
1758 703 1819 731 quo
1855 692 2013 724 Davidem
2045 694 2169 724 Michol

1208 730 1273 760 filia
1307 731 1406 770 ipsius
1441 733 1708 772 prosequebatur:
1752 735 1883 766 minime
1920 736 2050 775 quidem
2086 736 2169 776 quod

1208 773 1312 813 ipsum
1344 774 1520 812 poeniteret
1549 776 1621 806 facti
1656 780 1688 807 et
1718 777 1797 808 elusi
1828 777 1973 816 Duvidis,
2010 779 2170 819 velletque

1207 816 1266 855 ipsi
1296 816 1491 847 satisfacere:
1522 817 1578 848 sed
1610 818 1693 858 quod
1723 820 1781 851 hac
1806 820 1930 851 ratione
1949 822 2046 852 semel
2069 822 2177 852 auimo

1207 864 1394 897 conceptum
1429 859 1538 890 odium
1571 866 1602 890 et
1640 871 1749 892 necem
1785 862 1921 893 Davidis
1956 870 2103 904 speraret
2137 874 2171 895 se

1208 911 1299 941 posse
1322 901 1360 931 ad
1384 912 1479 932 suum
1502 903 1599 933 finem
1620 904 1802 942 perducere,
1828 905 1985 937 tradendo
2005 907 2111 946 ipsum
2137 907 2170 937 in

1207 954 1324 974 manus
1348 943 1607 976 Philistaeorum.
1654 946 1776 978 Idcirco
1806 947 1924 979 dicitur
1955 959 2066 980 servos
2097 960 2171 980 suos

1207 986 1388 1024 adornasse,
1414 988 1466 1026 qui
1490 987 1650 1019 Davidem
1674 989 1713 1020 ad
1738 990 1909 1029 petendam
1933 991 2034 1022 filiam
2059 991 2171 1023 Saulis

1210 1029 1384 1060 Micholam
1403 1030 1622 1061 sollicitarent.
1648 1031 1699 1061 Ex
1722 1033 1836 1071 quibus
1856 1039 1989 1072 apparet
2011 1035 2071 1064 Dei
2095 1045 2174 1066 con·

1208 1077 1382 1110 temptores
1412 1082 1538 1112 semper
1562 1073 1724 1105 fraudibus
1755 1081 1783 1105 et
1814 1075 1893 1106 dolis
1917 1086 1952 1107 ac
1977 1077 2070 1108 malis
2095 1077 2175 1108 arti—

1207 1115 1265 1145 bus
1288 1114 1438 1152 intentos‚
1473 1116 1610 1155 obliquis
1646 1118 1714 1152 viis,
1753 1123 1788 1147 ut
1822 1118 1983 1157 scriptura
2022 1119 2176 1159 loquitur,

1209 1157 1390 1187 ambulare:
1421 1168 1518 1197 quare
1551 1169 1608 1189 nos
1637 1165 1749 1190 contra
1776 1161 1911 1191 Paulum
1943 1161 2172 1193 exhortantem

1208 1199 1376 1230 audiamus
1401 1211 1511 1231 omnes
1541 1201 1657 1238 tifleles,
1689 1208 1725 1232 ut
1747 1203 1777 1233 iu
1802 1203 2010 1242 simplicitate
2034 1210 2064 1235 et
2089 1205 2172 1235 inte-

1209 1243 1325 1281 gritate
1360 1242 1532 1277 ambulent,
1570 1249 1601 1274 et-
1637 1255 1709 1275 cum
1744 1247 1899 1284 proximis
1922 1247 2068 1283 candide,
2107 1258 2172 1278 non

1209 1290 1317 1315 autem
1347 1285 1473 1325 oblique
1501 1292 1531 1316 et
1555 1291 1696 1318 tortuose
1721 1294 1895 1319 versentur.
1944 1289 1986 1319 Et
2010 1290 2036 1319 si
2061 1289 2174 1321 Saulis

1210 1327 1397 1367 perfidiosus
1431 1329 1559 1359 animus
1596 1340 1614 1359 a
1650 1330 1738 1361 nobis
1774 1331 1887 1361 merito
1921 1331 2171 1372 condemnatur,

1208 1371 1346 1402 sciamus
1377 1382 1433 1401 nos
1464 1370 1523 1401 Dei
1558 1372 1655 1402 verbo
1690 1373 1800 1411 teneri,
1836 1384 1898 1404 nou
1930 1379 2060 1405 tantum
2097 1386 2170 1406 cum

1209 1413 1421 1445 familiaribus
1453 1418 1485 1443 et
1514 1415 1667 1454 cognatis,
1701 1416 1755 1446 sed
1785 1426 1856 1447 cum
1889 1417 2039 1447 omuibus
2071 1418 2171 1448 etiam

1210 1466 1304 1495 agere
1334 1456 1468 1487 candide
1492 1461 1523 1487 et
1545 1458 1739 1496 simpliciter.
1786 1459 1887 1489 Porro
1913 1460 1945 1489 10
1972 1459 2070 1490 Saule
2095 1460 2171 1491 licet

1210 1499 1302 1530 nobis
1325 1509 1435 1529 eorum
1454 1499 1571 1529 intueri
1592 1510 1703 1538 mores,
1727 1502 1779 1540 qui
1800 1501 1966 1532 fraudibus
1985 1502 2172 1542 indulgent²

1209 1551 1245 1572 ac
1269 1542 1457 1581 praesertim
1482 1542 1659 1573 aulicorum
1682 1543 1825 1581 technas,
1849 1554 1948 1583 quum
1975 1544 2052 1576 Saul
2078 1544 2173 1576 ador-

1210 1589 1265 1614 nat
1295 1589 1397 1615 certos
1426 1585 1478 1624 qui
1510 1584 1671 1616 Davidem
1702 1586 1860 1617 amicitiae
1891 1593 2066 1626 praetextu
2093 1586 2172 1619 deli-

1209 1627 1310 1665 niant,
1334 1632 1365 1657 et
1384 1627 1416 1657 in
1441 1627 1584 1658 animum
1604 1627 1764 1665 inducant,
1791 1635 1825 1659 ut
1845 1630 1929 1668 regis
1948 1630 2051 1660 filiam
2072 1634 2169 1669 petat,

1209 1676 1363 1709 tanquam
1386 1670 1447 1710 ipsi
1470 1671 1704 1709 gratificantes:
1729 1670 1861 1702 Saulem
1882 1672 2091 1703 dissimulent
2110 1674 2174 1705 ista

1207 1712 1288 1743 seire
1312 1718 1367 1743 aut
1390 1713 1485 1743 velle:
1510 1713 1606 1744 immo
1628 1713 1755 1754 fingant
1778 1725 1811 1744 se
1830 1716 1943 1745 timere
1966 1725 2005 1746 ne
2026 1714 2067 1745 ad
2087 1716 2174 1757 regis

1207 1765 1299 1786 aures
1330 1755 1499 1794 perveniat
1522 1755 1615 1786 istius
1637 1766 1670 1786 se
1694 1757 1737 1787 rei
1762 1763 1888 1788 autores
1912 1756 2034 1787 Davidi
2062 1759 2171 1790 fuisse.

1208 1797 1296 1829 Haec
1327 1804 1392 1828 tota
1422 1798 1583 1829 simulatio
1607 1799 1710 1838 prodit
1734 1798 1841 1830 Saulis
1865 1799 1986 1830 malum
2015 1800 2171 1837 animum,

1205 1842 1295 1871 cuius
1323 1842 1454 1872 consilia
1485 1842 1615 1871 fuerunt
1645 1847 1681 1871 ut
1712 1841 1872 1872 Davidem
1902 1842 2168 1875 circumveniret.

1205 1883 1270 1914 Sed
1302 1893 1401 1923 quum
1432 1885 1539 1914 omnia
1566 1884 1645 1914 bene
1676 1883 1830 1923 disposita
1861 1895 1919 1915 sua
1950 1885 2087 1916 consilia
2111 1886 2173 1917 sibi

1206 1926 1384 1965 persuadet,
1415 1932 1446 1956 et
1469 1926 1573 1965 laquei
1598 1928 1689 1961 tensi,
1713 1927 1827 1966 quibus
1850 1926 2009 1958 Davidem
2035 1929 2170 1965 irretiat,

1206 1969 1364 2006 videntur,
1396 1970 1423 1999 ei
1447 1969 1580 2009 contigit
1610 1969 1690 2009 quod
1716 1980 1804 2000 sacra
1835 1970 1994 2009 scriptura
2020 1976 2168 2010 testatur,

1207 2012 1308 2043 Deum
1333 2011 1572 2051 deprehendere
1591 2013 1749 2051 sapientes
1768 2012 1799 2042 in
1820 2012 1886 2042 suis
1906 2013 2045 2044 astutiis.
2071 2013 2167 2052 Quod

1205 2064 1278 2085 vero
1309 2055 1467 2093 scriptura
1488 2055 1648 2093 sapientes
1679 2055 1828 2092 nominat,
1859 2065 1921 2084 non
1950 2057 1977 2084 fii
2008 2056 2090 2095 quod
2117 2067 2167 2087 re-

1203 2107 1280 2127 vera
1310 2098 1445 2137 sapiant,
1477 2097 1531 2127 sed
1563 2107 1601 2127 ex
1634 2096 1798 2128 hominum
1829 2098 1980 2137 opiniowe
2013 2101 2046 2129 et
2068 2109 2165 2130 sensu

1202 2139 1356 2179 loquitur:
1389 2139 1441 2179 qui
1473 2150 1587 2178 pravos
1618 2139 1763 2171 homines
1791 2145 1820 2169 et
1851 2141 1992 2170 maxime
2016 2147 2167 2173 versutos

1204 2192 1320 2222 magno
1353 2182 1483 2222 ingenio
1518 2187 1549 2212 et
1585 2188 1675 2212 acuto
1707 2193 1775 2213 esse
1808 2182 2006 2213 existimant.
2054 2183 2165 2222 Quare

1201 2226 1360 2265 scriptura
1395 2225 1457 2255 illis
1488 2224 1616 2264 quidem
1648 2225 1775 2255 titulum
1800 2224 1948 2255 attribuit
1972 2226 2163 2265 sapientiae,

1201 2268 1256 2298 sed
1287 2268 1417 2298 iuterim
1448 2267 1588 2298 ostendit
1618 2268 1807 2306 sapientiam
1842 2267 1928 2298 illam
1963 2268 2043 2298 nihil
2076 2269 2163 2300 aliud

1201 2321 1269 2341 esse
1295 2321 1390 2349 quam
1421 2310 1549 2341 fraudes
1584 2315 1615 2339 01
1645 2310 1742 2340 dolos.
1792 2310 1907 2349 Itaque
1939 2310 2097 2350 propheta
2128 2313 2161 2343 in

1200 2353 1339 2384 Psalmis
1358 2353 1433 2383 dicit
1452 2353 1522 2383 illos
1542 2364 1560 2383 a
1580 2352 1648 2382 Deo
1668 2352 1861 2392 deprehendi
1881 2353 2037 2390 incautos,
2062 2364 2161 2393 quum

1201 2396 1239 2426 ad
1271 2396 1393 2426 exitum
1424 2406 1480 2425 sua
1511 2394 1640 2425 consilia
1673 2395 1859 2434 perduxisse
1901 2395 1961 2425 sibi
1996 2396 2159 2428 videntur.

1200 2438 1270 2469 Hoc
1302 2439 1333 2469 in
1358 2437 1456 2469 Saule
1479 2438 1699 2477 conspicuum:
1733 2448 1831 2477 quare
1860 2438 2087 2478 coniungenda
2111 2447 2161 2471 est

1200 2481 1278 2511 haec
1313 2481 1446 2511 historia
1480 2490 1552 2510 eum
1587 2479 1739 2518 doctrina,
1777 2485 1809 2510 et
1844 2491 1907 2511 non
1944 2480 2157 2514 dubitandum

1199 2524 1284 2563 quin,
1308 2534 1405 2563 quum
1432 2523 1538 2553 hostes
1562 2522 1702 2561 quotidie
1726 2523 1826 2553 multa
1849 2523 2035 2561 moliantur,
2059 2529 2091 2555 et
2115 2525 2158 2556 la-

1200 2577 1296 2606 queos
1321 2565 1438 2596 multos
1459 2570 1588 2604 ponant,
1613 2565 1646 2595 in
1666 2575 1743 2604 quos
1762 2566 1952 2605 praecipites
1972 2566 2047 2597 ferri
2069 2567 2158 2598 vide-

1201 2615 1295 2640 antur
1319 2608 1436 2646 fideles,
1465 2608 1553 2638 Deus
1577 2612 1683 2637 tamen
1707 2609 1772 2639 suis
1795 2608 1973 2648 provideat,
1997 2619 2062 2639 non
2085 2615 2156 2641 tan-

1200 2658 1269 2682 tum
1299 2651 1427 2691 laqueos
1458 2649 1641 2689 frangendo,
1673 2649 1727 2680 sed
1756 2651 1852 2681 etiam
1884 2650 1918 2681 in
1948 2651 2075 2683 eosdem
2105 2663 2158 2685 eos

1923 2702 1955 2727 19
