2551 3044
167 201 229 232 569

167 294 240 326 dem
264 306 282 326 a
304 295 446 327 Domino
468 296 624 336 flagitare,
650 299 683 326 et
705 299 808 326 morte
832 295 972 326 hostium
997 306 1127 327 suorum

167 336 327 370 delectari.
374 338 449 377 Qua
478 339 604 370 ratione
627 338 696 369 Deo
724 337 829 369 cultus
859 342 1013 368 externus
1036 348 1128 378 prae-

166 379 304 418 bebitur,
334 381 389 412 sed
413 382 561 412 internus
585 380 693 411 nullus
716 380 785 416 erit,
818 390 854 411 ac
879 380 1011 419 proinde
1035 391 1127 420 prae-

166 423 260 463 cipua
294 433 369 463 pars
401 423 499 454 officii
532 423 667 453 deficiet.
720 421 939 460 Quamobrem
975 428 1128 454 narrante

166 466 326 505 scriptura
339 465 513 505 peculiaria
532 465 688 505 quaedam
709 472 894 496 sanctorum
913 465 1005 503 facta,
1025 466 1128 497 disca-

166 518 237 539 mus
268 519 304 538 ea
332 519 397 538 non
428 507 618 547 simpliciter
640 507 673 537 in
698 507 882 547 exemplum
907 507 1044 544 trahere,
1069 518 1128 538 nec

165 560 245 589 quae
275 551 419 581 fecerunt
448 550 532 581 velle
555 549 686 580 omnino
708 550 846 580 imitari:
870 549 926 580 sed
950 550 1056 589 potius
1079 560 1126 581 ac-

165 593 268 623 tiones
290 603 401 623 omnes
424 600 550 623 nostras
573 592 613 623 ad
636 592 779 632 regulam
805 592 948 623 divinam
973 593 1007 623 in
1030 594 1129 624 sacris

163 634 375 674 perscriptam
405 636 582 673 exigamus.
627 635 712 665 Nam
735 635 762 666 si
784 635 979 675 scripturam
1002 635 1126 666 intuea-

164 688 245 712 mur,
270 677 438 717 apparebit
456 688 514 709 nos
533 688 597 709 non
621 688 712 718 posse
735 677 864 717 quidem
888 677 1064 709 vindictam
1089 679 1128 708 de

163 719 309 751 hostibus
332 731 350 751 a
372 720 514 751 Domino
537 720 641 751 modis
665 720 815 751 omnibus
838 721 994 760 flagitare,
1024 731 1127 760 neque

1152 764 1309 795 *illorum
1350 767 1460 805 poenis
1494 767 1727 806 quodammodo
1762 769 1856 800 licere
1890 769 1966 800 dixi.

162 762 266 794 modis
285 763 433 794 omnibus
453 763 492 794 de
510 763 654 803 ipsorum
674 764 784 803 poenis
802 763 924 801 laetari,
944 762 999 793 sed
1019 768 1126 793 tamen

162 805 269 845 aliquo
300 805 394 836 modo
425 816 528 846 posse.
573 805 667 844 Quod
692 816 756 836 non
780 805 836 836 abs
860 816 893 836 re
917 804 996 836 dico.
1042 805 1125 836 Nam

161 848 351 887 simpliciter
380 848 476 880 officii
507 849 610 879 nostri
640 849 721 879 ratio
745 858 802 879 nos
825 848 913 879 iubet
935 848 1042 879 Deum
1067 858 1126 888 pro

163 890 304 922 hostium
333 896 516 922 nostrorum
545 891 756 922 conversione
786 891 928 930 precari,
963 896 994 921 et
1024 891 1126 930 ipsius

162 943 238 973 erga
270 933 344 964 illos
376 933 628 965 misericordiam
660 933 842 973 implorare,
876 938 908 964 et
942 943 998 973 pro
1032 933 1125 964 malis
1150 947 1152 968 2

162 986 243 1016 quae
273 976 367 1007 nobis
397 976 549 1013 inferunt,
581 982 613 1007 et
641 977 740 1006 exitio
764 976 848 1016 quod
872 976 963 1007 nobis
986 976 1125 1006 moliun-
1150 998 1151 1018 ἶ

161 1025 225 1056 tur,
255 1018 348 1050 bonis
371 1025 402 1050 et
424 1019 600 1050 commodis
623 1019 765 1058 ipsorum
790 1017 930 1049 studere.
975 1018 1125 1058 Denique

160 1071 273 1101 preces
311 1066 440 1093 nostrae
481 1061 616 1093 caritate
657 1062 714 1091 niti
750 1061 884 1099 debent,
925 1066 957 1091 et
990 1061 1125 1092 affectus

159 1104 262 1135 nostri
290 1104 330 1134 ad
360 1104 609 1135 misericordiam
641 1104 735 1142 flecti,
764 1110 801 1135 ut
831 1104 983 1143 quoniam
1015 1104 1124 1135 hostes

160 1146 308 1178 videmus
331 1147 464 1178 miseras
486 1157 555 1178 esse
579 1152 754 1186 creaturas,
778 1152 810 1178 et
832 1157 851 1177 a
868 1147 1009 1177 Domino
1033 1147 1123 1178 aber-

159 1194 285 1220 rantes:
309 1189 415 1220 Deum
435 1199 563 1220 oremus
581 1189 629 1221 uti
652 1190 786 1221 miseros
809 1190 842 1220 in
866 1195 986 1220 rectam
1009 1189 1123 1220 salutis
1149 1211 1151 1220 s

160 1231 246 1263 viam
276 1231 426 1270 reducat,
456 1237 488 1263 et
518 1242 616 1272 quum
646 1233 827 1272 poterimus
855 1232 936 1263 bene
967 1232 1046 1272 ipsis
1076 1233 1123 1263 fa-

159 1274 291 1306 ciamus.
343 1274 425 1305 Nam
465 1275 492 1306 si
531 1276 579 1305 vel
617 1275 678 1315 ipsi
709 1276 799 1306 asino
830 1275 989 1306 laboranti
1021 1275 1122 1306 hostis

159 1317 241 1348 bene
265 1317 371 1349 facere
393 1317 550 1355 iubemur,
574 1318 650 1358 quid
674 1318 760 1358 ipsis,
785 1327 914 1358 quaeso,
945 1317 1121 1349 debemus?

158 1359 267 1391 Moses
314 1370 390 1391 vero
438 1361 628 1391 nominatim
668 1361 756 1392 iubet
796 1361 938 1391 hostium
978 1361 1121 1400 ipsorum
1148 1387 1150 1401 ἶ

1148 1408 1150 1412 ”
1176 1406 1285 1437 nitatis
1309 1406 1442 1437 affectus
1463 1406 1573 1437 doceat
1595 1417 1654 1437 nos
1676 1407 1896 1447 ingemiscere,
1920 1418 2020 1447 quum
2044 1419 2133 1439 crea-

158 1401 274 1434 bovem
298 1402 348 1433 vel
371 1403 510 1441 asinum,
536 1404 584 1434 vel
609 1403 712 1434 simile
736 1403 863 1443 aliquod
886 1403 1066 1434 iumentum
1089 1403 1122 1434 in

157 1445 275 1476 fossam
316 1445 441 1485 lapsum
480 1446 604 1486 erigere
638 1452 669 1477 et
704 1446 848 1477 educere.
903 1445 1009 1485 Atque
1043 1445 1122 1477 haec

158 1488 274 1519 caritas
294 1488 397 1519 iubet:
427 1489 556 1519 interim
581 1499 657 1520 vero
682 1489 754 1520 licet
779 1489 887 1520 hostes
907 1489 1121 1520 inexorabiles

158 1536 190 1561 et
218 1530 454 1571 incorrigibiles
483 1531 515 1562 in
546 1532 669 1563 malitia
692 1532 894 1571 perstiterint
917 1532 1024 1562 Deum
1048 1542 1120 1571 pre-

158 1573 233 1611 cari,
266 1578 301 1604 ut
327 1583 460 1604 manum
491 1574 651 1611 adhibeat,
681 1581 712 1605 et
741 1575 856 1606 iudicis
887 1578 996 1615 partes
1024 1580 1122 1614 prout

158 1626 296 1655 aequum
310 1626 379 1647 esse
392 1616 557 1648 videbitur
569 1617 718 1657 impleat:
738 1628 852 1648 verum
873 1625 982 1648 tamen
1003 1617 1120 1649 affectu

158 1663 224 1689 tam
259 1658 441 1697 moderato,
480 1664 514 1690 ut
543 1671 618 1691 vere
647 1660 759 1691 testari
788 1660 948 1699 possimus
978 1670 1038 1691 nos
1067 1660 1121 1691 ad-

157 1710 269 1733 versus
299 1701 447 1733 inimicos
472 1712 536 1733 non
559 1703 646 1734 alere
669 1713 804 1743 pravum
829 1703 983 1734 animum.
1029 1702 1120 1742 Quo-

155 1743 244 1775 niam
264 1754 342 1775 vero
365 1755 437 1775 raro
460 1745 546 1776 istud
569 1746 738 1786 contingit,
761 1756 798 1776 eo
822 1746 925 1785 magis
948 1756 1007 1776 nos
1030 1746 1121 1777 nobis

155 1786 233 1826 ipsis
262 1791 427 1827 suspectos
457 1798 526 1818 esse
557 1794 690 1828 oportet,
723 1793 755 1819 et
786 1788 978 1819 arctioribus
1002 1789 1120 1820 fraenis

156 1830 318 1869 appetitus
351 1840 505 1862 coercere.
561 1831 672 1871 Neque
707 1832 792 1862 onim
827 1831 898 1862 sine
932 1841 1028 1863 eausa
1062 1842 1120 1862 nos

156 1871 273 1903 Petrus
307 1871 459 1904 admonet
494 1873 630 1905 iniurias
660 1874 753 1905 nobis
780 1873 887 1905 illatas
918 1874 1119 1905 committere

155 1913 225 1946 Deo
256 1915 309 1954 qui
341 1925 374 1946 se
399 1915 504 1946 Deum
536 1916 697 1947 ultionum
723 1922 823 1948 vocat.
870 1917 985 1956 Itaque
1008 1917 1118 1949 fideles

154 1957 195 1988 ad
227 1957 416 1998 patientiam
450 1958 619 1996 hortatur,
655 1960 816 1999 proposito
847 1959 981 1990 Domini
1015 1960 1118 1991 nostri

153 1999 228 2031 Iesu
248 2000 372 2032 Christi
395 2001 551 2041 exemplo,
575 2003 631 2042 qui
654 2003 758 2033 omnis
781 2002 987 2042 perfectionis
1010 2014 1118 2034 exem-

153 2043 224 2083 plar
252 2048 316 2074 est:
347 2042 482 2084 ideoque
513 2044 588 2075 dicit
617 2055 681 2075 non
711 2045 882 2076 reddentes
913 2045 1032 2076 malum
1060 2057 1118 2086 pro

154 2086 238 2116 malo
268 2096 359 2125 posse
387 2097 447 2117 nos
477 2097 606 2118 causam
636 2094 780 2119 nostram
805 2087 876 2119 Deo
906 2089 1117 2127 committere,

153 2128 244 2159 cuius
273 2139 347 2160 eum
376 2130 444 2160 fore
474 2129 612 2161 iudicem
643 2130 771 2162 scimus.
824 2130 898 2162 Huc
930 2131 1030 2171 igitur
1059 2142 1117 2162 nos

152 2170 221 2210 ipse
243 2171 334 2202 Deus
363 2177 501 2209 revocat,
533 2183 632 2212 quum
655 2174 715 2203 ait:
740 2173 815 2204 Mea
838 2179 885 2204 est
910 2174 997 2205 ultio.
1043 2174 1115 2205 Non

153 2213 245 2244 aliter
272 2219 304 2245 et
325 2213 366 2246 D.
390 2214 514 2246 Paulus
537 2216 648 2255 quales
671 2216 739 2246 sint
761 2216 858 2247 officii
882 2219 983 2247 nostri
1007 2222 1115 2257 partes

152 2256 302 2296 ostendit,
331 2257 382 2288 his
414 2258 537 2289 verbis:
567 2259 691 2290 Locum
722 2258 788 2289 irae
819 2259 902 2290 date.
948 2259 1033 2290 Nam
1057 2260 1116 2291 hoc

153 2304 320 2339 praecepto
345 2299 435 2330 docet
460 2301 498 2331 ab
521 2301 609 2331 omni
631 2301 827 2332 contumelia
850 2306 881 2332 et
904 2302 1060 2333 violentia
1082 2303 1114 2333 in

153 2340 261 2372 hostes
284 2352 319 2373 ac
341 2342 490 2374 inimicos
513 2343 749 2381 abstinendum,
781 2343 985 2384 dandamque
1008 2346 1115 2385 potius

153 2393 281 2414 omnem
299 2394 438 2424 operam,
462 2389 498 2417 ut
516 2387 637 2418 crebris
658 2387 933 2419 admonitionibus
946 2388 979 2418 in
994 2394 1114 2419 rectam

153 2426 241 2456 viam
275 2426 487 2459 reducantur:
521 2429 577 2460 sed
612 2429 639 2460 si
673 2435 782 2460 tamen
809 2430 914 2470 magis
944 2441 980 2461 ac
1010 2431 1114 2471 magis

152 2468 188 2498 in
215 2479 272 2499 nos
300 2469 457 2502 malitiose
485 2476 518 2502 et
546 2472 705 2503 obstinate
727 2472 908 2513 insurgant,
940 2484 1032 2513 posse
1056 2484 1114 2504 nos
1138 2488 1140 2512 ᾗ

1138 2516 1140 2523 “
1165 2516 1260 2547 fuerit
1282 2515 1474 2546 iudiciorum
1498 2514 1598 2554 ipsius
1622 2514 1762 2544 iustitiae
1786 2514 1968 2553 acquiescit,
1996 2518 2027 2545 et
2049 2524 2120 2554 gra-

154 2510 216 2541 Dei
245 2511 399 2544 adversus
430 2514 573 2554 ipsorum
600 2515 836 2546 contumaciam
862 2515 1020 2547 vindicem
1045 2526 1111 2546 ma-

154 2563 233 2583 num
273 2554 455 2594 implorare.
511 2557 634 2589 Idcirco
676 2558 742 2588 dixi
783 2568 881 2598 supra
914 2569 974 2590 nos
1007 2559 1113 2598 aliquo

153 2595 246 2627 modo
265 2607 355 2636 posse
368 2596 430 2629 Dei
448 2599 623 2630 vindictam
643 2601 830 2641 implorare3
854 2606 886 2631 et
908 2611 1007 2641 quum
1030 2601 1112 2633 cari-

154 2638 229 2670 tatis
240 2639 353 2670 officiis
366 2640 507 2673 defuncti
520 2642 677 2674 fuerimus
690 2642 753 2674 Dei
765 2643 924 2674 iustitiam
944 2644 1111 2681 advocare,

808 203 856 234 IN
880 203 905 234 I.
930 203 1019 234 LIB.
1043 203 1242 235 SAMUEL.
1267 205 1363 237 CAP.
1388 207 1498 239 XXV.

2079 210 2142 239 :370

1181 303 1217 327 ut
1240 297 1353 338 cuique
1377 299 1487 330 reddat
1511 311 1568 340 pro
1590 301 1730 332 meritis:
1755 301 1800 333 sic
1824 305 1930 332 tamen
1955 311 1994 333 ne
2017 302 2142 333 miseri·

1180 340 1305 371 cordiae
1329 342 1457 373 ianuam
1481 343 1697 375 oet-ludamus.
1740 343 1958 383 Quamobrem
1982 345 2142 384 patienter

1153 404 1155 410 s
1180 385 1429 421 exspectandum
1454 396 1494 415 an
1516 385 1603 416 Deus
1627 387 1711 426 ipsos
1734 387 1776 417 sit
1799 397 2023 425 conversurus,
2047 392 2079 418 et
2101 386 2141 418 ad

1181 435 1288 455 veram
1309 428 1537 465 poenitentiam
1557 435 1782 460 revocaturus:
1806 435 1837 460 et
1860 440 1918 469 pro
1941 429 2020 469 ipsis
2043 430 2141 460 etiam

1179 466 1249 497 istis
1280 474 1335 498 aut
1365 469 1522 501 similibus
1554 471 1658 501 verbis
1689 471 1958 512 interpellandus:
1990 472 2140 510 Domine,

1180 510 1306 540 oculum
1345 511 1532 543 clementiae
1570 519 1642 544 tuae
1679 519 1710 544 et
1739 520 1893 553 paternae
1925 515 2075 546 bonitatis
2106 515 2139 545 in

1180 552 1313 583 miseros
1347 554 1420 585 illos
1453 556 1573 586 coniice
1607 556 1660 595 qui
1692 557 1880 596 perditionis
1917 558 2000 587 viam
2035 558 2140 597 ingre-

1180 593 1329 625 diuntur:
1361 607 1440 636 quos
1470 598 1495 627 si
1524 602 1627 628 tamen
1661 599 1710 630 vis
1740 599 1773 629 in
1798 599 1974 639 pervicacia
1998 601 2140 639 pertina-

1180 637 1260 667 citer
1290 637 1437 675 haerere,
1468 644 1499 670 et
1530 641 1716 680 reprobare,
1749 646 1872 672 tantam
1901 642 1978 681 ipsis
2009 647 2138 682 tamque

1153 685 1154 694 ¹
1180 678 1374 711 horrendam
1405 682 1543 713 immitte
1573 684 1803 722 confusionem,
1839 690 1875 714 ut
1905 684 2054 715 omnibus
2082 695 2139 716 ex-

1180 722 1284 762 emplo
1305 729 1434 754 tuorum
1454 723 1642 756 iudiciorum
1667 727 1739 758 siut.
1775 727 1948 758 Praeterea
1971 733 2003 757 et
2025 727 2137 758 laetari

2023 769 2137 809 Neque

1179 807 1265 838 enim
1296 807 1351 839 abs
1381 819 1416 839 re
1443 810 1599 849 propheta
1622 811 1719 841 dixit:
1752 811 1890 843 Fidelem
1913 812 2061 843 laxatum
2082 813 2136 850 iri,

1151 859 1153 866 ¹
1178 860 1272 888 qaum
1300 851 1411 882 viderit
1441 852 1596 891 ultionem,
1621 854 1774 893 pedesque
1803 864 1875 885 suos
1904 854 2080 885 thaturum
2103 855 2137 886 in

1177 893 1327 932 sanquine
1356 894 1498 933 improbi.
1549 895 1630 925 Nam
1661 907 1736 927 sane
1767 896 1836 928 Deo
1867 907 1924 927 sua
1954 897 2073 928 iudicia
2102 898 2136 928 in

1177 935 1340 975 improbos
1361 942 1539 974 exercente,
1571 948 1689 977 magna
1712 939 1850 969 laetitiae
1874 939 1981 979 probis
2003 940 2138 971 offertur

1177 978 1316 1009 occasio:
1344 979 1429 1018 quod
1455 989 1564 1010 eorum
1595 982 1745 1011 misertus·
1768 983 1818 1018 sit,
1845 992 1943 1022 eoque
1967 981 2007 1013 ad
2029 983 2136 1023 ipsum

1178 1021 1393 1052 invocandum
1412 1023 1515 1061 magis
1534 1022 1723 1054 incitantur:
1748 1025 1838 1055 cuius
1861 1025 2036 1064 singularis
2059 1035 2137 1065 erga

1176 1063 1263 1103 ipsos
1294 1074 1384 1094 amor
1412 1071 1553 1104 apparet,
1585 1076 1719 1105 quorum
1744 1067 1891 1105 precibus
1913 1078 1947 1098 se
1970 1074 2036 1098 tam
2059 1068 2135 1099 faci-

1177 1106 1240 1137 lem
1263 1107 1427 1147 praebuit:
1452 1112 1483 1138 et
1506 1109 1658 1138 maiorem
1682 1109 1785 1148 ipsum
1810 1110 2008 1149 glorificandi
2034 1116 2135 1141 mate-

1177 1150 1267 1186 riam,
1296 1149 1380 1189 quod
1410 1161 1486 1190 erga
1517 1151 1648 1181 miseros
1672 1162 1745 1183 suos
1769 1151 1878 1183 fideles
1901 1153 2076 1193 benignum
2101 1162 2135 1184 se

1178 1192 1368 1232 praebuerit,
1391 1198 1421 1223 et
1441 1192 1480 1223 de
1500 1193 1644 1224 hostibus
1668 1194 1821 1225 ultionem
1846 1195 1965 1226 fecerit.
1999 1195 2134 1226 Nostrae

1176 1235 1285 1274 itaque
1326 1246 1436 1275 preces
1475 1235 1630 1267 adversus
1670 1237 1830 1277 improbos
1863 1238 1908 1268 ita
1942 1248 2134 1278 componere

1177 1288 1362 1317 possumus,
1404 1282 1439 1309 ut
1472 1289 1511 1309 ex
1545 1285 1634 1318 parte
1669 1284 1775 1310 tamen
1811 1280 2000 1311 horreamus
2033 1291 2133 1320 quum

1177 1321 1266 1351 Deus
1295 1320 1449 1351 adversus
1476 1321 1639 1361 improbos
1667 1332 1797 1352 suorum
1829 1322 2018 1354 iudiciorum
2042 1334 2132 1355 seve-

1176 1363 1300 1394 ritatem
1333 1364 1460 1394 exserit.
1505 1363 1590 1402 Quid
1614 1363 1680 1394 ita?
1725 1364 1818 1403 Quod
1842 1365 1993 1396 nimirum
2018 1365 2133 1396 huma-

1176 1454 1280 1479 turam
1316 1449 1355 1479 ad
1385 1448 1447 1479 Dei
1477 1449 1650 1489 imaginem
1680 1449 1849 1480 formatam
1880 1451 2044 1481 intuemur
2074 1461 2133 1482 sua

1174 1492 1267 1531 culpa
1298 1491 1406 1523 divino
1435 1491 1550 1523 iudicio
1574 1492 1719 1522 interire:
1749 1498 1780 1523 et
1803 1493 1921 1524 caritas
1945 1493 2052 1524 iubeat
2074 1504 2133 1525 nos

1173 1534 1304 1565 illorum
1327 1534 1419 1565 malis
1441 1534 1487 1565 ita
1509 1534 1713 1570 commoveri,
1736 1540 1771 1565 ut
1795 1534 1833 1566 ad
1857 1535 2020 1566 meliorem
2044 1536 2132 1567 viam

1174 1577 1258 1617 ipsos
1280 1587 1429 1608 revocare
1452 1577 1645 1608 studeamus.
1683 1576 1811 1608 Deinde
1834 1577 2024 1609 iudiciorum
2048 1578 2131 1610 divi-

1173 1630 1288 1650 norum
1311 1625 1398 1650 metu
1422 1619 1534 1651 terreri
1558 1619 1725 1659 debemus,
1755 1620 1932 1660 cogitantes
1955 1620 2072 1658 Deum,
2103 1621 2131 1652 si

1173 1673 1297 1694 summo
1316 1663 1384 1693 iure
1403 1663 1567 1694 nobiscum
1587 1668 1671 1702 agat,
1691 1668 1723 1693 et
1742 1663 1803 1694 nisi
1816 1663 1917 1694 nostri
1938 1663 2130 1695 misereatur

1173 1705 1251 1736 satis
1271 1705 1424 1736 materiae
1437 1705 1470 1736 in
1483 1705 1574 1736 nobis
1587 1710 1789 1745 reperturum
1802 1705 1841 1736 ad
1861 1716 1918 1737 nos
1937 1705 2128 1746 perdendos,

1172 1753 1204 1779 et
1237 1748 1270 1779 in
1303 1748 1478 1779 inferorum
1513 1747 1665 1788 abyssum
1699 1758 1771 1779 cum
1804 1748 1869 1779 illis
1903 1748 2128 1780 detrudendos.

1172 1790 1246 1821 Ideo
1276 1801 1335 1821 nos
1365 1790 1530 1821 humiliari
1560 1801 1667 1822 coram
1697 1790 1765 1830 ipso
1788 1790 1887 1828 decet,
1918 1791 2004 1830 quod
2027 1802 2128 1831 quum

1171 1833 1220 1864 illi
1234 1833 1299 1865 sint
1310 1838 1475 1865 creaturae
1488 1833 1559 1869 Dei,
1579 1834 1661 1864 sicut
1674 1840 1705 1863 et
1724 1843 1791 1870 nos,
1811 1837 1919 1863 tamen
1940 1834 2126 1873 puniantur,

1172 1887 1272 1916 quum
1296 1887 1353 1907 nos
1383 1877 1482 1916 ipsius
1511 1875 1731 1907 benevolentia
1759 1880 1980 1916 protegamur:
2013 1881 2044 1907 at
2067 1876 2127 1907 mi-

1171 1920 1256 1950 nime
1279 1919 1320 1950 sit
1343 1918 1475 1950 dubium
1506 1919 1582 1958 quin
1606 1918 1696 1949 Deus
1727 1919 1818 1949 nobis
1848 1918 2032 1958 exemplum
2057 1918 2127 1950 illo-

1170 1972 1243 1993 rum
1268 1966 1435 2002 proponat,
1466 1971 1528 2001 quo
1551 1971 1662 2001 sapere
1683 1966 1713 1991 et
1738 1960 1903 1991 humiliari
1926 1971 2033 1992 coram
2056 1962 2126 2002 ipso

1171 2005 1340 2036 discamus.
1366 2005 1418 2035 Ex
1442 2009 1531 2043 parte
1555 2015 1629 2034 vero
1654 2003 1810 2034 laetemur
1824 2003 1884 2034 Dei
1909 2003 2064 2034 ultionem
2087 2003 2126 2035 de

1169 2047 1315 2078 hostibus
1339 2046 1513 2079 coniuratis
1545 2047 1704 2077 videntes:
1735 2046 1826 2076 modo
1858 2052 1967 2076 tamen
1995 2046 2127 2077 modum

1169 2089 1388 2126 adhibeamus,
1411 2094 1443 2120 et
1466 2090 1588 2120 sincere
1611 2089 1720 2119 testari
1744 2089 1902 2127 possimus
1920 2099 2027 2119 coram
2049 2089 2126 2127 Deo,

1170 2132 1267 2164 nullis
1292 2143 1348 2163 nos
1371 2132 1477 2172 pravis
1501 2131 1667 2162 affectibus
1691 2131 1772 2162 duci.
1798 2131 1885 2170 Ergo
1907 2137 1943 2161 ut
1966 2131 2005 2162 ad
2024 2131 2126 2162 Davi-

1169 2175 1240 2206 dem
1261 2179 1470 2211 revertamur,
1495 2174 1634 2214 potuisse
1654 2174 1758 2213 ipsum
1779 2178 1911 2212 apparet
1925 2174 2029 2204 Deum
2052 2184 2125 2214 pre-

1168 2218 1233 2249 cari
1264 2224 1300 2248 ut
1328 2228 1362 2248 se
1392 2218 1607 2256 ulcisceretur,
1638 2222 1669 2247 et
1699 2215 1831 2246 Nabalis
1862 2217 1958 2246 etiam
1990 2217 2125 2247 interitu

1168 2260 1296 2291 laetari:
1320 2270 1417 2300 quum
1442 2260 1627 2299 praesertim
1651 2259 1684 2288 in
1708 2258 1808 2298 ipsius
1827 2259 1959 2289 interitu
1979 2258 2123 2289 divinum

1166 2303 1320 2334 iudiciuin
1344 2303 1512 2333 manifeste
1535 2305 1712 2341 appareret,
1736 2307 1768 2331 et
1791 2301 1996 2340 reprobatum
2022 2312 2039 2331 a
2060 2301 2124 2332 Do-

1167 2346 1254 2377 mino
1288 2346 1384 2376 fuisse
1418 2344 1589 2375 Nabalem:
1632 2350 1663 2374 et
1697 2343 1907 2374 nihilominus
1942 2344 2122 2375 humanum

1167 2389 1316 2419 affectum
1347 2388 1494 2418 retinere.
1538 2386 1651 2426 Neque
1681 2386 1767 2416 enim
1797 2386 1932 2416 dubium
1961 2392 2010 2416 est
2044 2387 2121 2426 quin

1166 2431 1326 2470 optaverit
1356 2429 1511 2461 Nabalem
1540 2429 1579 2459 ad
1611 2439 1722 2460 sanam
1752 2435 1895 2459 mentem
1924 2429 2059 2466 reverti,
2091 2434 2122 2459 et

1165 2473 1394 2513 poenitentiam
1426 2480 1535 2512 agere:
1572 2471 1627 2502 sed
1663 2481 1760 2511 quum
1791 2470 1860 2502 Deo
1890 2471 1985 2502 aliter
2014 2472 2121 2502 visum

1165 2564 1226 2590 nas
1249 2563 1345 2639 anggd
1369 2599 1407 2631 ad
1432 2600 1563 2630 alteram
1595 2599 1791 2638 precationis
1820 2598 1894 2629 illus
1923 2604 1979 2629 aut
2001 2600 2120 2640 gratia-

1165 2654 1236 2675 rum
1256 2643 1389 2675 actionis
1412 2646 1547 2682 partem,
1571 2642 1603 2672 in
1616 2651 1677 2681 qua
1690 2641 1797 2673 David
1821 2642 1942 2682 gratias
1961 2642 2027 2682 agit
2041 2642 2120 2680 Deo,
