2551 3044
395 227 458 259 579

396 328 508 355 nostra
543 321 648 352 salute
672 321 834 352 videbitur
864 321 1032 352 hominum
1063 322 1214 362 opinione
1243 322 1368 354 concla-

396 372 531 397 matum.

397 415 497 439 tutem
531 413 561 437 et
593 407 769 438 efficaciam
798 417 875 438 vere
909 407 1122 447 percipimus,

398 451 480 482 ratio
505 449 597 480 nobis
627 449 751 480 occulta
775 456 833 487 cst,
865 455 895 480 et
929 450 1140 481 nihilomiuus
1173 450 1235 481 fide
1258 461 1369 483 omnes

396 536 446 567 sui
470 535 592 566 favoris
617 536 710 575 sigua
734 534 826 566 nobis
850 535 1001 572 ostendit,
1025 541 1055 566 et
1072 537 1153 567 votis
1172 537 1291 568 nostris
1312 547 1368 567 au-

395 580 475 616 nuit,
501 579 553 609 vix
578 579 738 609 sentimus
756 578 822 609 vim
846 578 936 609 illam
961 579 1147 610 divinarum
1171 579 1271 619 ipsius
1294 590 1366 620 pro·

395 622 604 653 missionum:
629 620 713 661 quod
738 620 830 652 facile
854 622 897 652 sit
921 627 1007 659 tunc,
1032 622 1128 653 rebus
1152 628 1231 662 puta
1254 632 1368 654 secuu-

395 664 453 702 dis,
485 664 634 695 fiduciam
666 665 697 694 in
725 663 833 695 Deum
862 664 993 696 iactare.
1039 664 1103 696 Sed
1135 672 1202 696 tum
1228 666 1368 696 maxime

396 707 526 738 divinae
559 707 792 746 promissiones
823 707 890 738 vim
915 717 1007 738 suam
1031 707 1063 739 in
1088 708 1180 740 nobis
1203 714 1368 745 exserunt,

396 761 495 791 quum
522 750 609 780 omni
634 749 775 780 humana
802 759 862 790 ope
886 749 1053 782 destitutis
1076 761 1264 791 quocunque
1293 761 1367 782 ocu-

395 793 442 825 los
467 799 645 830 vertamus,
678 791 767 823 nulla
791 803 865 832 spes
894 799 1027 834 apparet
1049 794 1172 830 auxilii,
1203 800 1235 825 et
1258 804 1369 825 omnes

394 847 446 867 res
470 840 598 868 creatae
623 845 716 866 suam
736 846 829 876 opem
855 834 1029 877 denegant,
1054 837 1084 867 in
1106 847 1232 868 summo
1257 836 1368 867 discri-

394 879 484 910 mine
519 888 707 916 versamur,
745 886 900 918 tanquam
933 880 964 910 in
996 879 1098 920 ipsius
1127 880 1192 910 orci
1224 880 1369 910 faucibus

395 922 508 958 simus,
535 928 621 958 tunc,
647 922 792 961 inquam,
817 920 948 953 divinae
967 923 1195 962 promissiones
1218 923 1251 953 in
1277 921 1368 953 nobis

396 965 462 995 vim
490 975 582 995 suam
606 968 783 995 exserunt:
814 964 858 995 Et
881 975 959 996 sane
989 964 1061 996 illas
1084 970 1210 1006 oportet
1235 976 1252 995 a
1276 965 1369 995 nobis

395 1007 514 1039 assumi
529 1007 686 1038 adversus
700 1007 861 1047 quaslibet
876 1008 1080 1045 tentationes,
1104 1014 1258 1047 tanquam
1280 1017 1369 1038 arma

394 1050 539 1081 omnium
570 1051 693 1091 optima
725 1057 758 1081 et.
782 1050 957 1082 tutissima.
1003 1050 1070 1082 Nos
1099 1051 1209 1090 itaque
1232 1049 1370 1081 Davidis

394 1093 578 1134 exemplum
604 1093 733 1133 sequuti
758 1093 789 1124 in
803 1092 866 1124 Dei
892 1093 1122 1133 promissiones
1146 1093 1369 1133 respiciamus,

395 1144 425 1167 et
450 1136 483 1167 in
508 1136 572 1167 illis
597 1137 654 1167 toti
680 1136 890 1167 haereamus:
916 1137 1063 1176 persuasi
1084 1147 1140 1167 nos
1161 1137 1265 1176 ipsum
1290 1146 1369 1176 pure

393 1180 594 1217 invocantes,
626 1183 660 1210 et
690 1189 729 1210 ex
762 1180 870 1210 animo
901 1179 1052 1217 colentes,
1085 1186 1115 1210 ct
1145 1179 1246 1219 ipsius
1271 1179 1370 1210 verbo

393 1222 608 1262 obsequentes
631 1232 800 1262 nunquam
825 1221 1031 1259 deserendos,
1055 1221 1110 1253 sed
1131 1222 1232 1261 ipsius
1248 1222 1370 1253 auxilio

393 1265 567 1301 iuvandos,
607 1275 806 1304 causamque
848 1270 992 1296 nostram
1028 1265 1185 1296 adversus
1219 1265 1369 1296 inimicos

395 1307 642 1339 defendendam.
687 1307 851 1338 Hostibus
882 1308 984 1347 igitur
1013 1313 1207 1349 arroganter
1237 1317 1306 1339 sese
1337 1312 1370 1338 et

394 1350 575 1382 insolenter
592 1349 812 1387 efferentibus,
838 1355 869 1382 et
890 1351 960 1381 dira
979 1361 1123 1391 quaeque
1157 1350 1368 1388 minantibus,

395 1399 430 1424 ut
453 1394 493 1424 ad
518 1393 662 1433 ipsorum
689 1393 795 1424 minas
815 1399 847 1424 et
867 1398 1022 1424 terrorem
1038 1394 1092 1424 vix
1106 1393 1230 1424 hiscere
1251 1393 1368 1424 audea-

395 1447 476 1473 mus,
508 1437 536 1467 si
559 1436 668 1467 animo
700 1436 802 1467 fixum
827 1436 916 1467 istud
941 1436 1093 1473 haeserit,
1124 1436 1231 1467 Deum
1256 1435 1371 1467 nihilo-

394 1479 505 1510 minus
529 1489 598 1510 esse
624 1489 785 1516 veracem,
817 1480 958 1519 profecto
982 1479 1134 1520 cogitatio
1158 1479 1214 1510 illa
1238 1479 1370 1510 divinae

396 1522 543 1554 veritatis
566 1523 627 1552 erit
653 1522 838 1552 tutissimus
862 1522 997 1563 clypeus
1021 1521 1060 1553 ad
1085 1532 1196 1553 omnes
1227 1521 1369 1554 hostium

394 1565 478 1596 ictus
502 1564 714 1604 excipiendos
739 1570 769 1595 et
794 1564 1027 1604 retundendos,
1051 1565 1134 1605 quod
1160 1564 1267 1596 Deum
1292 1564 1370 1596 fide-

395 1608 458 1639 lem
482 1617 552 1639 esse
576 1608 726 1645 sciamus,
758 1613 791 1638 et
822 1607 928 1648 ipsum
952 1607 1181 1639 invocantibus
1204 1618 1370 1648 nunquam

395 1650 515 1687 deesse,
546 1660 702 1690 spemque
733 1650 878 1689 ipsorum
912 1661 1076 1691 nunquam
1102 1651 1260 1682 frustrari.
1311 1649 1370 1683 Se-

395 1694 507 1734 quitur
530 1692 646 1724 deinde
666 1692 804 1724 Davidis
825 1693 1006 1733 gratiarum
1031 1694 1123 1731 actio,
1148 1693 1187 1725 de
1210 1693 1372 1726 exauditis

395 1747 413 1767 a
436 1736 507 1767 Deo
530 1736 598 1767 suis
631 1736 802 1776 precibus:
829 1746 893 1776 qua
924 1736 1008 1776 quod
1036 1744 1110 1768 ante
1139 1736 1232 1768 docui
1256 1737 1371 1768 confir-

393 1784 515 1815 matur,
543 1789 672 1818 nempe,
696 1778 774 1811 licet
799 1788 918 1810 causac
942 1785 1073 1811 nostrae
1098 1779 1240 1811 bonitate
1264 1780 1371 1815 fretos.

395 1828 504 1853 tamen
537 1821 576 1852 ad
612 1821 720 1852 Deum
755 1832 829 1853 cum
862 1821 1050 1853 humilitate
1081 1823 1256 1864 confugere
1280 1834 1372 1863 opor—

395 1868 479 1896 tere:
504 1864 590 1905 quod
614 1875 690 1904 pars
711 1865 754 1896 sit
767 1865 876 1896 cultus
900 1865 987 1896 illius
1006 1876 1101 1906 quem
1124 1866 1185 1906 ipsi
1210 1864 1372 1897 debemus.

395 1907 463 1939 Nos
486 1907 594 1947 itaque
619 1907 695 1939 licet
720 1918 851 1939 causam
883 1907 1001 1939 iustam
1028 1919 1171 1949 agamus,
1203 1913 1235 1940 et
1257 1908 1296 1940 ab
1319 1908 1374 1940 ho-

395 1950 536 1982 minibus
571 1950 769 1988 reiiciamur,
803 1950 843 1981 ad
874 1950 982 1982 Deum
1018 1952 1253 1992 confugiamus,
1288 1961 1374 1983 eum-

397 2003 459 2033 que
491 1993 681 2024 ardentibus
712 1993 798 2024 votis
829 2003 1010 2033 precemur,
1041 2000 1075 2025 ut
1105 2005 1218 2035 preces
1247 1999 1374 2026 nostras

398 2035 562 2067 exaudiat.
608 2036 681 2067 Non
714 2037 801 2067 enim
835 2036 1057 2076 perfunctorie
1090 2043 1139 2068 ost
1162 2037 1374 2075 invocandus,

398 2078 453 2110 sed
478 2089 518 2110 ex
542 2078 642 2109 animi
663 2079 871 2110 vehementia
891 2084 923 2110 et
947 2079 1079 2110 ardore:
1104 2080 1187 2120 quod
1203 2080 1241 2111 de
1261 2091 1295 2111 se
1309 2080 1372 2111 Da-

399 2121 454 2153 vid
479 2122 656 2162 praedicat,
681 2132 781 2162 quum
802 2122 847 2152 ait
866 2132 942 2153 suos
967 2132 1132 2154 sermones
1155 2133 1172 2153 a
1186 2124 1255 2154 Deo
1276 2133 1373 2154 exau-

401 2165 502 2195 ditos:
533 2164 617 2204 quod
642 2175 705 2195 non
740 2165 971 2205 perfunctorie,
1002 2171 1059 2196 aut
1089 2176 1128 2196 cx
1153 2176 1251 2203 more,
1275 2165 1375 2198 semel

401 2213 498 2247 atque
522 2207 641 2238 iterum
668 2207 774 2238 Deum
798 2207 991 2248 invocasset,
1023 2208 1077 2239 scd
1111 2208 1250 2240 assiduis
1273 2208 1374 2249 preci-

401 2250 461 2281 bus
485 2249 704 2288 sollicitasset,
729 2255 758 2281 et
774 2250 901 2281 ardenti
915 2250 1015 2282 animi
1030 2251 1146 2288 studio,
1171 2251 1272 2283 donec
1284 2251 1376 2283 Deus

402 2303 437 2323 re
464 2293 533 2333 ipsa
569 2293 778 2333 patefecisset
811 2304 845 2324 se
882 2293 983 2333 ipsius
1014 2304 1125 2334 preces
1159 2295 1375 2326 exaudivisse.

403 2335 604 2375 Usurpanda
631 2336 732 2375 igitur
763 2335 840 2367 haec
865 2335 1023 2374 doctrina,
1055 2343 1086 2368 et
1108 2347 1181 2377 spes
1205 2342 1236 2368 et
1259 2337 1377 2369 fiducia

405 2384 515 2409 nostra
540 2379 570 2409 in
596 2378 668 2409 Deo
701 2379 897 2419 reponenda,
928 2385 964 2410 ut
994 2390 1067 2410 eum
1092 2380 1231 2411 sciamus
1263 2391 1320 2411 nos
1343 2380 1376 2410 in

404 2421 589 2452 clientelam
617 2432 709 2452 suam
741 2422 894 2461 recipere,
926 2426 1138 2463 nostrumque
1178 2428 1376 2454 servatorem

404 2473 491 2495 esse:
532 2463 587 2495 sed
621 2465 765 2496 vicissim
798 2464 880 2495 velle
912 2475 930 2496 a
961 2465 1053 2496 nobis
1083 2466 1244 2503 invocari,
1284 2465 1377 2506 eique

404 2507 492 2538 hunc
526 2506 681 2538 bonorem
718 2507 836 2538 deferri
868 2512 904 2538 ut
934 2508 968 2538 in
998 2508 1099 2548 ipsius
1130 2518 1246 2539 manus
1276 2509 1376 2539 vitam

405 2554 550 2581 nostram
575 2549 787 2590 deponamus,
813 2551 948 2590 eiusque
971 2551 1191 2582 misericordia
1216 2562 1274 2582 nos
1293 2550 1377 2581 indi-

405 2603 480 2633 gere
511 2592 703 2624 sentiamus.
756 2593 840 2623 Nam
873 2593 933 2624 etsi
977 2604 1075 2625 causa
1110 2604 1206 2633 quam
1237 2593 1379 2625 defendi-

405 2645 476 2666 mus
501 2635 584 2666 iusta
604 2642 661 2671 est,
686 2635 899 2667 nihilominus
918 2636 1028 2667 miseri
1048 2647 1160 2668 sumus
1186 2642 1377 2676 peccatores,

405 2683 437 2708 et
461 2678 572 2709 multis
597 2678 686 2709 vitiis
706 2689 815 2710 coram
829 2677 900 2710 Deo
923 2678 1049 2717 foedati,
1072 2690 1108 2711 ac
1132 2679 1265 2719 proinde
1285 2690 1376 2720 prac—

1209 227 1411 260 HOMILIA
1440 226 1568 259 XCIII.

577 364 669 394 Tunc
697 364 784 394 enim
817 365 1070 404 promissionum
1095 365 1278 396 divinarum
1295 365 1368 438 lvir·
1394 361 1395 369 ¹

1157 418 1258 448 quum
1282 408 1369 439 ilius
1394 427 1395 433 κ

2321 230 2385 262 580

1421 321 1537 353 sidium
1563 322 1695 353 unicum
1721 327 1866 353 nostrum
1892 323 1925 352 in
1956 322 2105 362 precibus
2127 328 2157 354 et
2187 324 2384 357 orationibus

1422 372 1562 405 positum
1583 375 1641 395 2110.

1509 406 1602 446 Quod
1628 417 1703 438 vero
1728 406 1833 438 David
1865 408 2073 447 conqueritur
2101 418 2137 439 eo
2167 408 2235 440 loco
2258 416 2386 442 exteros

1394 455 1395 489 j
1421 450 1454 481 in
1479 461 1512 481 se
1544 450 1771 487 insurrexisse,
1800 457 1832 482 et
1862 450 2022 482 violentos
2054 451 2152 482 vitam
2176 462 2267 482 suam
2290 463 2386 492 quae-

396 493 608 524 difficultates
628 502 833 532 superamus.
859 492 943 524 Nam
963 493 1117 532 quamdiu
1132 492 1222 524 Deus
1243 504 1277 524 re
1301 494 1369 534 ipsa
1394 506 1395 511 ¹

1422 503 1502 530 rere,
1529 503 1592 523 non
1617 498 1664 524 est
1688 492 1936 533 intelligendum
1957 492 1996 524 de
2016 493 2212 532 Philistaeis,
2236 500 2293 525 aut
2316 495 2387 527 aliis

1423 535 1532 576 populi
1558 535 1619 566 Dci
1649 536 1825 567 coniuratis
1852 536 1998 567 hostibus
2030 547 2049 567 a
2078 537 2193 577 quibus
2223 544 2298 569 tunc
2322 549 2386 570 non

1394 615 1395 618 Ἰ
1422 578 1610 618 petebatur:
1634 578 1688 610 sed
1711 578 1749 609 de
1763 578 1930 610 Israelitis.
1956 578 2124 618 Quomodo
2148 580 2246 620 igitur
2258 586 2387 612 exteros

1421 622 1493 652 illos
1513 621 1614 653 dicit?
1638 621 1725 653 Sane
1749 622 1875 662 indigni
1899 629 1991 652 crant
2014 622 2068 662 qui
2092 622 2229 663 populus
2242 622 2305 655 Dei
2328 633 2387 654 vo-

1421 672 1583 702 carentur,
1608 666 1638 701 ii,
1662 665 1804 704 inquam.
1829 676 1867 695 ex
1889 664 2017 696 Iudaeis
2041 666 2094 704 qui
2114 675 2186 696 cum
2206 666 2306 697 Saule
2319 666 2386 698 Da-

1422 707 1529 738 videm
1567 707 1863 747 persequebantur:
1899 718 2001 748 neque
2038 708 2176 739 filiorum
2207 709 2387 740 Abrahami

1422 750 1553 780 nominc
1577 751 1707 791 gloriari
1733 756 1892 790 poterant,
1923 750 2006 790 quod
2030 751 2069 782 ab
2099 751 2166 791 ipso
2193 761 2252 783 sua
2274 752 2387 784 crude-

1421 792 1513 823 litate
1527 792 1789 842 degenerassent.
1814 799 1846 824 et
1865 792 1965 825 foedis
1978 793 2172 825 facinoribus
2184 804 2217 825 se
2237 794 2388 836 indignos

1422 836 1520 884 quiin
1536 837 1673 876 posteris
1694 837 1794 876 ipsius
1812 835 2010 867 haberentur
2029 836 2253 868 reddidissent.
2278 837 2388 869 David

1422 878 1523 918 igitur
1546 885 1674 909 exteros
1700 886 1788 910 vocat
1809 889 1944 919 quorum
1976 879 2007 910 in
2030 889 2064 910 se
2093 880 2243 911 ferociam
2266 887 2298 911 et
2320 891 2391 912 cru-

1423 921 1588 952 delitatem
1608 928 1765 953 senserat.
1792 922 1976 953 Adversum
2000 933 2057 953 nos
2082 923 2183 963 igitur
2207 922 2300 954 hodie
2320 934 2390 954 sur-

1423 964 1574 1003 gentibus
1587 965 1638 1005 qui
1652 964 1864 996 christianum
1889 975 2004 996 nomen
2030 965 2160 1004 iactant,
2184 970 2216 997 et
2227 965 2391 997 crudelius

1423 1007 1695 1046 persequentibus
1726 1018 1821 1048 quam
1854 1008 1915 1048 ipsi
1947 1008 2071 1039 Turcac
2101 1015 2156 1040 aut
2190 1008 2271 1039 aliae
2305 1009 2390 1040 ferae

1423 1049 1578 1086 nationes,
1603 1061 1684 1090 quae
1704 1050 1800 1081 fuerit
1818 1050 1958 1081 Davidis
1977 1050 2117 1082 conditio
2136 1051 2391 1092 meminerimus,

1424 1097 1459 1123 ut
1492 1092 1580 1123 illius
1613 1093 1751 1134 vestigia
1785 1104 1992 1134 premamus,
2037 1099 2068 1124 et
2104 1094 2222 1125 nedum
2258 1095 2391 1126 molesta

1424 1135 1465 1165 sit
1489 1135 1582 1166 nobis
1606 1141 1718 1167 nostra
1740 1136 1897 1167 conditio:
1929 1135 1984 1168 sed
2017 1136 2193 1168 fidelissimi
2218 1137 2280 1168 Dei
2303 1137 2391 1169 servi

1425 1178 1570 1226 vestigia.
1588 1185 1769 1219 sequentes,
1792 1179 1846 1219 qui
1870 1179 1931 1210 fuit
1954 1180 2039 1210 unici
2065 1179 2127 1210 Dei
2150 1180 2209 1211 filii
2231 1180 2337 1221 figura
2360 1187 2392 1211 et

1424 1221 1540 1261 image,
1562 1220 1597 1251 in
1616 1221 1793 1253 vocationis
1817 1222 1979 1270 proposito
2002 1229 2187 1254 constanter
2205 1233 2391 1263 persevere-

1423 1274 1507 1294 mus.
1549 1263 1724 1295 [aeterum
1749 1264 1910 1296 discamus
1933 1265 2028 1296 etiam
2055 1276 2116 1296 non
2142 1266 2264 1297 turbari
2289 1276 2392 1306 neque

1424 1307 1620 1337 commoveri
1646 1306 1871 1338 vehementius
1903 1317 2003 1347 quum
2030 1318 2148 1339 nomen
2175 1308 2392 1340 christianum

1425 1350 1631 1389 profitentes,
1667 1349 1843 1390 eodemque
1877 1350 2036 1391 baptismo
2071 1351 2237 1383 nobiscum
2272 1351 2391 1382 initiati

1424 1396 1579 1433 tanquam
1613 1393 1765 1424 efferatae
1801 1392 1924 1424 belluae
1964 1393 1998 1424 in
2033 1398 2177 1425 nostram
2216 1395 2391 1434 perniciem

1424 1436 1619 1476 conspirant,
1643 1440 1676 1467 et
1699 1435 1738 1466 ad
1760 1435 1921 1467 lanienam
1946 1437 2085 1476 rapiunt,
2112 1443 2294 1468 nostrorum
2317 1448 2391 1469 san·

1424 1478 1559 1519 guinem
1585 1479 1748 1510 sitientes:
1775 1478 1830 1509 sed
1856 1478 1985 1510 fortiter
2007 1479 2162 1511 adversus
2185 1479 2314 1511 illorum
2340 1489 2393 1511 ra-

1425 1521 1507 1553 biem
1533 1521 1757 1563 depugnemus
1780 1531 1817 1552 ea
1840 1522 1956 1552 fiducia
1977 1522 2049 1552 freti
2069 1532 2132 1563 qua
2149 1521 2268 1559 David,
2292 1533 2393 1562 quum

1425 1566 1456 1596 in
1479 1565 1660 1596 istimmodi
1681 1564 1926 1596 difficultatibus
1938 1563 1976 1595 ad
1991 1564 2097 1596 Deum
2111 1565 2265 1606 confugit.
2289 1565 2394 1598 Porro

1426 1612 1554 1638 exteros
1578 1615 1670 1639 vocat
1695 1607 1855 1648 Ziphaeos
1878 1607 1997 1645 David,
2028 1618 2092 1639 non
2117 1613 2242 1639 tantum
2262 1613 2395 1648 propter

1425 1649 1651 1681 crudelitatem
1677 1656 1709 1681 et
1732 1650 1969 1681 immanitatem
1995 1651 2149 1691 ipsorum,
2181 1650 2236 1682 sed
2262 1656 2394 1692 propter

1426 1694 1591 1733 ingentem
1616 1695 1758 1734 ipsorum
1783 1692 2037 1730 multitudinem,
2062 1699 2097 1724 ut
2121 1694 2235 1725 merito
2254 1704 2395 1726 commo-

1426 1736 1497 1767 veri
1522 1737 1609 1767 visus
1629 1737 1680 1768 sit.
1703 1736 1786 1767 Nam
1804 1736 1916 1776 quales
1935 1742 2027 1767 erant
2041 1736 2177 1767 Davidis
2197 1737 2290 1775 vires,
2314 1747 2394 1778 quas

1427 1778 1537 1810 Saulis
1557 1780 1656 1820 copiis
1675 1780 1877 1820 opponeret?
1901 1779 1970 1810 Nae
1989 1780 2094 1819 impar
2110 1787 2179 1810 erat
2191 1789 2393 1820 congressus.

1426 1822 1494 1853 Nos
1518 1822 1626 1862 itaque
1655 1832 1754 1862 quum
1788 1822 1895 1853 hostes
1926 1827 2056 1862 praeter
2085 1822 2176 1853 illum
2200 1832 2294 1854 suum
2319 1822 2394 1854 bru-

1428 1870 1498 1896 tum
1524 1866 1663 1896 furorem
1689 1870 1719 1896 et
1743 1866 1874 1896 efferam
1904 1865 2139 1896 immanitatem
2163 1875 2225 1905 qua
2248 1866 2398 1898 feruntur

1428 1907 1603 1939 adversum
1636 1918 1694 1939 nos
1723 1909 1821 1939 etiam
1846 1908 1970 1939 viribus
1999 1907 2176 1948 pollebunt,
2207 1908 2322 1948 quibus
2345 1918 2394 1940 re-

1428 1950 1571 1981 sistendo
1602 1951 1743 1991 impares
1771 1950 1949 1988 videamur,
1981 1950 2063 1990 quod
2095 1950 2192 1992 longe
2222 1950 2286 1982 illis
2313 1951 2395 1983 infe-

1429 1994 1531 2025 riores
1555 1994 1678 2025 viribus
1702 1994 1814 2031 simus,
1838 1993 2034 2025 commoveri
2061 1994 2249 2033 turbarique
2279 1994 2396 2026 merito

1429 2047 1607 2077 possemus,
1638 2036 1699 2067 nisi
1731 2046 1921 2076 persuasum
1954 2035 2156 2075 haberemus,
2187 2036 2292 2068 Deum
2323 2036 2396 2068 illos

1429 2079 1505 2111 licet
1529 2079 1653 2118 ingenti
1676 2079 1886 2110 multitudine
1910 2079 2098 2119 gloriantes,
2120 2083 2152 2110 et
2175 2079 2312 2110 saevitia
2333 2079 2395 2110 im-

1428 2132 1541 2153 manes
1570 2122 1855 2162 pet-turbaturum,
1893 2128 1925 2153 et
1955 2132 2050 2162 quam
2080 2121 2233 2153 horrifica
2260 2123 2302 2153 sit
2330 2121 2395 2154 illis

1428 2165 1530 2205 ipsius
1553 2165 1706 2196 maiestas
1736 2166 1981 2205 patefacturum.
2022 2165 2129 2196 Deum
2159 2164 2259 2205 igitur
2281 2164 2394 2196 timea-

1428 2218 1511 2244 mus,
1536 2213 1567 2238 et
1590 2219 1696 2239 coram
1721 2209 1789 2248 ipso
1813 2207 2008 2245 deiiciamus,
2041 2208 2164 2247 ipsique
2187 2207 2395 2239 subiiciamus

1429 2251 1590 2282 humanas
1609 2261 1720 2282 omnes
1743 2251 1839 2289 vires,
1863 2255 1895 2281 et
1918 2250 2095 2291 potentiam
2118 2249 2207 2281 flocci
2230 2249 2394 2288 facientes,

1429 2293 1512 2334 quod
1537 2292 1598 2324 Dei
1630 2294 1783 2325 virtutem
1815 2299 1847 2324 et
1876 2293 2052 2342 potentiam
2083 2293 2233 2324 sufficere
2255 2293 2396 2325 sciamus

1428 2335 1468 2368 ad
1492 2336 1659 2367 terrendos
1683 2336 1807 2367 hostes:
1835 2337 1928 2368 cuius
1951 2336 2018 2367 irae
2041 2341 2072 2366 et
2095 2335 2211 2367 furoris
2233 2340 2323 2367 tanta
2345 2340 2395 2367 est

1430 2379 1488 2415 vis,
1518 2383 1553 2409 ut
1584 2379 1634 2409 vel
1665 2378 1780 2410 umbra
1802 2379 1903 2419 ipsius
1928 2378 2037 2410 hostes
2060 2378 2287 2419 portet-reflant
2310 2379 2395 2419 ipsos

1430 2421 1520 2453 nullo
1543 2422 1733 2461 insequente
1757 2432 1860 2462 neque
1883 2421 1987 2452 minas
2011 2422 2204 2458 intentante,
2238 2426 2394 2470 tanquam

1431 2464 1593 2505 profligati
1619 2464 1834 2505 dissipentur:
1866 2464 2040 2504 divinaque
2070 2464 2214 2505 potentia
2244 2468 2276 2495 et
2297 2465 2394 2495 maie-

1430 2512 1514 2538 state
1523 2507 1568 2538 sic
1579 2512 1758 2546 teneantur,
1771 2515 1805 2538 ut
1816 2507 1891 2538 licet
1902 2507 2054 2538 salutem
2048 2517 2190 2547 ipsorum
2202 2516 2396 2547 quaeramus

1430 2555 1462 2581 et
1486 2549 1525 2580 ad
1550 2549 1713 2580 meliorem
1738 2555 1878 2581 mentem
1910 2559 2060 2581 revocare
2090 2550 2174 2589 ipsos
2197 2549 2394 2588 studeamus,

1431 2592 1520 2623 Deus
1543 2598 1652 2622 tamen
1677 2598 1802 2624 tantum
1828 2593 1970 2634 ipsorum
2003 2592 2119 2623 animis
2143 2598 2297 2623 terrorem
2322 2592 2395 2623 inii-

1431 2636 1502 2675 ciat,
1534 2641 1571 2665 ut
1602 2635 1686 2665 ultro
1718 2636 1751 2666 in
1781 2646 1875 2667 suum
1900 2635 2045 2673 exitium,
2075 2635 2164 2666 nullo
2194 2635 2393 2675 insequente,

1404 2690 1405 2711 1
1431 2677 1622 2718 praccipites
1645 2677 1804 2710 ferantur.
