2551 3044
340 210 404 242 263
1149 207 1354 240 HOMILIA
1379 205 1502 238 LXVI.
2248 206 2310 237 264

342 305 442 346 igitur
479 301 680 343 ingratitudo
712 302 774 333 fuit
803 312 867 334 non
899 312 1072 344 agnoscere
1102 300 1304 332 benefactum

344 344 502 379 Davidis?
537 351 657 385 quanta
688 344 810 376 malitia
841 351 907 376 tam
929 346 1028 376 atroci
1051 343 1122 375 odio
1145 343 1305 375 Davidem

344 387 492 430 prosequi
523 394 554 418 et
585 397 642 427 pro
666 387 749 418 bono
773 387 893 418 malum
918 386 1115 427 rependere?
1151 386 1219 417 Cur
1242 396 1305 417 non

344 430 505 472 cogitabat
537 440 617 470 opus
649 429 796 461 divinum
828 430 920 462 esse?
954 429 1111 461 Davidem
1142 429 1203 460 sibi
1225 428 1305 460 nihil

343 473 508 515 proprium
539 471 734 504 vendicare?
768 472 837 504 Deo
867 472 946 504 duce
968 473 1085 503 sactum
1110 471 1188 502 illud
1213 470 1305 503 esse?

345 518 413 548 Cur
437 526 500 546 nou
525 514 557 544 in
583 515 771 546 memoriam
795 515 965 546 revocabat
989 515 1050 545 Dei
1070 514 1245 553 decretum,
1268 513 1307 545 dc

344 569 404 591 sua
435 557 698 589 exauctoratione
727 563 758 588 et
787 558 958 589 reiectione
982 569 999 588 a
1023 558 1109 597 regia
1133 556 1306 597 dignitate,

345 609 378 632 et
401 600 504 633 eidem
528 610 598 631 sese
622 599 854 632 submittebat?
879 600 989 639 Quare
1014 600 1092 631 Saul
1117 610 1181 630 non
1205 598 1306 630 Davi-

345 644 427 681 dem,
463 642 519 674 sed
555 642 662 673 Deum
697 643 802 683 ipsum
836 643 1064 677 insectabatur.
1100 649 1131 673 et
1153 643 1213 682 ipsi
1237 641 1307 673 Deo

344 686 472 718 viventi
507 684 626 716 bellum
657 685 833 717 indicebat:
868 692 897 717 et
929 693 1079 725 tanquam
1110 687 1247 716 furiosus
1275 690 1308 715 et

346 729 520 761 freneticus
544 728 649 768 ipsum
673 728 797 759 coelum
821 734 929 768 petere
952 729 1090 759 volebat.
1137 727 1225 758 Haec
1248 727 1307 758 ita·

347 782 409 813 quc
432 770 604 802 manifesta
628 769 737 802 Saulis
761 771 848 802 vitia.
894 771 981 802 Hinc
1002 771 1162 802 discamus
1185 770 1217 801 in
1241 770 1308 810 pri-

346 815 408 846 mis
441 824 556 845 cavere
591 823 804 854 summopere,
839 824 880 844 ne
914 813 984 845 aliis
1014 814 1151 844 virtutes
1181 823 1260 852 quas
1290 823 1308 843 a

346 857 418 887 Deo
454 862 647 896 acceperunt
685 856 905 887 invideamus:
943 855 1098 896 siquidem
1129 854 1307 886 alienarum

349 900 506 931 virtutum
530 897 631 929 invidi
656 909 719 930 nou
743 899 776 930 in
801 898 947 930 homines
971 906 1105 934 tantum,
1129 898 1184 929 sed
1207 898 1241 928 in
1261 899 1308 938 ip-

347 952 418 974 sum
444 942 550 972 Deum
577 941 739 972 viventem
764 948 897 982 peccant
919 948 950 972 et
973 947 1047 972 sunt
1069 941 1308 972 contumeliosi:

347 990 379 1016 et
399 984 425 1016 si
443 983 585 1014 divinam
600 984 800 1015 maiestatem
814 984 1032 1015 adversariam
1047 983 1174 1018 habent,
1199 983 1310 1023 quales

348 1029 492 1068 ipsorum
523 1026 610 1058 vires
641 1026 796 1058 adversus
826 1037 895 1058 eam
921 1027 1048 1057 futurae
1078 1025 1177 1057 sunt?
1223 1026 1310 1057 Con-

348 1071 494 1110 spicuum
520 1069 623 1109 igitur
646 1076 705 1108 est,
739 1069 821 1105 odia,
856 1076 886 1100 et
917 1070 1079 1105 invidiam,
1115 1073 1146 1100 et
1174 1068 1310 1099 livorem

348 1113 471 1144 alienae
509 1112 641 1143 virtutis
671 1122 740 1143 esse
771 1112 926 1143 adversus
956 1112 1061 1142 Deum
1093 1111 1309 1142 inimicitiam:

349 1166 385 1186 ac
408 1153 542 1195 proinde
565 1155 619 1194 qui
641 1155 789 1194 proximo
812 1154 894 1185 dona
914 1155 1047 1189 invidet,
1073 1164 1135 1185 non
1157 1154 1312 1184 adversus

349 1197 530 1234 mortalem,
562 1196 616 1228 sed
641 1197 798 1228 adversus
829 1196 936 1228 Deum
967 1198 1071 1236 ipsum
1095 1207 1250 1237 pugnare,
1281 1202 1312 1227 et

349 1239 482 1271 tandem
512 1239 743 1271 detrimentum
776 1250 812 1271 ac
843 1250 1000 1270 summam
1032 1241 1249 1271 confusionem
1278 1239 1310 1269 in

348 1293 382 1314 se
406 1283 513 1323 ipsum
553 1292 726 1314 accersere.
771 1282 857 1321 Quin
887 1283 950 1312 imo
974 1282 1052 1313 Saul
1076 1283 1143 1322 ipse
1166 1292 1235 1313 sese
1258 1292 1312 1312 ore

349 1325 478 1366 proprio
509 1324 712 1361 condemnat,
743 1335 842 1364 quum
866 1326 918 1361 ait,
949 1325 1023 1364 quid
1045 1325 1073 1356 ei
1091 1327 1227 1364 superest
1248 1325 1312 1355 nisi

350 1369 449 1400 solum
472 1367 627 1408 reynum?
673 1367 756 1398 Nam
780 1378 844 1398 non
868 1367 999 1398 dubium
1019 1372 1068 1398 est
1087 1367 1165 1407 quin
1185 1367 1312 1398 venerit

349 1411 411 1452 ipsi
440 1410 475 1441 in
505 1416 647 1441 mentem
678 1410 839 1442 Samuelis
863 1410 916 1441 illa
939 1410 1153 1447 comminatio,
1182 1410 1232 1441 cui
1256 1420 1312 1450 pro

350 1453 476 1485 viribus
500 1453 649 1484 resistere
673 1453 794 1484 nititur.
840 1451 904 1484 Sed
925 1453 999 1492 quid
1019 1454 1117 1484 miser
1134 1458 1311 1493 promovet,

350 1497 413 1527 nisi
432 1495 516 1536 quod
535 1494 689 1526 adversus
708 1495 855 1527 stimulos
873 1495 1039 1527 calcitrat?
1080 1495 1160 1526 Inde
1179 1500 1311 1536 apparet

349 1539 499 1570 homines
519 1538 586 1569 suis
604 1538 808 1577 passionibus
827 1538 1009 1578 implicitos,
1033 1549 1161 1569 omnem
1181 1548 1313 1569 sensum

351 1582 486 1612 rationis
509 1580 667 1618 amittere,
691 1587 721 1611 et
741 1586 893 1620 tanquam
907 1582 989 1611 feras
1003 1581 1123 1612 belluas
1135 1581 1168 1611 in
1183 1581 1314 1612 obvium

352 1633 510 1664 quemque
535 1629 654 1654 temero
679 1623 773 1654 ferri:
797 1634 833 1654 ac
856 1623 882 1654 si
902 1623 1124 1663 Deumipsum
1137 1623 1313 1660 offendant,

350 1667 448 1698 etiam
478 1665 636 1696 adversus
666 1666 772 1705 ipsum
808 1676 963 1707 pugnare,
996 1677 1153 1706 suumque
1181 1667 1314 1697 exitium

352 1708 482 1740 sibimet
505 1708 584 1748 ipsis
605 1708 741 1739 adferre.
787 1708 859 1747 Quo
882 1719 992 1739 sumus
1015 1710 1114 1749 igitur
1137 1709 1169 1740 in
1188 1709 1248 1740 hoc
1270 1709 1314 1740 vi-

352 1753 433 1782 tium
468 1750 686 1791 procliviores,
721 1761 758 1781 eo
791 1752 893 1782 maior
927 1751 1108 1782 adhibenda
1142 1752 1235 1783 nobis
1267 1756 1316 1782 est

352 1794 469 1830 cautio,
495 1799 529 1824 ut
553 1793 672 1824 nostris
696 1794 863 1825 affectibus
886 1794 1096 1830 moderemur,
1130 1805 1171 1826 ne
1195 1799 1314 1825 temere

352 1836 511 1867 adversus
535 1836 643 1867 Deum
666 1836 772 1876 ipsum
796 1837 1002 1877 insurgamus
1025 1843 1057 1868 et
1081 1837 1236 1868 feramur:
1259 1836 1315 1868 sed

354 1885 469 1920 sponte
500 1883 532 1909 et
563 1878 686 1918 placide
713 1878 795 1910 colla
818 1879 876 1919 ipsi
902 1879 1117 1917 subiiciamus,
1148 1885 1189 1917 et,
1218 1889 1315 1919 quam

355 1932 492 1963 poenam
515 1921 608 1952 nobis
626 1921 790 1961 imponere
809 1922 965 1961 placuerit
984 1923 1143 1962 patienter
1163 1923 1314 1953 feramus.

441 1964 485 1994 Et
508 1963 547 1994 de
570 1964 640 1995 istis
664 1963 830 1996 hactenus.
877 1964 955 1996 Saul
980 1965 1191 1996 nihilominus
1214 1965 1314 1996 Davi-

355 2007 427 2039 dem
458 2006 543 2047 apud
571 2016 605 2037 se
629 2006 772 2038 retinuit.
818 2006 907 2046 Quid
930 2008 974 2039 ita
997 2008 1095 2038 vero?
1141 2008 1225 2039 Nam
1248 2008 1316 2039 eius

355 2056 520 2090 aspectum
540 2049 593 2080 vix
613 2049 697 2080 ferre
718 2055 852 2089 poterat,
873 2055 904 2081 et
920 2056 956 2080 nt
967 2050 1115 2090 deinceps
1128 2050 1316 2088 videbimus,

355 2094 423 2124 eius
444 2092 659 2132 praesentiam
680 2097 745 2122 tam
765 2103 860 2133 aegre
876 2093 960 2130 tulit,
985 2101 1018 2123 ut
1041 2093 1103 2124 alio
1126 2092 1315 2132 amandarit,

355 2142 387 2167 et
410 2135 486 2166 alibi
510 2134 664 2165 mandata
687 2135 747 2174 ipsi
770 2134 902 2173 dederit,
927 2146 966 2166 ne
990 2136 1128 2176 amplius
1151 2135 1251 2167 oculis
1268 2135 1315 2176 ip-

354 2179 420 2211 sius
443 2178 681 2209 obversaretur.
726 2177 796 2208 Iam
821 2179 927 2218 itaque
950 2179 1082 2209 retinuit
1105 2180 1210 2218 ipsum
1231 2177 1315 2219 apud

354 2232 398 2258 se,
423 2221 548 2252 invitus
571 2226 602 2251 et
625 2230 697 2251 cum
722 2220 882 2252 amicitiae
905 2221 1117 2253 simulatione.
1163 2220 1243 2252 Inde
1261 2231 1316 2261 ap-

355 2269 447 2304 paret
484 2263 632 2294 homines
664 2263 737 2294 odia
766 2273 825 2294 sua
854 2269 886 2295 et
915 2263 1097 2295 inimicitias
1126 2264 1316 2304 plerumque

356 2313 464 2348 tegere
487 2305 646 2336 amicitiae
670 2306 776 2346 pallio.
801 2311 834 2337 et
851 2306 988 2346 aliquem
1005 2306 1109 2338 odisse
1129 2308 1161 2337 in
1181 2313 1316 2347 pectore,

355 2359 451 2390 quem
481 2356 599 2385 tamen,
626 2359 666 2379 ne
697 2349 854 2380 malitiam
883 2359 975 2380 suam
1004 2355 1034 2380 et
1058 2349 1148 2381 virus
1171 2349 1317 2390 prodant,

355 2402 466 2424 secum
495 2390 634 2422 retinere
664 2399 696 2422 et
726 2391 845 2423 habere
875 2391 988 2428 velint,
1022 2392 1198 2432 multisque
1221 2391 1316 2423 bene-

355 2435 436 2467 ficiis
455 2434 612 2465 demereri
631 2433 813 2472 videantur,
837 2434 891 2466 sed
913 2440 945 2466 ut
965 2435 1128 2466 incautum
1147 2435 1174 2466 si
1193 2435 1318 2476 possint

355 2477 551 2518 opprimant.
597 2476 686 2508 Sane
715 2477 888 2517 primariae
917 2476 1083 2518 dignitatis
1112 2477 1206 2516 viros,
1240 2482 1318 2517 puta

356 2530 458 2561 reges,
478 2519 641 2560 principes
659 2525 691 2550 et
709 2520 891 2551 istiusmodi
911 2520 999 2551 viros
1015 2530 1148 2561 magnos
1161 2520 1317 2558 videmus,

356 2564 383 2595 si
413 2560 497 2602 quod
518 2562 634 2603 ingens
658 2562 848 2594 beneficium
872 2563 1054 2603 acceperint
1076 2573 1095 2594 a
1117 2562 1317 2594 subditorum

357 2605 472 2646 aliquo,
503 2604 624 2646 pudore
653 2605 792 2645 quodam
816 2605 899 2638 affici
921 2605 1006 2646 quod
1028 2606 1105 2646 ipsis
1127 2615 1164 2637 eo
1188 2605 1318 2637 nomine

357 2647 497 2679 devincti
532 2646 616 2679 sint:
650 2657 686 2679 ac
719 2647 855 2689 proinde
885 2653 997 2690 optare
1025 2658 1044 2680 a
1066 2658 1124 2681 suo
1147 2653 1318 2689 conspectu

1359 306 1507 338 remotos,
1531 306 1564 330 et
1586 299 1713 330 illorum
1738 310 1852 330 nomen
1876 309 1892 330 e
1914 299 1997 330 vivis
2018 298 2190 330 sublatum.
2225 300 2312 331 'Palis

1358 350 1405 374 est
1436 353 1492 382 pro
1521 342 1660 381 acceptis
1689 342 1850 373 beneficiis
1879 341 1993 381 gratia,
2023 346 2056 372 et
2086 346 2310 382 compensatio.

1358 386 1506 418 Profecto
1540 385 1566 415 si
1598 383 1675 416 Saul
1706 384 1840 416 candide
1871 391 1899 415 ct
1930 385 2053 415 sincere
2083 394 2156 415 cum
2186 384 2312 416 Davide

1357 429 1484 469 egisset,
1508 437 1580 458 eum
1603 426 1688 458 ultro
1710 427 1794 468 apud
1817 437 1850 458 se
1874 432 2036 466 receptum
2060 427 2200 463 fovisset,
2223 433 2256 458 et
2273 427 2311 458 ad

1358 470 1496 502 honores
1520 470 1739 510 promovisset,
1763 481 1797 501 re
1819 470 1888 509 ipsa
1907 475 2069 509 expertus,
2093 476 2125 500 et
2144 471 2314 501 universus

1358 523 1432 545 cum
1451 513 1519 553 ipso
1538 512 1683 552 populus,
1706 520 1782 552 quot
1801 513 1994 553 quantisque
2014 512 2188 544 virtutibus
2207 523 2226 543 a
2244 512 2315 543 Deo

1359 561 1443 588 esset
1476 560 1660 586 exornatus.
1706 554 1771 586 Sed
1801 555 2020 592 nihilominus,
2049 556 2107 586 etsi
2131 560 2243 586 contra
2265 555 2315 586 ius

1358 606 1389 630 et
1412 608 1549 638 aequum
1572 597 1758 629 inimicitias
1780 605 1907 638 pectore
1931 596 2069 636 fovebat,
2100 603 2132 628 et
2155 609 2220 629 non
2243 608 2314 629 cum

1359 641 1491 673 homine
1521 639 1658 676 mortali,
1693 640 1749 672 sed
1779 651 1852 672 cum
1884 640 1952 671 Deo
1982 640 2050 679 ipso
2073 640 2192 671 bellum
2216 641 2315 672 susci-

1359 683 1476 724 piebat,
1501 682 1553 714 vel
1578 682 1715 713 invitum
1737 683 1878 723 oportuit
1902 682 1985 723 apud
2009 694 2042 714 se
2062 683 2221 714 Davidem
2241 683 2315 714 reti-

1359 737 1436 757 nere
1468 731 1505 757 ut
1535 726 1604 756 eius
1633 725 1719 756 furor
1749 733 1780 757 et
1809 726 1918 757 odium
1942 730 2123 766 augeretur,
2152 733 2182 757 et
2205 731 2316 758 contra

1359 767 1478 799 Davidi
1497 778 1685 808 prosperum
1705 779 1812 799 rerum
1831 779 2013 800 successum
2033 768 2111 806 dari,
2131 774 2163 799 et
2178 769 2316 809 gratiam

1359 818 1392 842 et
1421 811 1626 842 autoritatem
1656 811 1694 848 ei,
1729 811 1778 842 vel
1801 812 1868 852 ipso
1892 811 1990 842 Saule
2013 811 2170 849 ministro,
2201 812 2316 851 parari.

1360 855 1443 887 Nam
1475 860 1552 894 quot
1582 852 1629 883 illi
1659 853 1811 885 mandata
1841 854 1928 885 dedit
1950 854 1983 884 in
2008 860 2074 884 tota
2098 855 2239 894 regione,
2270 858 2318 884 tot

1360 896 1467 928 media
1497 897 1628 927 fuerunt
1659 896 1774 935 quibus
1802 896 1848 927 illi
1877 898 1981 937 gratia
2004 903 2035 927 et
2058 897 2212 927 autoritas
2234 895 2317 936 apud

1361 939 1514 980 populum
1533 945 1647 978 parata
1666 938 1739 970 fuit:
1763 939 1847 979 quod
1866 941 1960 971 etiam
1983 939 2172 970 nominatim
2192 939 2317 970 dicitur.

1361 983 1448 1014 Hinc
1471 986 1605 1022 apparet
1629 981 1788 1021 principes
1811 992 1906 1022 saepe
1926 982 1975 1012 vel
1995 983 2113 1013 invitos
2133 992 2320 1022 promovere

1361 1035 1436 1056 suos
1470 1024 1613 1055 subditos
1644 1025 1676 1054 in
1708 1024 1846 1064 aliquam
1880 1025 2078 1065 dignitatem,
2115 1035 2178 1055 non
2209 1034 2318 1055 amore

1362 1078 1424 1108 quo
1447 1067 1511 1098 illis
1535 1066 1614 1097 bene
1637 1066 1748 1103 velint,
1777 1068 1925 1107 quoniam
1951 1079 2013 1098 non
2038 1072 2115 1098 sunt
2138 1067 2239 1103 liberi,
2262 1067 2318 1098 sed

1362 1110 1516 1142 vitiorum
1561 1119 1692 1140 suorum
1734 1110 1830 1140 servi.
1875 1110 2047 1141 Praeterea
2083 1109 2317 1141 observandum

1363 1164 1421 1184 sua
1451 1152 1601 1192 opinione
1624 1151 1756 1183 Saulem
1778 1152 1944 1184 excidisse.
1990 1153 2072 1184 Nam
2096 1163 2194 1192 quum
2219 1152 2318 1183 Davi-

1364 1195 1436 1227 dem
1466 1194 1550 1235 apud
1580 1205 1614 1225 se
1643 1195 1784 1231 retinuit,
1816 1205 1880 1226 non
1909 1195 2001 1226 modo
2033 1196 2116 1226 viam
2147 1195 2321 1235 praeclusit

1364 1238 1512 1270 omnibns
1542 1238 1609 1268 suis
1639 1238 1748 1277 pravis
1777 1238 1931 1269 adversus
1954 1238 2061 1278 ipsum
2084 1238 2236 1274 consiliis,
2264 1237 2319 1268 sed

1365 1282 1461 1312 etiam
1493 1281 1691 1311 occasionem
1712 1280 1828 1320 populo
1851 1280 2007 1321 praebuit,
2042 1280 2125 1320 quod
2150 1280 2321 1317 metuebat,

1365 1322 1533 1355 efficiendi.
1578 1323 1660 1354 Nam
1698 1323 1832 1363 populus
1860 1323 1935 1354 inde
1965 1329 2090 1363 poterat
2121 1324 2319 1355 occasionem

1366 1367 1508 1406 arripere
1531 1366 1618 1406 regia
1641 1365 1798 1406 dignitate
1819 1365 1924 1406 ipsum
1944 1365 2108 1406 spoliandi,
2133 1372 2164 1397 et
2182 1365 2321 1397 ludibrio

1366 1408 1515 1446 habendi,
1544 1408 1627 1448 quod
1658 1409 1742 1439 malo
1764 1408 1877 1448 spiritu
1900 1409 2024 1449 vexari,
2054 1416 2085 1439 et
2108 1409 2321 1448 ignominiose

1366 1452 1467 1483 vitam
1490 1462 1586 1492 agere
1609 1451 1741 1482 videret.
1786 1451 1902 1489 Nosne,
1933 1456 2083 1491 poterant
2106 1451 2219 1489 dicere,
2253 1451 2321 1492 regi

1365 1495 1478 1526 insano
1496 1500 1527 1524 et
1545 1494 1663 1525 furioso
1683 1493 1882 1525 servituros?
1902 1494 1977 1525 Istis
1998 1500 2030 1525 et
2048 1494 2207 1525 similibus
2226 1494 2321 1525 ratio·

1366 1537 1460 1568 nibus
1494 1536 1608 1568 adduci
1636 1541 1762 1577 poterat
1792 1536 1928 1577 populus
1951 1536 1989 1567 ad
2015 1536 2147 1568 Saulem
2171 1542 2322 1568 exaucto-

1366 1579 1513 1616 randum,
1559 1584 1591 1610 et
1632 1580 1666 1610 in
1711 1579 1858 1610 ultimum
1899 1580 2033 1610 exitium
2075 1579 2321 1610 deturbandum.

1367 1623 1464 1654 Multi
1500 1627 1649 1662 poterant
1682 1633 1723 1652 ex
1752 1622 1843 1662 plebe
1872 1622 1968 1653 rebus
1999 1622 2089 1653 novis
2119 1621 2257 1659 studere,
2291 1626 2324 1652 et

1368 1665 1459 1706 pulso
1482 1664 1583 1696 Saule
1606 1664 1767 1696 Davidem
1790 1664 1837 1695 illi
1860 1665 2064 1702 substituere,
2088 1665 2143 1704 qui
2166 1664 2249 1704 apud
2269 1674 2324 1705 po-

1368 1708 1478 1748 pulum
1513 1708 1580 1738 suis
1614 1707 1787 1739 virtutibus
1816 1713 1848 1738 et
1871 1707 1999 1747 egregie
2023 1707 2112 1738 factis
2135 1708 2271 1748 gratiam
2293 1712 2325 1738 et

1368 1751 1573 1781 autoritatem
1597 1750 1790 1789 acquirebat.
1835 1749 1914 1781 Saul
1938 1755 2045 1781 autem
2069 1750 2159 1780 illum
2184 1749 2267 1790 apud
2290 1759 2324 1781 se

1367 1794 1494 1833 retinet,
1518 1799 1552 1824 ut
1576 1798 1726 1832 tanquam
1750 1793 1910 1832 mancipio
1933 1798 2053 1832 utatur,
2077 1799 2109 1824 et
2131 1793 2200 1824 eius
2220 1793 2323 1823 virtu-

1367 1841 1430 1867 tem
1469 1835 1704 1876 quodammodo
1739 1836 1885 1875 sepeliat:
1926 1835 1981 1866 sed
2011 1836 2162 1875 opinione
2192 1835 2323 1866 fallitur.

1367 1879 1450 1910 Nam
1476 1879 1535 1909 Dei
1559 1877 1722 1910 decretum
1741 1878 1950 1909 irrevocabile
1968 1889 2063 1909 suum
2083 1878 2233 1910 effectum
2252 1888 2323 1918 pro-

1368 1922 1464 1953 ducat
1497 1931 1628 1953 necesse
1651 1926 1708 1952 est.
1754 1920 1973 1960 Quamobrem
1997 1921 2113 1952 animis
2137 1921 2256 1952 nostris
2279 1920 2324 1952 al-

1367 1965 1430 1995 tius
1453 1964 1625 2004 infigamus
1645 1974 1714 1995 eam
1733 1964 1935 1999 sententiam,
1960 1974 2042 2004 quae
2060 1965 2092 1994 in
2112 1964 2211 1995 sacris
2230 1973 2324 2003 saepe

1367 2007 1522 2038 occurrit:
1546 2007 1644 2038 Nulla
1668 2007 1811 2038 humana
1834 2006 1977 2044 consilia,
2001 2017 2104 2047 neque
2125 2006 2208 2038 ullos
2227 2016 2323 2038 cona-

1368 2055 1420 2080 tus
1439 2060 1531 2089 posse
1551 2050 1620 2080 Deo
1640 2050 1802 2081 resistere:
1826 2049 1858 2079 id
1878 2055 1934 2086 est,
1959 2060 2050 2090 posse
2068 2049 2224 2089 impedire
2242 2058 2324 2089 quae

1368 2092 1452 2132 apud
1473 2103 1505 2123 se
1525 2092 1676 2124 decrevit.
1720 2092 1757 2124 Si
1779 2092 1870 2123 Sauli
1884 2092 1947 2123 Dei
1960 2092 2122 2123 sententia
2134 2103 2198 2123 non
2211 2092 2325 2123 fuisset

1368 2136 1521 2175 abrogata
1544 2135 1633 2176 regia
1656 2135 1805 2176 dignitas,
1837 2140 1868 2165 et
1891 2135 1918 2165 si
1941 2146 2005 2166 non
2028 2135 2203 2175 accepisset
2226 2145 2244 2166 a
2267 2133 2325 2166 Sa-

1369 2179 1472 2208 muele
1491 2178 1647 2218 propheta
1665 2177 1784 2209 decreti
1805 2177 1908 2208 divini
1922 2178 2180 2216 declarationem,
2200 2182 2325 2217 poterat

1369 2220 1511 2251 humana
1540 2220 1676 2261 quadam
1705 2220 1876 2260 prudentia
1899 2220 2058 2252 Davidem
2081 2221 2199 2258 fovere,
2229 2225 2262 2251 et
2284 2219 2324 2252 ad

1368 2263 1490 2302 aliquos
1517 2263 1654 2295 honores
1683 2273 1882 2304 promovere,
1912 2274 1974 2304 quo
1995 2263 2078 2295 facto
2101 2263 2161 2294 sibi
2185 2263 2325 2304 gratiam

1368 2305 1451 2346 apud
1475 2306 1629 2347 populum
1651 2306 1860 2344 conciliasset,
1895 2312 1931 2337 ut
1952 2307 2005 2347 qui
2027 2311 2155 2347 gratum
2179 2306 2325 2338 animum

1368 2349 1396 2379 ei
1429 2349 1605 2387 exhiberet,
1639 2349 1729 2380 cuius
1761 2349 1883 2380 auxilio
1917 2349 2052 2380 victoria
2085 2354 2177 2389 parta
2210 2349 2324 2380 fuerat.

1369 2390 1433 2423 Sed
1457 2401 1554 2431 quum
1579 2392 1662 2432 apud
1686 2402 1720 2423 se
1742 2402 1874 2423 manere
1895 2391 1991 2430 iubet,
2013 2391 2059 2424 sic
2082 2396 2118 2422 ut
2136 2402 2176 2422 ne
2194 2391 2324 2432 prodire

1367 2433 1495 2474 quidem
1519 2435 1588 2466 sine
1610 2435 1771 2466 mandato
1785 2435 1896 2475 possit,
1928 2439 1960 2465 et
1982 2439 2135 2474 tanquam
2159 2434 2324 2475 captivum

1368 2476 1494 2515 retinet,
1516 2478 1577 2509 etsi
1596 2488 1690 2509 suum
1709 2477 1878 2509 consilium
1898 2487 1962 2508 non
1982 2478 2096 2517 prodit,
2119 2477 2198 2508 satis
2217 2484 2324 2508 tamen

1368 2524 1499 2559 apparet
1522 2530 1559 2551 ea
1581 2525 1691 2552 mente
1712 2520 1817 2561 ipsum
1840 2521 1952 2557 facere,
1976 2525 2012 2550 ut
2034 2519 2194 2551 Davidem
2218 2524 2326 2552 arceat

1368 2571 1387 2593 a
1415 2562 1504 2603 regia
1533 2562 1699 2604 dignitate,
1730 2573 1771 2594 ne
1792 2562 1854 2594 sibi
1876 2562 2034 2600 succedat,
2065 2568 2097 2594 et
2118 2562 2206 2594 illam
2229 2562 2325 2594 Iona-

1369 2604 1469 2636 thano
1489 2604 1556 2636 filio
1578 2616 1637 2637 suo
1659 2606 1845 2647 praeripiat.
1889 2605 2182 2638 Verumenimvero
2204 2606 2326 2637 frustra

1369 2646 1510 2688 laborat3
1531 2648 1616 2689 quod
1634 2649 1750 2680 metuit
1767 2648 1896 2680 eveniat
1914 2652 2056 2689 oportet:
2079 2658 2139 2680 nec
2155 2648 2225 2690 ipse
2244 2647 2324 2680 Saul
