<?xml version="1.0" encoding="UTF-8"?>
<!DOCTYPE html PUBLIC "-//W3C//DTD XHTML 1.0 Transitional//EN"
    "http://www.w3.org/TR/xhtml1/DTD/xhtml1-transitional.dtd">
<html xmlns="http://www.w3.org/1999/xhtml" xml:lang="en" lang="en">
 <head>
  <title>
</title>
<meta http-equiv="Content-Type" content="text/html;charset=utf-8" />
  <meta name='ocr-system' content='tesseract 3.04.00' />
  <meta name='ocr-capabilities' content='ocr_page ocr_carea ocr_par ocr_line ocrx_word'/>
</head>
<body>
  <div class='ocr_page' id='page_1' title='image "./ioanniscalviniop30calv_0138.png"; bbox 0 0 2551 3044; ppageno 0'>
   <div class='ocr_carea' id='block_1_1' title="bbox 381 238 446 267">
    <p class='ocr_par' dir='ltr' id='par_1_1' title="bbox 381 238 446 267">
     <span class='ocr_line' id='line_1_1' title="bbox 381 238 446 267; baseline -0.031 0"><span class='ocrx_word' id='word_1_1' title='bbox 381 238 446 267; x_wconf 64' lang='lat'>1255»</span> 
     </span>
    </p>
   </div>
   <div class='ocr_carea' id='block_1_2' title="bbox 383 327 1372 2719">
    <p class='ocr_par' dir='ltr' id='par_1_2' title="bbox 383 327 1368 1308">
     <span class='ocr_line' id='line_1_2' title="bbox 383 327 1368 379; baseline -0.003 -16"><span class='ocrx_word' id='word_1_2' title='bbox 383 342 452 363; x_wconf 85' lang='lat' dir='ltr'>esse</span> <span class='ocrx_word' id='word_1_3' title='bbox 483 339 671 379; x_wconf 81' lang='lat' dir='ltr'>propensos,</span> <span class='ocrx_word' id='word_1_4' title='bbox 702 333 734 358; x_wconf 90' lang='lat' dir='ltr'>ct</span> <span class='ocrx_word' id='word_1_5' title='bbox 764 327 926 369; x_wconf 86' lang='lat' dir='ltr'>indignari</span> <span class='ocrx_word' id='word_1_6' title='bbox 959 329 1018 360; x_wconf 88' lang='lat' dir='ltr'>nisi</span> <span class='ocrx_word' id='word_1_7' title='bbox 1051 328 1089 359; x_wconf 72' lang='grc'>-111</span> <span class='ocrx_word' id='word_1_8' title='bbox 1114 328 1239 360; x_wconf 92' lang='lat' dir='ltr'>libitum</span> <span class='ocrx_word' id='word_1_9' title='bbox 1263 330 1340 369; x_wconf 84' lang='lat' dir='ltr'>ipsis</span> <span class='ocrx_word' id='word_1_10' title='bbox 1366 347 1368 371; x_wconf 77' lang='grc'>,</span> 
     </span>
     <span class='ocr_line' id='line_1_3' title="bbox 384 354 1367 413; baseline -0.004 -9"><span class='ocrx_word' id='word_1_11' title='bbox 384 373 491 405; x_wconf 86' lang='lat' dir='ltr'>omnia</span> <span class='ocrx_word' id='word_1_12' title='bbox 525 371 731 411; x_wconf 77' lang='lat' dir='ltr'>gratificeris.</span> <span class='ocrx_word' id='word_1_13' title='bbox 765 371 819 411; x_wconf 91' lang='lat' dir='ltr'>qui</span> <span class='ocrx_word' id='word_1_14' title='bbox 834 354 978 402; x_wconf 62' lang='lat' dir='ltr'>¹⁵morbus</span> <span class='ocrx_word' id='word_1_15' title='bbox 1008 382 1079 402; x_wconf 85' lang='grc'>011111</span> <span class='ocrx_word' id='word_1_16' title='bbox 1110 378 1215 402; x_wconf 61' lang='lat' dir='ltr'>aetate</span> <span class='ocrx_word' id='word_1_17' title='bbox 1237 373 1341 413; x_wconf 85' lang='lat' dir='ltr'>magis</span> <span class='ocrx_word' id='word_1_18' title='bbox 1366 374 1367 400; x_wconf 66' lang='lat' dir='ltr'>l</span> 
     </span>
     <span class='ocr_line' id='line_1_4' title="bbox 385 412 1367 456; baseline -0.001 -9"><span class='ocrx_word' id='word_1_19' title='bbox 385 415 563 448; x_wconf 84' lang='lat' dir='ltr'>invalescit.</span> <span class='ocrx_word' id='word_1_20' title='bbox 609 413 692 445; x_wconf 81' lang='lat' dir='ltr'>Nam</span> <span class='ocrx_word' id='word_1_21' title='bbox 712 413 844 444; x_wconf 76' lang='lat' dir='ltr'><strong>ambitio</strong></span> <span class='ocrx_word' id='word_1_22' title='bbox 863 421 895 445; x_wconf 92' lang='lat' dir='ltr'>et</span> <span class='ocrx_word' id='word_1_23' title='bbox 914 414 1070 445; x_wconf 89' lang='lat' dir='ltr'>honorum</span> <span class='ocrx_word' id='word_1_24' title='bbox 1090 414 1247 454; x_wconf 79' lang='lat' dir='ltr'>cupiditas</span> <span class='ocrx_word' id='word_1_25' title='bbox 1266 425 1340 446; x_wconf 92' lang='lat' dir='ltr'>con·</span> <span class='ocrx_word' id='word_1_26' title='bbox 1366 412 1367 456; x_wconf 52' lang='lat' dir='ltr'>i</span> 
     </span>
     <span class='ocr_line' id='line_1_5' title="bbox 385 456 1367 497; baseline -0.002 -7"><span class='ocrx_word' id='word_1_27' title='bbox 385 466 542 497; x_wconf 88' lang='lat' dir='ltr'>temptum</span> <span class='ocrx_word' id='word_1_28' title='bbox 574 457 708 487; x_wconf 83' lang='lat' dir='ltr'>aliorum</span> <span class='ocrx_word' id='word_1_29' title='bbox 739 456 839 496; x_wconf 88' lang='lat' dir='ltr'>parit,</span> <span class='ocrx_word' id='word_1_30' title='bbox 870 463 901 487; x_wconf 89' lang='lat' dir='ltr'>et</span> <span class='ocrx_word' id='word_1_31' title='bbox 931 457 1063 488; x_wconf 91' lang='lat' dir='ltr'>aliorum</span> <span class='ocrx_word' id='word_1_32' title='bbox 1089 456 1288 488; x_wconf 89' lang='lat' dir='ltr'>incommodo</span> <span class='ocrx_word' id='word_1_33' title='bbox 1311 460 1367 488; x_wconf 66' lang='lat' dir='ltr'>et*</span> 
     </span>
     <span class='ocr_line' id='line_1_6' title="bbox 385 498 1367 540; baseline 0 -8"><span class='ocrx_word' id='word_1_34' title='bbox 385 502 580 532; x_wconf 85' lang='lat' dir='ltr'>detrimento</span> <span class='ocrx_word' id='word_1_35' title='bbox 613 499 671 530; x_wconf 87' lang='lat' dir='ltr'>sibi</span> <span class='ocrx_word' id='word_1_36' title='bbox 703 498 742 529; x_wconf 89' lang='lat' dir='ltr'>ad</span> <span class='ocrx_word' id='word_1_37' title='bbox 774 499 910 531; x_wconf 85' lang='lat' dir='ltr'>honores</span> <span class='ocrx_word' id='word_1_38' title='bbox 935 502 1017 530; x_wconf 81' lang='lat' dir='ltr'>viam</span> <span class='ocrx_word' id='word_1_39' title='bbox 1041 500 1147 530; x_wconf 86' lang='lat' dir='ltr'>struit.</span> <span class='ocrx_word' id='word_1_40' title='bbox 1196 499 1367 540; x_wconf 60' lang='lat' dir='ltr'>Denique*</span> 
     </span>
     <span class='ocr_line' id='line_1_7' title="bbox 385 541 1368 584; baseline 0 -10"><span class='ocrx_word' id='word_1_41' title='bbox 385 552 594 584; x_wconf 87' lang='lat' dir='ltr'>quaecunque</span> <span class='ocrx_word' id='word_1_42' title='bbox 617 542 775 573; x_wconf 76' lang='lat' dir='ltr'>amicitiae</span> <span class='ocrx_word' id='word_1_43' title='bbox 794 541 855 572; x_wconf 85' lang='lat' dir='ltr'>alio</span> <span class='ocrx_word' id='word_1_44' title='bbox 875 553 970 582; x_wconf 86' lang='lat' dir='ltr'>quam</span> <span class='ocrx_word' id='word_1_45' title='bbox 992 543 1058 573; x_wconf 88' lang='lat' dir='ltr'>Deo</span> <span class='ocrx_word' id='word_1_46' title='bbox 1080 548 1112 572; x_wconf 91' lang='lat' dir='ltr'>nt</span> <span class='ocrx_word' id='word_1_47' title='bbox 1132 542 1341 574; x_wconf 85' lang='lat' dir='ltr'>fundamento</span> <span class='ocrx_word' id='word_1_48' title='bbox 1366 546 1368 570; x_wconf 66' lang='grc' dir='ltr'>ὲ</span> 
     </span>
     <span class='ocr_line' id='line_1_8' title="bbox 386 584 1367 624; baseline 0 -8"><span class='ocrx_word' id='word_1_49' title='bbox 386 587 545 621; x_wconf 75' lang='lat' dir='ltr'>nituntur,</span> <span class='ocrx_word' id='word_1_50' title='bbox 576 592 606 615; x_wconf 87' lang='lat' dir='ltr'>et</span> <span class='ocrx_word' id='word_1_51' title='bbox 629 595 711 624; x_wconf 89' lang='lat' dir='ltr'>quae</span> <span class='ocrx_word' id='word_1_52' title='bbox 733 584 772 615; x_wconf 90' lang='lat' dir='ltr'>ad</span> <span class='ocrx_word' id='word_1_53' title='bbox 795 585 899 624; x_wconf 86' lang='lat' dir='ltr'>ipsum</span> <span class='ocrx_word' id='word_1_54' title='bbox 926 592 959 616; x_wconf 94' lang='lat' dir='ltr'>ut</span> <span class='ocrx_word' id='word_1_55' title='bbox 985 586 1078 616; x_wconf 88' lang='lat' dir='ltr'>finem</span> <span class='ocrx_word' id='word_1_56' title='bbox 1103 585 1253 615; x_wconf 87' lang='lat' dir='ltr'>ultimum</span> <span class='ocrx_word' id='word_1_57' title='bbox 1276 596 1340 616; x_wconf 94' lang='lat' dir='ltr'>non</span> <span class='ocrx_word' id='word_1_58' title='bbox 1366 589 1367 592; x_wconf 76' lang='grc'>’</span> 
     </span>
     <span class='ocr_line' id='line_1_9' title="bbox 386 626 1341 667; baseline -0.002 -7"><span class='ocrx_word' id='word_1_59' title='bbox 386 630 581 663; x_wconf 80' lang='lat' dir='ltr'>referuntur,</span> <span class='ocrx_word' id='word_1_60' title='bbox 606 626 777 658; x_wconf 73' lang='lat' dir='ltr'>simulatae</span> <span class='ocrx_word' id='word_1_61' title='bbox 799 635 875 658; x_wconf 87' lang='lat' dir='ltr'>sunt</span> <span class='ocrx_word' id='word_1_62' title='bbox 897 635 928 658; x_wconf 90' lang='lat' dir='ltr'>et</span> <span class='ocrx_word' id='word_1_63' title='bbox 948 629 1079 658; x_wconf 78' lang='lat' dir='ltr'>fucatae.</span> <span class='ocrx_word' id='word_1_64' title='bbox 1125 627 1236 667; x_wconf 83' lang='lat' dir='ltr'>Neque</span> <span class='ocrx_word' id='word_1_65' title='bbox 1254 629 1341 659; x_wconf 89' lang='lat' dir='ltr'>enim</span> 
     </span>
     <span class='ocr_line' id='line_1_10' title="bbox 384 668 1367 711; baseline -0.001 -8"><span class='ocrx_word' id='word_1_66' title='bbox 384 672 515 703; x_wconf 86' lang='lat' dir='ltr'>illarum</span> <span class='ocrx_word' id='word_1_67' title='bbox 541 670 743 710; x_wconf 87' lang='lat' dir='ltr'>principium,</span> <span class='ocrx_word' id='word_1_68' title='bbox 773 676 809 702; x_wconf 86' lang='lat' dir='ltr'>ut</span> <span class='ocrx_word' id='word_1_69' title='bbox 832 670 906 707; x_wconf 82' lang='lat' dir='ltr'>dixi,</span> <span class='ocrx_word' id='word_1_70' title='bbox 939 670 1054 701; x_wconf 90' lang='lat' dir='ltr'>bonum</span> <span class='ocrx_word' id='word_1_71' title='bbox 1079 676 1125 700; x_wconf 88' lang='lat' dir='ltr'>est</span> <span class='ocrx_word' id='word_1_72' title='bbox 1149 680 1252 711; x_wconf 87' lang='lat' dir='ltr'>neque</span> <span class='ocrx_word' id='word_1_73' title='bbox 1274 681 1341 702; x_wconf 91' lang='lat' dir='ltr'>rec·</span> <span class='ocrx_word' id='word_1_74' title='bbox 1366 668 1367 695; x_wconf 59' lang='grc' dir='ltr'>ἶ</span> 
     </span>
     <span class='ocr_line' id='line_1_11' title="bbox 385 712 1340 750; baseline -0.001 -5"><span class='ocrx_word' id='word_1_75' title='bbox 385 721 469 746; x_wconf 89' lang='lat' dir='ltr'>tum:</span> <span class='ocrx_word' id='word_1_76' title='bbox 502 712 615 744; x_wconf 87' lang='lat' dir='ltr'>deinde</span> <span class='ocrx_word' id='word_1_77' title='bbox 638 713 731 744; x_wconf 84' lang='lat' dir='ltr'>amici</span> <span class='ocrx_word' id='word_1_78' title='bbox 754 723 788 744; x_wconf 86' lang='lat' dir='ltr'>se</span> <span class='ocrx_word' id='word_1_79' title='bbox 807 713 907 744; x_wconf 83' lang='lat' dir='ltr'>amari</span> <span class='ocrx_word' id='word_1_80' title='bbox 927 714 965 744; x_wconf 88' lang='lat' dir='ltr'>ab</span> <span class='ocrx_word' id='word_1_81' title='bbox 985 713 1094 744; x_wconf 88' lang='lat' dir='ltr'>amicis</span> <span class='ocrx_word' id='word_1_82' title='bbox 1113 723 1177 744; x_wconf 89' lang='lat' dir='ltr'>non</span> <span class='ocrx_word' id='word_1_83' title='bbox 1197 713 1340 750; x_wconf 90' lang='lat' dir='ltr'>credunt,</span> 
     </span>
     <span class='ocr_line' id='line_1_12' title="bbox 386 755 1341 796; baseline -0.001 -8"><span class='ocrx_word' id='word_1_84' title='bbox 386 757 446 788; x_wconf 89' lang='lat' dir='ltr'>nisi</span> <span class='ocrx_word' id='word_1_85' title='bbox 476 755 515 787; x_wconf 87' lang='lat' dir='ltr'>ad</span> <span class='ocrx_word' id='word_1_86' title='bbox 546 756 667 786; x_wconf 88' lang='lat' dir='ltr'>malum</span> <span class='ocrx_word' id='word_1_87' title='bbox 695 755 773 796; x_wconf 88' lang='lat' dir='ltr'>ipsis</span> <span class='ocrx_word' id='word_1_88' title='bbox 796 766 888 787; x_wconf 88' lang='lat' dir='ltr'>suam</span> <span class='ocrx_word' id='word_1_89' title='bbox 912 766 1040 795; x_wconf 85' lang='lat' dir='ltr'>operam</span> <span class='ocrx_word' id='word_1_90' title='bbox 1065 763 1193 793; x_wconf 80' lang='lat' dir='ltr'>navent,</span> <span class='ocrx_word' id='word_1_91' title='bbox 1229 762 1261 786; x_wconf 89' lang='lat' dir='ltr'>et</span> <span class='ocrx_word' id='word_1_92' title='bbox 1283 766 1341 787; x_wconf 88' lang='lat' dir='ltr'>sua</span> 
     </span>
     <span class='ocr_line' id='line_1_13' title="bbox 385 797 1367 840; baseline -0.004 -8"><span class='ocrx_word' id='word_1_93' title='bbox 385 800 507 840; x_wconf 83' lang='lat' dir='ltr'>flagitia</span> <span class='ocrx_word' id='word_1_94' title='bbox 531 804 656 838; x_wconf 77' lang='lat' dir='ltr'>tegant:</span> <span class='ocrx_word' id='word_1_95' title='bbox 681 808 718 830; x_wconf 90' lang='lat' dir='ltr'>ac</span> <span class='ocrx_word' id='word_1_96' title='bbox 740 797 873 839; x_wconf 84' lang='lat' dir='ltr'>proinde</span> <span class='ocrx_word' id='word_1_97' title='bbox 897 799 977 829; x_wconf 90' lang='lat' dir='ltr'>tales</span> <span class='ocrx_word' id='word_1_98' title='bbox 1000 798 1157 829; x_wconf 82' lang='lat' dir='ltr'>amicitiae</span> <span class='ocrx_word' id='word_1_99' title='bbox 1181 799 1213 829; x_wconf 92' lang='lat' dir='ltr'>in</span> <span class='ocrx_word' id='word_1_100' title='bbox 1234 798 1339 830; x_wconf 90' lang='lat' dir='ltr'>Deum</span> <span class='ocrx_word' id='word_1_101' title='bbox 1365 816 1367 828; x_wconf 72' lang='grc'>1</span> 
     </span>
     <span class='ocr_line' id='line_1_14' title="bbox 385 841 1339 883; baseline -0.001 -10"><span class='ocrx_word' id='word_1_102' title='bbox 385 844 490 883; x_wconf 89' lang='lat' dir='ltr'>ipsum</span> <span class='ocrx_word' id='word_1_103' title='bbox 514 849 545 872; x_wconf 88' lang='lat' dir='ltr'>et</span> <span class='ocrx_word' id='word_1_104' title='bbox 568 843 601 872; x_wconf 92' lang='lat' dir='ltr'>in</span> <span class='ocrx_word' id='word_1_105' title='bbox 625 841 675 872; x_wconf 90' lang='lat' dir='ltr'>ius</span> <span class='ocrx_word' id='word_1_106' title='bbox 693 847 725 872; x_wconf 91' lang='lat' dir='ltr'>et</span> <span class='ocrx_word' id='word_1_107' title='bbox 743 841 936 881; x_wconf 81' lang='lat' dir='ltr'>aequitatem</span> <span class='ocrx_word' id='word_1_108' title='bbox 957 847 1103 881; x_wconf 88' lang='lat' dir='ltr'>peccaut:</span> <span class='ocrx_word' id='word_1_109' title='bbox 1128 847 1159 872; x_wconf 88' lang='lat' dir='ltr'>et</span> <span class='ocrx_word' id='word_1_110' title='bbox 1179 841 1258 872; x_wconf 90' lang='lat' dir='ltr'>nihil</span> <span class='ocrx_word' id='word_1_111' title='bbox 1278 841 1339 872; x_wconf 90' lang='lat' dir='ltr'>nisi</span> 
     </span>
     <span class='ocr_line' id='line_1_15' title="bbox 385 883 1367 923; baseline -0.001 -8"><span class='ocrx_word' id='word_1_112' title='bbox 385 886 512 916; x_wconf 83' lang='lat' dir='ltr'>vanitas</span> <span class='ocrx_word' id='word_1_113' title='bbox 526 891 613 919; x_wconf 87' lang='lat' dir='ltr'>sunt,</span> <span class='ocrx_word' id='word_1_114' title='bbox 636 883 720 923; x_wconf 89' lang='lat' dir='ltr'>quod</span> <span class='ocrx_word' id='word_1_115' title='bbox 734 883 880 915; x_wconf 88' lang='lat' dir='ltr'>homines</span> <span class='ocrx_word' id='word_1_116' title='bbox 892 884 955 914; x_wconf 85' lang='lat' dir='ltr'>sint</span> <span class='ocrx_word' id='word_1_117' title='bbox 969 884 1169 923; x_wconf 82' lang='lat' dir='ltr'>suiipsorum</span> <span class='ocrx_word' id='word_1_118' title='bbox 1184 889 1339 915; x_wconf 88' lang='lat' dir='ltr'>amantes.</span> <span class='ocrx_word' id='word_1_119' title='bbox 1365 906 1367 911; x_wconf 68' lang='lat'>,</span> 
     </span>
     <span class='ocr_line' id='line_1_16' title="bbox 385 926 1341 967; baseline 0 -10"><span class='ocrx_word' id='word_1_120' title='bbox 385 927 580 967; x_wconf 81' lang='lat' dir='ltr'>Quanquam</span> <span class='ocrx_word' id='word_1_121' title='bbox 621 926 759 967; x_wconf 88' lang='lat' dir='ltr'>alioquin</span> <span class='ocrx_word' id='word_1_122' title='bbox 801 926 941 957; x_wconf 86' lang='lat' dir='ltr'>amicitia</span> <span class='ocrx_word' id='word_1_123' title='bbox 978 932 1027 957; x_wconf 91' lang='lat' dir='ltr'>est</span> <span class='ocrx_word' id='word_1_124' title='bbox 1059 927 1223 967; x_wconf 86' lang='lat' dir='ltr'>singulare</span> <span class='ocrx_word' id='word_1_125' title='bbox 1257 927 1341 957; x_wconf 90' lang='lat' dir='ltr'>inter</span> 
     </span>
     <span class='ocr_line' id='line_1_17' title="bbox 385 968 1339 1010; baseline -0.001 -9"><span class='ocrx_word' id='word_1_126' title='bbox 385 970 532 1002; x_wconf 88' lang='lat' dir='ltr'>homines</span> <span class='ocrx_word' id='word_1_127' title='bbox 562 969 691 1006; x_wconf 88' lang='lat' dir='ltr'>bonum,</span> <span class='ocrx_word' id='word_1_128' title='bbox 722 969 816 1000; x_wconf 91' lang='lat' dir='ltr'>modo</span> <span class='ocrx_word' id='word_1_129' title='bbox 847 969 885 1000; x_wconf 83' lang='lat' dir='ltr'>ad</span> <span class='ocrx_word' id='word_1_130' title='bbox 918 969 976 1000; x_wconf 89' lang='lat' dir='ltr'>Dei</span> <span class='ocrx_word' id='word_1_131' title='bbox 1005 968 1125 1000; x_wconf 89' lang='lat' dir='ltr'>cultum</span> <span class='ocrx_word' id='word_1_132' title='bbox 1149 975 1182 1000; x_wconf 87' lang='lat' dir='ltr'>et</span> <span class='ocrx_word' id='word_1_133' title='bbox 1205 969 1339 1010; x_wconf 82' lang='lat' dir='ltr'>gloriam</span> 
     </span>
     <span class='ocr_line' id='line_1_18' title="bbox 384 1011 1341 1053; baseline -0.002 -9"><span class='ocrx_word' id='word_1_134' title='bbox 384 1013 553 1045; x_wconf 82' lang='lat' dir='ltr'>referatur.</span> <span class='ocrx_word' id='word_1_135' title='bbox 599 1011 773 1053; x_wconf 84' lang='lat' dir='ltr'>Singulare</span> <span class='ocrx_word' id='word_1_136' title='bbox 806 1012 935 1051; x_wconf 86' lang='lat' dir='ltr'>inquam</span> <span class='ocrx_word' id='word_1_137' title='bbox 970 1011 1086 1042; x_wconf 92' lang='lat' dir='ltr'>bonum</span> <span class='ocrx_word' id='word_1_138' title='bbox 1120 1012 1201 1051; x_wconf 91' lang='lat' dir='ltr'>quod</span> <span class='ocrx_word' id='word_1_139' title='bbox 1237 1022 1341 1052; x_wconf 86' lang='lat' dir='ltr'>neque</span> 
     </span>
     <span class='ocr_line' id='line_1_19' title="bbox 384 1054 1340 1096; baseline -0.002 -8"><span class='ocrx_word' id='word_1_140' title='bbox 384 1066 477 1096; x_wconf 86' lang='lat' dir='ltr'>reges</span> <span class='ocrx_word' id='word_1_141' title='bbox 513 1065 615 1094; x_wconf 89' lang='lat' dir='ltr'>neque</span> <span class='ocrx_word' id='word_1_142' title='bbox 638 1055 798 1095; x_wconf 80' lang='lat' dir='ltr'>principes</span> <span class='ocrx_word' id='word_1_143' title='bbox 821 1065 879 1085; x_wconf 87' lang='lat' dir='ltr'>sua</span> <span class='ocrx_word' id='word_1_144' title='bbox 902 1054 1081 1086; x_wconf 86' lang='lat' dir='ltr'>conditione</span> <span class='ocrx_word' id='word_1_145' title='bbox 1104 1055 1248 1085; x_wconf 90' lang='lat' dir='ltr'>contenti</span> <span class='ocrx_word' id='word_1_146' title='bbox 1271 1065 1340 1086; x_wconf 86' lang='lat' dir='ltr'>esse</span> 
     </span>
     <span class='ocr_line' id='line_1_20' title="bbox 383 1097 1367 1139; baseline -0.001 -10"><span class='ocrx_word' id='word_1_147' title='bbox 383 1099 507 1139; x_wconf 81' lang='lat' dir='ltr'>possint</span> <span class='ocrx_word' id='word_1_148' title='bbox 531 1098 589 1128; x_wconf 86' lang='lat' dir='ltr'>nisi</span> <span class='ocrx_word' id='word_1_149' title='bbox 615 1104 771 1133; x_wconf 80' lang='lat' dir='ltr'>amentur,</span> <span class='ocrx_word' id='word_1_150' title='bbox 799 1103 829 1127; x_wconf 90' lang='lat' dir='ltr'>et</span> <span class='ocrx_word' id='word_1_151' title='bbox 852 1097 990 1128; x_wconf 83' lang='lat' dir='ltr'>habeant</span> <span class='ocrx_word' id='word_1_152' title='bbox 1011 1097 1128 1128; x_wconf 89' lang='lat' dir='ltr'>amicos</span> <span class='ocrx_word' id='word_1_153' title='bbox 1151 1098 1340 1137; x_wconf 78' lang='lat' dir='ltr'>quibuscum</span> <span class='ocrx_word' id='word_1_154' title='bbox 1365 1101 1367 1120; x_wconf 60' lang='grc' dir='ltr'><em>ἒ</em></span> 
     </span>
     <span class='ocr_line' id='line_1_21' title="bbox 384 1139 1338 1173; baseline -0.001 -1"><span class='ocrx_word' id='word_1_155' title='bbox 384 1151 442 1173; x_wconf 87' lang='lat' dir='ltr'>sua</span> <span class='ocrx_word' id='word_1_156' title='bbox 472 1140 711 1171; x_wconf 79' lang='lat' dir='ltr'>communicent</span> <span class='ocrx_word' id='word_1_157' title='bbox 733 1139 944 1171; x_wconf 82' lang='lat' dir='ltr'>familiariter.</span> <span class='ocrx_word' id='word_1_158' title='bbox 990 1140 1037 1171; x_wconf 84' lang='lat' dir='ltr'>Ac</span> <span class='ocrx_word' id='word_1_159' title='bbox 1060 1150 1137 1171; x_wconf 86' lang='lat' dir='ltr'>sane</span> <span class='ocrx_word' id='word_1_160' title='bbox 1160 1141 1213 1171; x_wconf 80' lang='lat' dir='ltr'>vix</span> <span class='ocrx_word' id='word_1_161' title='bbox 1238 1140 1338 1171; x_wconf 93' lang='lat' dir='ltr'>ullum</span> 
     </span>
     <span class='ocr_line' id='line_1_22' title="bbox 384 1182 1339 1222; baseline -0.002 -7"><span class='ocrx_word' id='word_1_162' title='bbox 384 1185 418 1215; x_wconf 90' lang='lat' dir='ltr'>in</span> <span class='ocrx_word' id='word_1_163' title='bbox 442 1182 561 1214; x_wconf 82' lang='lat' dir='ltr'>mundo</span> <span class='ocrx_word' id='word_1_164' title='bbox 586 1183 726 1222; x_wconf 82' lang='lat' dir='ltr'>reperias</span> <span class='ocrx_word' id='word_1_165' title='bbox 749 1183 817 1214; x_wconf 89' lang='lat' dir='ltr'>sine</span> <span class='ocrx_word' id='word_1_166' title='bbox 836 1183 984 1213; x_wconf 89' lang='lat' dir='ltr'>amicitia.</span> <span class='ocrx_word' id='word_1_167' title='bbox 1007 1193 1100 1222; x_wconf 90' lang='lat' dir='ltr'>quem</span> <span class='ocrx_word' id='word_1_168' title='bbox 1120 1183 1151 1213; x_wconf 90' lang='lat' dir='ltr'>in</span> <span class='ocrx_word' id='word_1_169' title='bbox 1172 1183 1339 1213; x_wconf 81' lang='lat' dir='ltr'>hominum</span> 
     </span>
     <span class='ocr_line' id='line_1_23' title="bbox 384 1221 1366 1265; baseline -0.002 -7"><span class='ocrx_word' id='word_1_170' title='bbox 384 1227 501 1259; x_wconf 89' lang='lat' dir='ltr'>animis</span> <span class='ocrx_word' id='word_1_171' title='bbox 531 1225 682 1256; x_wconf 83' lang='lat' dir='ltr'>affectum</span> <span class='ocrx_word' id='word_1_172' title='bbox 713 1225 781 1265; x_wconf 87' lang='lat' dir='ltr'>ipse</span> <span class='ocrx_word' id='word_1_173' title='bbox 813 1224 901 1256; x_wconf 92' lang='lat' dir='ltr'>Deus</span> <span class='ocrx_word' id='word_1_174' title='bbox 932 1225 1108 1264; x_wconf 79' lang='lat' dir='ltr'>insculpsit.</span> <span class='ocrx_word' id='word_1_175' title='bbox 1153 1225 1339 1257; x_wconf 75' lang='lat' dir='ltr'>Amicitiam</span> <span class='ocrx_word' id='word_1_176' title='bbox 1365 1221 1366 1252; x_wconf 66' lang='grc' dir='ltr'><strong>ἶ</strong></span> 
     </span>
     <span class='ocr_line' id='line_1_24' title="bbox 384 1268 1340 1308; baseline -0.002 -6"><span class='ocrx_word' id='word_1_177' title='bbox 384 1276 494 1302; x_wconf 88' lang='lat' dir='ltr'>autem</span> <span class='ocrx_word' id='word_1_178' title='bbox 514 1269 566 1300; x_wconf 91' lang='lat' dir='ltr'>hic</span> <span class='ocrx_word' id='word_1_179' title='bbox 586 1279 664 1300; x_wconf 88' lang='lat' dir='ltr'>voco</span> <span class='ocrx_word' id='word_1_180' title='bbox 683 1268 771 1299; x_wconf 86' lang='lat' dir='ltr'>illam</span> <span class='ocrx_word' id='word_1_181' title='bbox 792 1268 971 1298; x_wconf 87' lang='lat' dir='ltr'>animorum</span> <span class='ocrx_word' id='word_1_182' title='bbox 991 1268 1246 1299; x_wconf 85' lang='lat' dir='ltr'>coniunctionem</span> <span class='ocrx_word' id='word_1_183' title='bbox 1260 1279 1340 1308; x_wconf 88' lang='lat' dir='ltr'>quae</span> 
     </span>
    </p>

    <p class='ocr_par' dir='ltr' id='par_1_3' title="bbox 385 1310 1341 1343">
     <span class='ocr_line' id='line_1_25' title="bbox 385 1310 1341 1343; baseline -0.001 0"><span class='ocrx_word' id='word_1_184' title='bbox 385 1314 488 1343; x_wconf 85' lang='lat' dir='ltr'>oritur</span> <span class='ocrx_word' id='word_1_185' title='bbox 511 1322 550 1342; x_wconf 78' lang='lat' dir='ltr'>ex</span> <span class='ocrx_word' id='word_1_186' title='bbox 575 1321 699 1342; x_wconf 91' lang='lat' dir='ltr'>morum</span> <span class='ocrx_word' id='word_1_187' title='bbox 720 1310 939 1342; x_wconf 83' lang='lat' dir='ltr'>similitudine.</span> <span class='ocrx_word' id='word_1_188' title='bbox 962 1317 991 1341; x_wconf 91' lang='lat' dir='ltr'>et</span> <span class='ocrx_word' id='word_1_189' title='bbox 1011 1310 1214 1341; x_wconf 86' lang='lat' dir='ltr'>affectionum</span> <span class='ocrx_word' id='word_1_190' title='bbox 1234 1322 1270 1343; x_wconf 88' lang='lat' dir='ltr'>ac</span> <span class='ocrx_word' id='word_1_191' title='bbox 1289 1322 1341 1342; x_wconf 88' lang='lat' dir='ltr'>vo·</span> 
     </span>
    </p>

    <p class='ocr_par' dir='ltr' id='par_1_4' title="bbox 383 1353 1341 1394">
     <span class='ocr_line' id='line_1_26' title="bbox 383 1353 1341 1394; baseline -0.001 -8"><span class='ocrx_word' id='word_1_192' title='bbox 383 1356 548 1387; x_wconf 87' lang='lat' dir='ltr'>luntatum</span> <span class='ocrx_word' id='word_1_193' title='bbox 567 1364 732 1391; x_wconf 88' lang='lat' dir='ltr'>consensu,</span> <span class='ocrx_word' id='word_1_194' title='bbox 750 1359 785 1384; x_wconf 92' lang='lat' dir='ltr'>ut</span> <span class='ocrx_word' id='word_1_195' title='bbox 806 1364 899 1384; x_wconf 83' lang='lat' dir='ltr'>verus</span> <span class='ocrx_word' id='word_1_196' title='bbox 916 1353 997 1384; x_wconf 86' lang='lat' dir='ltr'>inter</span> <span class='ocrx_word' id='word_1_197' title='bbox 1013 1353 1130 1384; x_wconf 87' lang='lat' dir='ltr'>amieos</span> <span class='ocrx_word' id='word_1_198' title='bbox 1142 1364 1231 1385; x_wconf 88' lang='lat' dir='ltr'>amor</span> <span class='ocrx_word' id='word_1_199' title='bbox 1243 1364 1341 1394; x_wconf 88' lang='lat' dir='ltr'>appa-</span> 
     </span>
    </p>

    <p class='ocr_par' dir='ltr' id='par_1_5' title="bbox 384 1396 1340 1436">
     <span class='ocr_line' id='line_1_27' title="bbox 384 1396 1340 1436; baseline 0 -8"><span class='ocrx_word' id='word_1_200' title='bbox 384 1402 463 1429; x_wconf 89' lang='lat' dir='ltr'>reat.</span> <span class='ocrx_word' id='word_1_201' title='bbox 508 1396 592 1427; x_wconf 88' lang='lat' dir='ltr'>Nam</span> <span class='ocrx_word' id='word_1_202' title='bbox 620 1397 760 1428; x_wconf 88' lang='lat' dir='ltr'>amicitia</span> <span class='ocrx_word' id='word_1_203' title='bbox 783 1406 863 1436; x_wconf 89' lang='lat' dir='ltr'>quae</span> <span class='ocrx_word' id='word_1_204' title='bbox 887 1396 924 1427; x_wconf 84' lang='lat' dir='ltr'>ab</span> <span class='ocrx_word' id='word_1_205' title='bbox 948 1405 1054 1426; x_wconf 86' lang='lat' dir='ltr'>amore</span> <span class='ocrx_word' id='word_1_206' title='bbox 1079 1396 1160 1427; x_wconf 89' lang='lat' dir='ltr'>malo</span> <span class='ocrx_word' id='word_1_207' title='bbox 1184 1402 1215 1427; x_wconf 89' lang='lat' dir='ltr'>et</span> <span class='ocrx_word' id='word_1_208' title='bbox 1238 1396 1340 1428; x_wconf 90' lang='lat' dir='ltr'>detes-</span> 
     </span>
    </p>

    <p class='ocr_par' dir='ltr' id='par_1_6' title="bbox 385 1438 1341 1478">
     <span class='ocr_line' id='line_1_28' title="bbox 385 1438 1341 1478; baseline -0.002 -6"><span class='ocrx_word' id='word_1_209' title='bbox 385 1438 483 1472; x_wconf 81' lang='lat' dir='ltr'>tando</span> <span class='ocrx_word' id='word_1_210' title='bbox 509 1439 662 1478; x_wconf 88' lang='lat' dir='ltr'>nascitur,</span> <span class='ocrx_word' id='word_1_211' title='bbox 692 1445 727 1470; x_wconf 87' lang='lat' dir='ltr'>ut</span> <span class='ocrx_word' id='word_1_212' title='bbox 749 1439 829 1470; x_wconf 87' lang='lat' dir='ltr'>vitia</span> <span class='ocrx_word' id='word_1_213' title='bbox 853 1438 1029 1474; x_wconf 86' lang='lat' dir='ltr'>foveantur,</span> <span class='ocrx_word' id='word_1_214' title='bbox 1060 1438 1129 1469; x_wconf 90' lang='lat' dir='ltr'>Deo</span> <span class='ocrx_word' id='word_1_215' title='bbox 1152 1446 1183 1469; x_wconf 89' lang='lat' dir='ltr'>et</span> <span class='ocrx_word' id='word_1_216' title='bbox 1208 1446 1341 1470; x_wconf 87' lang='lat' dir='ltr'>naturae</span> 
     </span>
    </p>

    <p class='ocr_par' dir='ltr' id='par_1_7' title="bbox 384 1481 1341 1516">
     <span class='ocr_line' id='line_1_29' title="bbox 384 1481 1341 1516; baseline 0.001 -4"><span class='ocrx_word' id='word_1_217' title='bbox 384 1483 546 1516; x_wconf 77' lang='lat' dir='ltr'>contraria</span> <span class='ocrx_word' id='word_1_218' title='bbox 580 1488 636 1512; x_wconf 84' lang='lat' dir='ltr'>cst.</span> <span class='ocrx_word' id='word_1_219' title='bbox 683 1481 747 1513; x_wconf 79' lang='lat' dir='ltr'>Sed</span> <span class='ocrx_word' id='word_1_220' title='bbox 772 1482 823 1512; x_wconf 90' lang='lat' dir='ltr'>ubi</span> <span class='ocrx_word' id='word_1_221' title='bbox 847 1482 976 1512; x_wconf 87' lang='lat' dir='ltr'>virtutis</span> <span class='ocrx_word' id='word_1_222' title='bbox 999 1491 1106 1511; x_wconf 85' lang='lat' dir='ltr'>amore</span> <span class='ocrx_word' id='word_1_223' title='bbox 1129 1482 1341 1513; x_wconf 82' lang='lat' dir='ltr'>conciliantur</span> 
     </span>
    </p>

    <p class='ocr_par' dir='ltr' id='par_1_8' title="bbox 386 1524 1340 1564">
     <span class='ocr_line' id='line_1_30' title="bbox 386 1524 1340 1564; baseline 0 -9"><span class='ocrx_word' id='word_1_224' title='bbox 386 1525 555 1562; x_wconf 82' lang='lat' dir='ltr'>amicitiae,</span> <span class='ocrx_word' id='word_1_225' title='bbox 585 1530 616 1555; x_wconf 89' lang='lat' dir='ltr'>et</span> <span class='ocrx_word' id='word_1_226' title='bbox 646 1524 734 1555; x_wconf 89' lang='lat' dir='ltr'>Dens</span> <span class='ocrx_word' id='word_1_227' title='bbox 758 1524 878 1564; x_wconf 87' lang='lat' dir='ltr'>primas</span> <span class='ocrx_word' id='word_1_228' title='bbox 900 1524 932 1554; x_wconf 90' lang='lat' dir='ltr'>in</span> <span class='ocrx_word' id='word_1_229' title='bbox 955 1534 1062 1554; x_wconf 84' lang='lat' dir='ltr'>amore</span> <span class='ocrx_word' id='word_1_230' title='bbox 1086 1530 1191 1563; x_wconf 87' lang='lat' dir='ltr'>partes</span> <span class='ocrx_word' id='word_1_231' title='bbox 1215 1525 1340 1561; x_wconf 85' lang='lat' dir='ltr'>retinet,</span> 
     </span>
    </p>

    <p class='ocr_par' dir='ltr' id='par_1_9' title="bbox 386 1566 1339 1607">
     <span class='ocr_line' id='line_1_31' title="bbox 386 1566 1339 1607; baseline -0.001 -7"><span class='ocrx_word' id='word_1_232' title='bbox 386 1568 476 1600; x_wconf 88' lang='lat' dir='ltr'>illam</span> <span class='ocrx_word' id='word_1_233' title='bbox 505 1577 564 1607; x_wconf 90' lang='lat' dir='ltr'>ego</span> <span class='ocrx_word' id='word_1_234' title='bbox 595 1567 786 1598; x_wconf 82' lang='lat' dir='ltr'>laudabilem</span> <span class='ocrx_word' id='word_1_235' title='bbox 818 1573 851 1596; x_wconf 87' lang='lat' dir='ltr'>et</span> <span class='ocrx_word' id='word_1_236' title='bbox 874 1566 1041 1597; x_wconf 79' lang='lat' dir='ltr'>honestam</span> <span class='ocrx_word' id='word_1_237' title='bbox 1065 1567 1235 1598; x_wconf 83' lang='lat' dir='ltr'>amicitiam</span> <span class='ocrx_word' id='word_1_238' title='bbox 1261 1567 1339 1604; x_wconf 78' lang='lat' dir='ltr'>dico,</span> 
     </span>
    </p>

    <p class='ocr_par' dir='ltr' id='par_1_10' title="bbox 387 1609 1340 1650">
     <span class='ocr_line' id='line_1_32' title="bbox 387 1609 1340 1650; baseline -0.001 -8"><span class='ocrx_word' id='word_1_239' title='bbox 387 1616 419 1643; x_wconf 91' lang='lat' dir='ltr'>et</span> <span class='ocrx_word' id='word_1_240' title='bbox 459 1609 579 1640; x_wconf 92' lang='lat' dir='ltr'>bonum</span> <span class='ocrx_word' id='word_1_241' title='bbox 613 1609 854 1641; x_wconf 82' lang='lat' dir='ltr'>inaestimabile.</span> <span class='ocrx_word' id='word_1_242' title='bbox 901 1609 981 1639; x_wconf 86' lang='lat' dir='ltr'>Nam</span> <span class='ocrx_word' id='word_1_243' title='bbox 1016 1609 1042 1640; x_wconf 93' lang='lat' dir='ltr'>si</span> <span class='ocrx_word' id='word_1_244' title='bbox 1076 1609 1148 1648; x_wconf 83' lang='lat' dir='ltr'>quis</span> <span class='ocrx_word' id='word_1_245' title='bbox 1182 1611 1340 1650; x_wconf 83' lang='lat' dir='ltr'>prosperis</span> 
     </span>
    </p>

    <p class='ocr_par' dir='ltr' id='par_1_11' title="bbox 385 1651 1372 2719">
     <span class='ocr_line' id='line_1_33' title="bbox 386 1651 1367 1690; baseline -0.001 -5"><span class='ocrx_word' id='word_1_246' title='bbox 386 1653 482 1686; x_wconf 86' lang='lat' dir='ltr'>rebus</span> <span class='ocrx_word' id='word_1_247' title='bbox 502 1657 621 1689; x_wconf 83' lang='lat' dir='ltr'>utatur,</span> <span class='ocrx_word' id='word_1_248' title='bbox 641 1653 709 1683; x_wconf 89' lang='lat' dir='ltr'>eius</span> <span class='ocrx_word' id='word_1_249' title='bbox 728 1651 850 1683; x_wconf 89' lang='lat' dir='ltr'>laetitia</span> <span class='ocrx_word' id='word_1_250' title='bbox 868 1651 1003 1682; x_wconf 89' lang='lat' dir='ltr'>multum</span> <span class='ocrx_word' id='word_1_251' title='bbox 1023 1651 1201 1690; x_wconf 84' lang='lat' dir='ltr'>augebitur,</span> <span class='ocrx_word' id='word_1_252' title='bbox 1220 1653 1246 1683; x_wconf 89' lang='lat' dir='ltr'>si</span> <span class='ocrx_word' id='word_1_253' title='bbox 1262 1654 1339 1684; x_wconf 88' lang='lat' dir='ltr'>ami·</span> <span class='ocrx_word' id='word_1_254' title='bbox 1366 1680 1367 1689; x_wconf 64' lang='grc'>,</span> 
     </span>
     <span class='ocr_line' id='line_1_34' title="bbox 385 1694 1368 1734; baseline -0.001 -6"><span class='ocrx_word' id='word_1_255' title='bbox 385 1706 460 1728; x_wconf 85' lang='grc'>011111</span> <span class='ocrx_word' id='word_1_256' title='bbox 494 1694 610 1726; x_wconf 87' lang='lat' dir='ltr'>habeat</span> <span class='ocrx_word' id='word_1_257' title='bbox 642 1695 770 1734; x_wconf 82' lang='lat' dir='ltr'>quicum</span> <span class='ocrx_word' id='word_1_258' title='bbox 805 1694 1003 1725; x_wconf 81' lang='lat' dir='ltr'>familiariter</span> <span class='ocrx_word' id='word_1_259' title='bbox 1032 1704 1088 1725; x_wconf 87' lang='lat' dir='ltr'>sua</span> <span class='ocrx_word' id='word_1_260' title='bbox 1111 1696 1341 1727; x_wconf 89' lang='lat' dir='ltr'>communicet:</span> <span class='ocrx_word' id='word_1_261' title='bbox 1366 1695 1368 1722; x_wconf 67' lang='grc'>’-</span> 
     </span>
     <span class='ocr_line' id='line_1_35' title="bbox 386 1736 1342 1776; baseline -0.001 -6"><span class='ocrx_word' id='word_1_262' title='bbox 386 1743 420 1771; x_wconf 88' lang='lat' dir='ltr'>et</span> <span class='ocrx_word' id='word_1_263' title='bbox 448 1738 482 1768; x_wconf 87' lang='lat' dir='ltr'>in</span> <span class='ocrx_word' id='word_1_264' title='bbox 509 1737 652 1768; x_wconf 86' lang='lat' dir='ltr'>adversis</span> <span class='ocrx_word' id='word_1_265' title='bbox 686 1737 850 1768; x_wconf 88' lang='lat' dir='ltr'>minuetur</span> <span class='ocrx_word' id='word_1_266' title='bbox 880 1736 1027 1768; x_wconf 79' lang='lat' dir='ltr'>molestia</span> <span class='ocrx_word' id='word_1_267' title='bbox 1057 1737 1083 1768; x_wconf 91' lang='lat' dir='ltr'>si</span> <span class='ocrx_word' id='word_1_268' title='bbox 1108 1739 1207 1776; x_wconf 80' lang='lat' dir='ltr'>possit</span> <span class='ocrx_word' id='word_1_269' title='bbox 1231 1739 1263 1769; x_wconf 92' lang='lat' dir='ltr'>in</span> <span class='ocrx_word' id='word_1_270' title='bbox 1287 1739 1342 1769; x_wconf 85' lang='lat' dir='ltr'>ali-</span> 
     </span>
     <span class='ocr_line' id='line_1_36' title="bbox 386 1778 1341 1820; baseline 0 -8"><span class='ocrx_word' id='word_1_271' title='bbox 386 1781 478 1813; x_wconf 88' lang='lat' dir='ltr'>cuius</span> <span class='ocrx_word' id='word_1_272' title='bbox 496 1780 603 1811; x_wconf 90' lang='lat' dir='ltr'>sinum</span> <span class='ocrx_word' id='word_1_273' title='bbox 623 1780 796 1811; x_wconf 87' lang='lat' dir='ltr'>effundere.</span> <span class='ocrx_word' id='word_1_274' title='bbox 834 1778 942 1818; x_wconf 81' lang='lat' dir='ltr'>Quare</span> <span class='ocrx_word' id='word_1_275' title='bbox 961 1790 1059 1820; x_wconf 89' lang='lat' dir='ltr'>quum</span> <span class='ocrx_word' id='word_1_276' title='bbox 1080 1780 1120 1810; x_wconf 81' lang='lat' dir='ltr'>sit</span> <span class='ocrx_word' id='word_1_277' title='bbox 1138 1781 1341 1812; x_wconf 86' lang='lat' dir='ltr'>manifestum</span> 
     </span>
     <span class='ocr_line' id='line_1_37' title="bbox 387 1821 1344 1856; baseline -0.001 0"><span class='ocrx_word' id='word_1_278' title='bbox 387 1823 561 1856; x_wconf 85' lang='lat' dir='ltr'>amicitiam</span> <span class='ocrx_word' id='word_1_279' title='bbox 591 1822 760 1854; x_wconf 84' lang='lat' dir='ltr'>honestam</span> <span class='ocrx_word' id='word_1_280' title='bbox 794 1821 976 1854; x_wconf 88' lang='lat' dir='ltr'>hominibus</span> <span class='ocrx_word' id='word_1_281' title='bbox 1005 1832 1023 1852; x_wconf 88' lang='lat' dir='ltr'>a</span> <span class='ocrx_word' id='word_1_282' title='bbox 1047 1822 1114 1853; x_wconf 91' lang='lat' dir='ltr'>Deo</span> <span class='ocrx_word' id='word_1_283' title='bbox 1145 1823 1250 1854; x_wconf 83' lang='lat' dir='ltr'>datam</span> <span class='ocrx_word' id='word_1_284' title='bbox 1275 1835 1344 1855; x_wconf 85' lang='lat' dir='ltr'>esse</span> 
     </span>
     <span class='ocr_line' id='line_1_38' title="bbox 387 1864 1369 1900; baseline -0.001 -2"><span class='ocrx_word' id='word_1_285' title='bbox 387 1875 550 1898; x_wconf 89' lang='lat' dir='ltr'>summum</span> <span class='ocrx_word' id='word_1_286' title='bbox 573 1865 701 1900; x_wconf 84' lang='lat' dir='ltr'>bonum,</span> <span class='ocrx_word' id='word_1_287' title='bbox 726 1870 816 1896; x_wconf 87' lang='lat' dir='ltr'>tanto</span> <span class='ocrx_word' id='word_1_288' title='bbox 839 1865 956 1896; x_wconf 89' lang='lat' dir='ltr'>maiore</span> <span class='ocrx_word' id='word_1_289' title='bbox 979 1864 1084 1896; x_wconf 91' lang='lat' dir='ltr'>studio</span> <span class='ocrx_word' id='word_1_290' title='bbox 1105 1864 1255 1897; x_wconf 82' lang='lat' dir='ltr'>debemus</span> <span class='ocrx_word' id='word_1_291' title='bbox 1274 1878 1343 1897; x_wconf 91' lang='lat' dir='ltr'>eam</span> <span class='ocrx_word' id='word_1_292' title='bbox 1368 1890 1369 1893; x_wconf 26' lang='lat'>¹</span> 
     </span>
     <span class='ocr_line' id='line_1_39' title="bbox 387 1907 1371 1951; baseline 0.001 -11"><span class='ocrx_word' id='word_1_293' title='bbox 387 1908 428 1940; x_wconf 90' lang='lat' dir='ltr'>ad</span> <span class='ocrx_word' id='word_1_294' title='bbox 451 1909 553 1948; x_wconf 88' lang='lat' dir='ltr'>ipsius</span> <span class='ocrx_word' id='word_1_295' title='bbox 578 1908 638 1938; x_wconf 87' lang='lat' dir='ltr'>Dei</span> <span class='ocrx_word' id='word_1_296' title='bbox 663 1908 795 1947; x_wconf 87' lang='lat' dir='ltr'>gloriam</span> <span class='ocrx_word' id='word_1_297' title='bbox 814 1907 941 1938; x_wconf 84' lang='lat' dir='ltr'>referre.</span> <span class='ocrx_word' id='word_1_298' title='bbox 987 1907 1069 1938; x_wconf 87' lang='lat' dir='ltr'>Nam</span> <span class='ocrx_word' id='word_1_299' title='bbox 1083 1910 1345 1948; x_wconf 80' lang='lat' dir='ltr'>quopretiosiora</span> <span class='ocrx_word' id='word_1_300' title='bbox 1369 1912 1371 1951; x_wconf 58' lang='grc' dir='ltr'>ζ</span> 
     </span>
     <span class='ocr_line' id='line_1_40' title="bbox 388 1949 1371 1990; baseline 0 -7"><span class='ocrx_word' id='word_1_301' title='bbox 388 1957 464 1983; x_wconf 89' lang='lat' dir='ltr'>sunt</span> <span class='ocrx_word' id='word_1_302' title='bbox 499 1950 560 1981; x_wconf 90' lang='lat' dir='ltr'>Dei</span> <span class='ocrx_word' id='word_1_303' title='bbox 594 1950 686 1988; x_wconf 79' lang='lat' dir='ltr'>dona,</span> <span class='ocrx_word' id='word_1_304' title='bbox 720 1961 756 1981; x_wconf 91' lang='lat' dir='ltr'>eo</span> <span class='ocrx_word' id='word_1_305' title='bbox 786 1950 888 1990; x_wconf 84' lang='lat' dir='ltr'>magis</span> <span class='ocrx_word' id='word_1_306' title='bbox 912 1950 972 1990; x_wconf 86' lang='lat' dir='ltr'>ipsi</span> <span class='ocrx_word' id='word_1_307' title='bbox 995 1949 1136 1981; x_wconf 86' lang='lat' dir='ltr'>devincti</span> <span class='ocrx_word' id='word_1_308' title='bbox 1161 1962 1279 1987; x_wconf 80' lang='lat' dir='ltr'>sumus,</span> <span class='ocrx_word' id='word_1_309' title='bbox 1314 1958 1345 1983; x_wconf 92' lang='lat' dir='ltr'>et</span> <span class='ocrx_word' id='word_1_310' title='bbox 1369 1962 1371 1967; x_wconf 93' lang='lat'>·</span> 
     </span>
     <span class='ocr_line' id='line_1_41' title="bbox 389 1992 1345 2035; baseline 0 -10"><span class='ocrx_word' id='word_1_311' title='bbox 389 1994 523 2035; x_wconf 83' lang='lat' dir='ltr'>gloriam</span> <span class='ocrx_word' id='word_1_312' title='bbox 565 1993 666 2033; x_wconf 87' lang='lat' dir='ltr'>ipsius</span> <span class='ocrx_word' id='word_1_313' title='bbox 702 2003 890 2034; x_wconf 86' lang='lat' dir='ltr'>promovere</span> <span class='ocrx_word' id='word_1_314' title='bbox 924 1992 1080 2024; x_wconf 91' lang='lat' dir='ltr'>iubemur.</span> <span class='ocrx_word' id='word_1_315' title='bbox 1126 1993 1234 2032; x_wconf 91' lang='lat' dir='ltr'>Quum</span> <span class='ocrx_word' id='word_1_316' title='bbox 1269 2005 1345 2025; x_wconf 84' lang='lat' dir='ltr'>vero</span> 
     </span>
     <span class='ocr_line' id='line_1_42' title="bbox 388 2036 1344 2076; baseline 0 -8"><span class='ocrx_word' id='word_1_317' title='bbox 388 2036 547 2068; x_wconf 82' lang='lat' dir='ltr'>amicitiae</span> <span class='ocrx_word' id='word_1_318' title='bbox 583 2046 682 2076; x_wconf 84' lang='lat' dir='ltr'>vagae</span> <span class='ocrx_word' id='word_1_319' title='bbox 716 2042 748 2067; x_wconf 86' lang='lat' dir='ltr'>et</span> <span class='ocrx_word' id='word_1_320' title='bbox 781 2036 921 2066; x_wconf 85' lang='lat' dir='ltr'>incertae</span> <span class='ocrx_word' id='word_1_321' title='bbox 955 2041 1039 2072; x_wconf 89' lang='lat' dir='ltr'>sunt,</span> <span class='ocrx_word' id='word_1_322' title='bbox 1074 2046 1177 2075; x_wconf 88' lang='lat' dir='ltr'>neque</span> <span class='ocrx_word' id='word_1_323' title='bbox 1211 2036 1250 2067; x_wconf 89' lang='lat' dir='ltr'>ad</span> <span class='ocrx_word' id='word_1_324' title='bbox 1284 2037 1344 2068; x_wconf 88' lang='lat' dir='ltr'>Dei</span> 
     </span>
     <span class='ocr_line' id='line_1_43' title="bbox 388 2077 1371 2121; baseline 0 -11"><span class='ocrx_word' id='word_1_325' title='bbox 388 2079 526 2121; x_wconf 86' lang='lat' dir='ltr'>gloriam</span> <span class='ocrx_word' id='word_1_326' title='bbox 556 2084 711 2119; x_wconf 87' lang='lat' dir='ltr'>spectant,</span> <span class='ocrx_word' id='word_1_327' title='bbox 743 2079 773 2109; x_wconf 93' lang='lat' dir='ltr'>in</span> <span class='ocrx_word' id='word_1_328' title='bbox 806 2077 911 2108; x_wconf 92' lang='lat' dir='ltr'>Deum</span> <span class='ocrx_word' id='word_1_329' title='bbox 943 2083 1091 2118; x_wconf 88' lang='lat' dir='ltr'>peccatur</span> <span class='ocrx_word' id='word_1_330' title='bbox 1120 2084 1151 2109; x_wconf 90' lang='lat' dir='ltr'>et</span> <span class='ocrx_word' id='word_1_331' title='bbox 1179 2079 1345 2120; x_wconf 83' lang='lat' dir='ltr'>sacrilegio</span> <span class='ocrx_word' id='word_1_332' title='bbox 1370 2085 1371 2095; x_wconf 68' lang='lat'>¹</span> 
     </span>
     <span class='ocr_line' id='line_1_44' title="bbox 389 2121 1345 2161; baseline 0 -8"><span class='ocrx_word' id='word_1_333' title='bbox 389 2122 540 2154; x_wconf 84' lang='lat' dir='ltr'>maiestas</span> <span class='ocrx_word' id='word_1_334' title='bbox 581 2122 680 2160; x_wconf 87' lang='lat' dir='ltr'>ipsius</span> <span class='ocrx_word' id='word_1_335' title='bbox 715 2121 869 2152; x_wconf 85' lang='lat' dir='ltr'>violatur:</span> <span class='ocrx_word' id='word_1_336' title='bbox 911 2121 1165 2161; x_wconf 90' lang='lat' dir='ltr'>quandoquidem</span> <span class='ocrx_word' id='word_1_337' title='bbox 1202 2133 1264 2153; x_wconf 89' lang='lat' dir='ltr'>non</span> <span class='ocrx_word' id='word_1_338' title='bbox 1299 2122 1345 2153; x_wconf 93' lang='lat' dir='ltr'>illi</span> 
     </span>
     <span class='ocr_line' id='line_1_45' title="bbox 389 2163 1345 2204; baseline -0.001 -8"><span class='ocrx_word' id='word_1_339' title='bbox 389 2165 493 2196; x_wconf 89' lang='lat' dir='ltr'>honor</span> <span class='ocrx_word' id='word_1_340' title='bbox 523 2165 574 2204; x_wconf 84' lang='lat' dir='ltr'>qui</span> <span class='ocrx_word' id='word_1_341' title='bbox 601 2164 735 2195; x_wconf 88' lang='lat' dir='ltr'>debetur</span> <span class='ocrx_word' id='word_1_342' title='bbox 757 2163 937 2195; x_wconf 80' lang='lat' dir='ltr'>exhibetur.</span> <span class='ocrx_word' id='word_1_343' title='bbox 982 2163 1092 2202; x_wconf 86' lang='lat' dir='ltr'>Quare</span> <span class='ocrx_word' id='word_1_344' title='bbox 1115 2163 1189 2195; x_wconf 89' lang='lat' dir='ltr'>licet</span> <span class='ocrx_word' id='word_1_345' title='bbox 1212 2164 1345 2195; x_wconf 82' lang='lat' dir='ltr'>honeste</span> 
     </span>
     <span class='ocr_line' id='line_1_46' title="bbox 389 2206 1343 2247; baseline -0.002 -8"><span class='ocrx_word' id='word_1_346' title='bbox 389 2209 474 2239; x_wconf 90' lang='lat' dir='ltr'>inter</span> <span class='ocrx_word' id='word_1_347' title='bbox 497 2217 530 2238; x_wconf 89' lang='lat' dir='ltr'>se</span> <span class='ocrx_word' id='word_1_348' title='bbox 555 2206 702 2238; x_wconf 77' lang='lat' dir='ltr'>homines</span> <span class='ocrx_word' id='word_1_349' title='bbox 725 2207 846 2245; x_wconf 87' lang='lat' dir='ltr'>vivant,</span> <span class='ocrx_word' id='word_1_350' title='bbox 876 2212 907 2236; x_wconf 91' lang='lat' dir='ltr'>et</span> <span class='ocrx_word' id='word_1_351' title='bbox 929 2206 1103 2237; x_wconf 85' lang='lat' dir='ltr'>amicitiam</span> <span class='ocrx_word' id='word_1_352' title='bbox 1127 2207 1241 2245; x_wconf 86' lang='lat' dir='ltr'>colant,</span> <span class='ocrx_word' id='word_1_353' title='bbox 1268 2218 1343 2247; x_wconf 90' lang='lat' dir='ltr'>quo-</span> 
     </span>
     <span class='ocr_line' id='line_1_47' title="bbox 391 2230 1345 2287; baseline -0.001 -5"><span class='ocrx_word' id='word_1_354' title='bbox 391 2250 478 2282; x_wconf 89' lang='lat' dir='ltr'>niam</span> <span class='ocrx_word' id='word_1_355' title='bbox 500 2255 607 2280; x_wconf 81' lang='lat' dir='ltr'>tamen</span> <span class='ocrx_word' id='word_1_356' title='bbox 627 2250 715 2281; x_wconf 88' lang='lat' dir='ltr'>illius</span> <span class='ocrx_word' id='word_1_357' title='bbox 736 2230 980 2280; x_wconf 82' lang='lat' dir='ltr'>fundainentum</span> <span class='ocrx_word' id='word_1_358' title='bbox 1000 2259 1064 2280; x_wconf 90' lang='lat' dir='ltr'>non</span> <span class='ocrx_word' id='word_1_359' title='bbox 1083 2256 1130 2280; x_wconf 89' lang='lat' dir='ltr'>est</span> <span class='ocrx_word' id='word_1_360' title='bbox 1149 2249 1249 2287; x_wconf 89' lang='lat' dir='ltr'>Deus,</span> <span class='ocrx_word' id='word_1_361' title='bbox 1270 2261 1345 2281; x_wconf 86' lang='lat' dir='ltr'>vera</span> 
     </span>
     <span class='ocr_line' id='line_1_48' title="bbox 391 2291 1371 2332; baseline -0.001 -8"><span class='ocrx_word' id='word_1_362' title='bbox 391 2293 454 2324; x_wconf 88' lang='lat' dir='ltr'>dici</span> <span class='ocrx_word' id='word_1_363' title='bbox 477 2302 542 2322; x_wconf 89' lang='lat' dir='ltr'>non</span> <span class='ocrx_word' id='word_1_364' title='bbox 567 2291 899 2332; x_wconf 87' lang='lat' dir='ltr'>potest.10nathani</span> <span class='ocrx_word' id='word_1_365' title='bbox 923 2302 998 2323; x_wconf 88' lang='lat' dir='ltr'>vero</span> <span class='ocrx_word' id='word_1_366' title='bbox 1017 2292 1157 2323; x_wconf 86' lang='lat' dir='ltr'>amicitia</span> <span class='ocrx_word' id='word_1_367' title='bbox 1172 2293 1345 2332; x_wconf 64' lang='lat' dir='ltr'>singwlnis</span> <span class='ocrx_word' id='word_1_368' title='bbox 1370 2291 1371 2299; x_wconf 59' lang='lat'>¹</span> 
     </span>
     <span class='ocr_line' id='line_1_49' title="bbox 391 2318 1347 2375; baseline 0 -9"><span class='ocrx_word' id='word_1_369' title='bbox 391 2335 443 2366; x_wconf 89' lang='lat' dir='ltr'>hic</span> <span class='ocrx_word' id='word_1_370' title='bbox 467 2335 718 2371; x_wconf 86' lang='lat' dir='ltr'>commendatur</span> <span class='ocrx_word' id='word_1_371' title='bbox 741 2345 838 2375; x_wconf 91' lang='lat' dir='ltr'>quum</span> <span class='ocrx_word' id='word_1_372' title='bbox 863 2334 995 2366; x_wconf 89' lang='lat' dir='ltr'>dicitur:</span> <span class='ocrx_word' id='word_1_373' title='bbox 1024 2334 1176 2366; x_wconf 76' lang='lat' dir='ltr'>Davidem</span> <span class='ocrx_word' id='word_1_374' title='bbox 1199 2318 1347 2366; x_wconf 56' lang='lat' dir='ltr'>‹literis-se</span> 
     </span>
     <span class='ocr_line' id='line_1_50' title="bbox 390 2377 1347 2418; baseline 0 -9"><span class='ocrx_word' id='word_1_375' title='bbox 390 2381 539 2416; x_wconf 80' lang='lat' dir='ltr'>tanquam</span> <span class='ocrx_word' id='word_1_376' title='bbox 566 2378 702 2409; x_wconf 72' lang='lat' dir='ltr'>(mimam</span> <span class='ocrx_word' id='word_1_377' title='bbox 725 2388 824 2415; x_wconf 64' lang='lat' dir='ltr'>suam,</span> <span class='ocrx_word' id='word_1_378' title='bbox 858 2380 883 2407; x_wconf 78' lang='lat' dir='ltr'>et</span> <span class='ocrx_word' id='word_1_379' title='bbox 906 2378 1011 2408; x_wconf 79' lang='lat' dir='ltr'>anima</span> <span class='ocrx_word' id='word_1_380' title='bbox 1034 2377 1181 2409; x_wconf 76' lang='lat' dir='ltr'>Ionathae</span> <span class='ocrx_word' id='word_1_381' title='bbox 1201 2378 1347 2418; x_wconf 70' lang='lat' dir='ltr'>conyluli—</span> 
     </span>
     <span class='ocr_line' id='line_1_51' title="bbox 391 2420 1346 2452; baseline -0.001 0"><span class='ocrx_word' id='word_1_382' title='bbox 391 2424 467 2452; x_wconf 73' lang='lat' dir='ltr'>nata</span> <span class='ocrx_word' id='word_1_383' title='bbox 497 2421 618 2451; x_wconf 75' lang='lat' dir='ltr'>animae</span> <span class='ocrx_word' id='word_1_384' title='bbox 652 2420 798 2452; x_wconf 65' lang='lat' dir='ltr'>Dat-ldis.</span> <span class='ocrx_word' id='word_1_385' title='bbox 844 2420 924 2451; x_wconf 82' lang='lat' dir='ltr'>Nam</span> <span class='ocrx_word' id='word_1_386' title='bbox 959 2421 1030 2451; x_wconf 85' lang='lat' dir='ltr'>istis</span> <span class='ocrx_word' id='word_1_387' title='bbox 1061 2421 1166 2452; x_wconf 88' lang='lat' dir='ltr'>verbis</span> <span class='ocrx_word' id='word_1_388' title='bbox 1196 2420 1346 2451; x_wconf 83' lang='lat' dir='ltr'>docemur</span> 
     </span>
     <span class='ocr_line' id='line_1_52' title="bbox 392 2463 1343 2503; baseline -0.001 -9"><span class='ocrx_word' id='word_1_389' title='bbox 392 2463 610 2495; x_wconf 89' lang='lat' dir='ltr'>Ionathauum</span> <span class='ocrx_word' id='word_1_390' title='bbox 652 2474 715 2494; x_wconf 90' lang='lat' dir='ltr'>non</span> <span class='ocrx_word' id='word_1_391' title='bbox 758 2463 904 2494; x_wconf 87' lang='lat' dir='ltr'>utilitatis</span> <span class='ocrx_word' id='word_1_392' title='bbox 937 2474 1014 2494; x_wconf 90' lang='lat' dir='ltr'>suae</span> <span class='ocrx_word' id='word_1_393' title='bbox 1047 2463 1151 2503; x_wconf 88' lang='lat' dir='ltr'>gratia</span> <span class='ocrx_word' id='word_1_394' title='bbox 1185 2463 1343 2494; x_wconf 80' lang='lat' dir='ltr'>Davidem</span> 
     </span>
     <span class='ocr_line' id='line_1_53' title="bbox 392 2505 1346 2546; baseline 0.001 -10"><span class='ocrx_word' id='word_1_395' title='bbox 392 2506 560 2546; x_wconf 86' lang='lat' dir='ltr'>amavisse,</span> <span class='ocrx_word' id='word_1_396' title='bbox 584 2511 622 2536; x_wconf 85' lang='lat' dir='ltr'>ut</span> <span class='ocrx_word' id='word_1_397' title='bbox 644 2506 708 2537; x_wconf 85' lang='lat' dir='ltr'>fere</span> <span class='ocrx_word' id='word_1_398' title='bbox 731 2505 834 2537; x_wconf 89' lang='lat' dir='ltr'>solent</span> <span class='ocrx_word' id='word_1_399' title='bbox 852 2505 997 2537; x_wconf 85' lang='lat' dir='ltr'>homines</span> <span class='ocrx_word' id='word_1_400' title='bbox 1015 2506 1065 2536; x_wconf 87' lang='lat' dir='ltr'>sui</span> <span class='ocrx_word' id='word_1_401' title='bbox 1081 2505 1239 2538; x_wconf 84' lang='lat' dir='ltr'>commodi</span> <span class='ocrx_word' id='word_1_402' title='bbox 1250 2517 1346 2538; x_wconf 88' lang='lat' dir='ltr'>causa</span> 
     </span>
     <span class='ocr_line' id='line_1_54' title="bbox 392 2548 1345 2589; baseline 0 -9"><span class='ocrx_word' id='word_1_403' title='bbox 392 2549 496 2580; x_wconf 89' lang='lat' dir='ltr'>colere</span> <span class='ocrx_word' id='word_1_404' title='bbox 526 2549 697 2580; x_wconf 85' lang='lat' dir='ltr'>amicitias:</span> <span class='ocrx_word' id='word_1_405' title='bbox 728 2559 802 2579; x_wconf 89' lang='lat' dir='ltr'>nam</span> <span class='ocrx_word' id='word_1_406' title='bbox 831 2555 888 2579; x_wconf 87' lang='lat' dir='ltr'>aut</span> <span class='ocrx_word' id='word_1_407' title='bbox 909 2559 965 2589; x_wconf 87' lang='lat' dir='ltr'>spe</span> <span class='ocrx_word' id='word_1_408' title='bbox 988 2548 1066 2580; x_wconf 92' lang='lat' dir='ltr'>lucri</span> <span class='ocrx_word' id='word_1_409' title='bbox 1090 2548 1261 2586; x_wconf 89' lang='lat' dir='ltr'>ducuntur,</span> <span class='ocrx_word' id='word_1_410' title='bbox 1291 2555 1345 2580; x_wconf 90' lang='lat' dir='ltr'>aut</span> 
     </span>
     <span class='ocr_line' id='line_1_55' title="bbox 392 2591 1344 2631; baseline 0.002 -10"><span class='ocrx_word' id='word_1_411' title='bbox 392 2591 533 2628; x_wconf 81' lang='lat' dir='ltr'>honoris,</span> <span class='ocrx_word' id='word_1_412' title='bbox 567 2598 621 2622; x_wconf 90' lang='lat' dir='ltr'>aut</span> <span class='ocrx_word' id='word_1_413' title='bbox 656 2592 755 2623; x_wconf 89' lang='lat' dir='ltr'>bonae</span> <span class='ocrx_word' id='word_1_414' title='bbox 790 2591 911 2622; x_wconf 82' lang='lat' dir='ltr'>famae:</span> <span class='ocrx_word' id='word_1_415' title='bbox 944 2602 1024 2631; x_wconf 86' lang='lat' dir='ltr'>quae</span> <span class='ocrx_word' id='word_1_416' title='bbox 1054 2597 1103 2622; x_wconf 91' lang='lat' dir='ltr'>est</span> <span class='ocrx_word' id='word_1_417' title='bbox 1131 2591 1344 2623; x_wconf 85' lang='lat' dir='ltr'>amicitiarum</span> 
     </span>
     <span class='ocr_line' id='line_1_56' title="bbox 393 2634 1345 2675; baseline 0.003 -11"><span class='ocrx_word' id='word_1_418' title='bbox 393 2634 499 2673; x_wconf 88' lang='lat' dir='ltr'>potius</span> <span class='ocrx_word' id='word_1_419' title='bbox 512 2634 648 2671; x_wconf 88' lang='lat' dir='ltr'>violatio,</span> <span class='ocrx_word' id='word_1_420' title='bbox 661 2634 916 2675; x_wconf 85' lang='lat' dir='ltr'>quandoquidem</span> <span class='ocrx_word' id='word_1_421' title='bbox 930 2635 991 2666; x_wconf 91' lang='lat' dir='ltr'>Dei</span> <span class='ocrx_word' id='word_1_422' title='bbox 1004 2635 1101 2667; x_wconf 88' lang='lat' dir='ltr'>verbo</span> <span class='ocrx_word' id='word_1_423' title='bbox 1114 2646 1176 2667; x_wconf 90' lang='lat' dir='ltr'>uon</span> <span class='ocrx_word' id='word_1_424' title='bbox 1189 2635 1345 2672; x_wconf 88' lang='lat' dir='ltr'>nituntur,</span> 
     </span>
     <span class='ocr_line' id='line_1_57' title="bbox 394 2661 1372 2719; baseline 0.003 -12"><span class='ocrx_word' id='word_1_425' title='bbox 394 2675 449 2707; x_wconf 88' lang='lat' dir='ltr'>sed</span> <span class='ocrx_word' id='word_1_426' title='bbox 484 2677 609 2716; x_wconf 85' lang='lat' dir='ltr'>privata</span> <span class='ocrx_word' id='word_1_427' title='bbox 644 2678 766 2708; x_wconf 89' lang='lat' dir='ltr'>utilitas</span> <span class='ocrx_word' id='word_1_428' title='bbox 799 2683 830 2708; x_wconf 89' lang='lat' dir='ltr'>et</span> <span class='ocrx_word' id='word_1_429' title='bbox 863 2678 1064 2709; x_wconf 88' lang='lat' dir='ltr'>commodum</span> <span class='ocrx_word' id='word_1_430' title='bbox 1094 2678 1275 2719; x_wconf 83' lang='lat' dir='ltr'>quaeritur:</span> <span class='ocrx_word' id='word_1_431' title='bbox 1309 2661 1372 2710; x_wconf 72' lang='lat' dir='ltr'>acl</span> 
     </span>
    </p>
   </div>
   <div class='ocr_carea' id='block_1_3' title="bbox 1366 702 1370 1861">
    <p class='ocr_par' dir='ltr' id='par_1_12' title="bbox 1366 702 1370 1861">
     <span class='ocr_line' id='line_1_58' title="bbox 1366 702 1370 1861; baseline 0 0"><span class='ocrx_word' id='word_1_432' title='bbox 1366 702 1370 1861; x_wconf 95' lang='lat' dir='ltr'> </span> 
     </span>
    </p>
   </div>
   <div class='ocr_carea' id='block_1_4' title="bbox 1369 2053 1372 2658">
    <p class='ocr_par' dir='ltr' id='par_1_13' title="bbox 1369 2053 1372 2658">
     <span class='ocr_line' id='line_1_59' title="bbox 1369 2053 1372 2658; baseline 0 0"><span class='ocrx_word' id='word_1_433' title='bbox 1369 2053 1372 2658; x_wconf 95' lang='lat' dir='ltr'> </span> 
     </span>
    </p>
   </div>
   <div class='ocr_carea' id='block_1_5' title="bbox 1207 234 1557 268">
    <p class='ocr_par' dir='ltr' id='par_1_14' title="bbox 1207 234 1557 268">
     <span class='ocr_line' id='line_1_60' title="bbox 1207 234 1557 268; baseline 0.006 -2"><span class='ocrx_word' id='word_1_434' title='bbox 1207 234 1408 267; x_wconf 76' lang='lat' dir='ltr'>HOMILIA</span> <span class='ocrx_word' id='word_1_435' title='bbox 1425 236 1557 268; x_wconf 84' lang='lat' dir='ltr'>LXVI.</span> 
     </span>
    </p>
   </div>
   <div class='ocr_carea' id='block_1_6' title="bbox 1365 965 1523 1001">
    <p class='ocr_par' dir='ltr' id='par_1_15' title="bbox 1365 965 1523 1001">
     <span class='ocr_line' id='line_1_61' title="bbox 1365 965 1523 1001; baseline 0 -1"><span class='ocrx_word' id='word_1_436' title='bbox 1365 965 1367 981; x_wconf 70' lang='lat'>³</span> <span class='ocrx_word' id='word_1_437' title='bbox 1393 970 1431 1001; x_wconf 90' lang='lat' dir='ltr'>ab</span> <span class='ocrx_word' id='word_1_438' title='bbox 1460 970 1523 1001; x_wconf 90' lang='lat' dir='ltr'>illa.</span> 
     </span>
    </p>
   </div>
   <div class='ocr_carea' id='block_1_7' title="bbox 1366 1439 2089 1475">
    <p class='ocr_par' dir='ltr' id='par_1_16' title="bbox 1366 1439 2089 1475">
     <span class='ocr_line' id='line_1_62' title="bbox 1366 1439 2089 1475; baseline 0 -5"><span class='ocrx_word' id='word_1_439' title='bbox 1366 1464 1368 1475; x_wconf 71' lang='lat'>‚</span> <span class='ocrx_word' id='word_1_440' title='bbox 1393 1440 1577 1471; x_wconf 84' lang='lat' dir='ltr'>affectiones</span> <span class='ocrx_word' id='word_1_441' title='bbox 1607 1439 1764 1471; x_wconf 86' lang='lat' dir='ltr'>amicitiae</span> <span class='ocrx_word' id='word_1_442' title='bbox 1788 1441 1915 1471; x_wconf 88' lang='lat' dir='ltr'>nomine</span> <span class='ocrx_word' id='word_1_443' title='bbox 1939 1446 2089 1471; x_wconf 86' lang='lat' dir='ltr'>tecturos.</span> 
     </span>
    </p>
   </div>
   <div class='ocr_carea' id='block_1_8' title="bbox 1370 2465 1759 2504">
    <p class='ocr_par' dir='ltr' id='par_1_17' title="bbox 1370 2465 1759 2504">
     <span class='ocr_line' id='line_1_63' title="bbox 1370 2465 1759 2504; baseline 0 -9"><span class='ocrx_word' id='word_1_444' title='bbox 1370 2478 1371 2483; x_wconf 57' lang='lat'>¹</span> <span class='ocrx_word' id='word_1_445' title='bbox 1396 2465 1550 2504; x_wconf 85' lang='lat' dir='ltr'>colloquio</span> <span class='ocrx_word' id='word_1_446' title='bbox 1581 2471 1613 2496; x_wconf 88' lang='lat' dir='ltr'>et</span> <span class='ocrx_word' id='word_1_447' title='bbox 1643 2466 1759 2496; x_wconf 82' lang='lat' dir='ltr'>favore.</span> 
     </span>
    </p>
   </div>
   <div class='ocr_carea' id='block_1_9' title="bbox 1395 238 2358 408">
    <p class='ocr_par' dir='ltr' id='par_1_18' title="bbox 1395 238 2358 408">
     <span class='ocr_line' id='line_1_64' title="bbox 2295 238 2358 270; baseline 0 0"><span class='ocrx_word' id='word_1_448' title='bbox 2295 238 2358 270; x_wconf 80' lang='lat'>256</span> 
     </span>
     <span class='ocr_line' id='line_1_65' title="bbox 1395 328 2357 370; baseline 0.006 -11"><span class='ocrx_word' id='word_1_449' title='bbox 1395 330 1528 370; x_wconf 81' lang='lat' dir='ltr'>proinde</span> <span class='ocrx_word' id='word_1_450' title='bbox 1567 328 1823 362; x_wconf 86' lang='lat' dir='ltr'>maledictionem</span> <span class='ocrx_word' id='word_1_451' title='bbox 1857 341 1965 362; x_wconf 88' lang='lat' dir='ltr'>secum</span> <span class='ocrx_word' id='word_1_452' title='bbox 2002 331 2147 363; x_wconf 87' lang='lat' dir='ltr'>trahunt.</span> <span class='ocrx_word' id='word_1_453' title='bbox 2201 333 2357 366; x_wconf 85' lang='lat' dir='ltr'>Ionathas</span> 
     </span>
     <span class='ocr_line' id='line_1_66' title="bbox 1395 372 2356 408; baseline 0.004 -5"><span class='ocrx_word' id='word_1_454' title='bbox 1395 383 1470 404; x_wconf 86' lang='lat' dir='ltr'>vero</span> <span class='ocrx_word' id='word_1_455' title='bbox 1505 372 1664 404; x_wconf 84' lang='lat' dir='ltr'>Davidem</span> <span class='ocrx_word' id='word_1_456' title='bbox 1696 373 1824 405; x_wconf 86' lang='lat' dir='ltr'>virtutis</span> <span class='ocrx_word' id='word_1_457' title='bbox 1855 384 1965 405; x_wconf 89' lang='lat' dir='ltr'>amore</span> <span class='ocrx_word' id='word_1_458' title='bbox 1997 373 2120 405; x_wconf 82' lang='lat' dir='ltr'>dilexit.</span> <span class='ocrx_word' id='word_1_459' title='bbox 2166 374 2261 406; x_wconf 88' lang='lat' dir='ltr'>Unde</span> <span class='ocrx_word' id='word_1_460' title='bbox 2290 376 2356 408; x_wconf 89' lang='lat' dir='ltr'>dis·</span> 
     </span>
    </p>
   </div>
   <div class='ocr_carea' id='block_1_10' title="bbox 1393 415 2356 628">
    <p class='ocr_par' dir='ltr' id='par_1_19' title="bbox 1393 415 2356 628">
     <span class='ocr_line' id='line_1_67' title="bbox 1393 415 2356 458; baseline 0.003 -11"><span class='ocrx_word' id='word_1_461' title='bbox 1393 416 1495 447; x_wconf 89' lang='lat' dir='ltr'>cimus</span> <span class='ocrx_word' id='word_1_462' title='bbox 1519 416 1563 447; x_wconf 92' lang='lat' dir='ltr'>ita</span> <span class='ocrx_word' id='word_1_463' title='bbox 1587 415 1734 447; x_wconf 87' lang='lat' dir='ltr'>colendas</span> <span class='ocrx_word' id='word_1_464' title='bbox 1756 417 1913 447; x_wconf 74' lang='lat' dir='ltr'>amicitias</span> <span class='ocrx_word' id='word_1_465' title='bbox 1934 426 1973 446; x_wconf 89' lang='lat' dir='ltr'>ne</span> <span class='ocrx_word' id='word_1_466' title='bbox 1993 427 2053 448; x_wconf 90' lang='lat' dir='ltr'>nos</span> <span class='ocrx_word' id='word_1_467' title='bbox 2072 417 2157 457; x_wconf 88' lang='lat' dir='ltr'>ipsos</span> <span class='ocrx_word' id='word_1_468' title='bbox 2177 418 2356 458; x_wconf 81' lang='lat' dir='ltr'>respexisse</span> 
     </span>
     <span class='ocr_line' id='line_1_68' title="bbox 1393 458 2356 500; baseline 0.004 -12"><span class='ocrx_word' id='word_1_469' title='bbox 1393 465 1425 489; x_wconf 89' lang='lat' dir='ltr'>et</span> <span class='ocrx_word' id='word_1_470' title='bbox 1459 458 1631 489; x_wconf 79' lang='lat' dir='ltr'>utilitatem</span> <span class='ocrx_word' id='word_1_471' title='bbox 1665 459 1862 498; x_wconf 83' lang='lat' dir='ltr'>quaesivisse</span> <span class='ocrx_word' id='word_1_472' title='bbox 1896 459 2076 496; x_wconf 82' lang='lat' dir='ltr'>videamur,</span> <span class='ocrx_word' id='word_1_473' title='bbox 2119 459 2204 500; x_wconf 91' lang='lat' dir='ltr'>quod</span> <span class='ocrx_word' id='word_1_474' title='bbox 2240 467 2356 493; x_wconf 85' lang='lat' dir='ltr'>natura</span> 
     </span>
     <span class='ocr_line' id='line_1_69' title="bbox 1395 500 2354 541; baseline 0.004 -11"><span class='ocrx_word' id='word_1_475' title='bbox 1395 500 1515 531; x_wconf 90' lang='lat' dir='ltr'>malum</span> <span class='ocrx_word' id='word_1_476' title='bbox 1539 501 1688 531; x_wconf 81' lang='lat' dir='ltr'>inhaeret</span> <span class='ocrx_word' id='word_1_477' title='bbox 1711 500 1811 539; x_wconf 90' lang='lat' dir='ltr'>nobis,</span> <span class='ocrx_word' id='word_1_478' title='bbox 1835 512 1924 532; x_wconf 90' lang='lat' dir='ltr'>amor</span> <span class='ocrx_word' id='word_1_479' title='bbox 1943 512 2059 541; x_wconf 84' lang='lat' dir='ltr'>nempe</span> <span class='ocrx_word' id='word_1_480' title='bbox 2079 503 2191 541; x_wconf 86' lang='lat' dir='ltr'>nostri,</span> <span class='ocrx_word' id='word_1_481' title='bbox 2215 502 2269 534; x_wconf 91' lang='lat' dir='ltr'>sed</span> <span class='ocrx_word' id='word_1_482' title='bbox 2289 503 2354 534; x_wconf 91' lang='lat' dir='ltr'>vir-</span> 
     </span>
     <span class='ocr_line' id='line_1_70' title="bbox 1395 543 2353 585; baseline 0.002 -11"><span class='ocrx_word' id='word_1_483' title='bbox 1395 550 1479 574; x_wconf 85' lang='lat' dir='ltr'>tutes</span> <span class='ocrx_word' id='word_1_484' title='bbox 1503 543 1537 574; x_wconf 89' lang='lat' dir='ltr'>in</span> <span class='ocrx_word' id='word_1_485' title='bbox 1561 544 1599 575; x_wconf 89' lang='lat' dir='ltr'>iis</span> <span class='ocrx_word' id='word_1_486' title='bbox 1623 554 1766 575; x_wconf 88' lang='lat' dir='ltr'>amemus</span> <span class='ocrx_word' id='word_1_487' title='bbox 1788 555 1866 584; x_wconf 88' lang='lat' dir='ltr'>quos</span> <span class='ocrx_word' id='word_1_488' title='bbox 1891 545 1979 575; x_wconf 87' lang='lat' dir='ltr'>Deus</span> <span class='ocrx_word' id='word_1_489' title='bbox 2003 544 2184 585; x_wconf 84' lang='lat' dir='ltr'>insignibus</span> <span class='ocrx_word' id='word_1_490' title='bbox 2207 546 2353 577; x_wconf 88' lang='lat' dir='ltr'>ornavit:</span> 
     </span>
     <span class='ocr_line' id='line_1_71' title="bbox 1393 585 2354 628; baseline 0.003 -12"><span class='ocrx_word' id='word_1_491' title='bbox 1393 591 1425 617; x_wconf 92' lang='lat' dir='ltr'>et</span> <span class='ocrx_word' id='word_1_492' title='bbox 1447 585 1715 626; x_wconf 86' lang='lat' dir='ltr'>quemadmodum</span> <span class='ocrx_word' id='word_1_493' title='bbox 1739 587 1777 618; x_wconf 88' lang='lat' dir='ltr'>ab</span> <span class='ocrx_word' id='word_1_494' title='bbox 1800 598 1863 618; x_wconf 90' lang='lat' dir='ltr'>uno</span> <span class='ocrx_word' id='word_1_495' title='bbox 1887 587 2033 618; x_wconf 84' lang='lat' dir='ltr'>ducimus</span> <span class='ocrx_word' id='word_1_496' title='bbox 2052 597 2163 619; x_wconf 86' lang='lat' dir='ltr'>omnes</span> <span class='ocrx_word' id='word_1_497' title='bbox 2183 588 2354 628; x_wconf 87' lang='lat' dir='ltr'>originem,</span> 
     </span>
    </p>
   </div>
   <div class='ocr_carea' id='block_1_11' title="bbox 1366 629 2355 670">
    <p class='ocr_par' dir='ltr' id='par_1_20' title="bbox 1366 629 2355 670">
     <span class='ocr_line' id='line_1_72' title="bbox 1366 629 2355 670; baseline 0.001 -9"><span class='ocrx_word' id='word_1_498' title='bbox 1366 653 1367 661; x_wconf 40' lang='lat'>1</span> <span class='ocrx_word' id='word_1_499' title='bbox 1393 629 1531 659; x_wconf 90' lang='lat' dir='ltr'>invicem</span> <span class='ocrx_word' id='word_1_500' title='bbox 1554 635 1708 668; x_wconf 88' lang='lat' dir='ltr'>tauquam</span> <span class='ocrx_word' id='word_1_501' title='bbox 1731 629 1824 661; x_wconf 88' lang='lat' dir='ltr'>unius</span> <span class='ocrx_word' id='word_1_502' title='bbox 1848 631 1989 670; x_wconf 83' lang='lat' dir='ltr'>corporis</span> <span class='ocrx_word' id='word_1_503' title='bbox 2012 630 2155 661; x_wconf 88' lang='lat' dir='ltr'>membra</span> <span class='ocrx_word' id='word_1_504' title='bbox 2178 631 2303 662; x_wconf 87' lang='lat' dir='ltr'>sincere</span> <span class='ocrx_word' id='word_1_505' title='bbox 2322 635 2355 662; x_wconf 82' lang='lat' dir='ltr'>et</span> 
     </span>
    </p>
   </div>
   <div class='ocr_carea' id='block_1_12' title="bbox 1391 671 2353 1138">
    <p class='ocr_par' dir='ltr' id='par_1_21' title="bbox 1391 671 2353 1138">
     <span class='ocr_line' id='line_1_73' title="bbox 1394 671 2353 713; baseline 0.004 -12"><span class='ocrx_word' id='word_1_506' title='bbox 1394 671 1520 712; x_wconf 87' lang='lat' dir='ltr'>integre</span> <span class='ocrx_word' id='word_1_507' title='bbox 1562 673 1719 703; x_wconf 87' lang='lat' dir='ltr'>vivamus.</span> <span class='ocrx_word' id='word_1_508' title='bbox 1765 672 1877 713; x_wconf 89' lang='lat' dir='ltr'>Neque</span> <span class='ocrx_word' id='word_1_509' title='bbox 1920 683 1995 703; x_wconf 85' lang='lat' dir='ltr'>vero</span> <span class='ocrx_word' id='word_1_510' title='bbox 2033 671 2103 704; x_wconf 89' lang='lat' dir='ltr'>dico</span> <span class='ocrx_word' id='word_1_511' title='bbox 2137 674 2206 713; x_wconf 90' lang='lat' dir='ltr'>pari</span> <span class='ocrx_word' id='word_1_512' title='bbox 2240 683 2353 705; x_wconf 86' lang='lat' dir='ltr'>omnes</span> 
     </span>
     <span class='ocr_line' id='line_1_74' title="bbox 1393 713 2352 754; baseline 0.003 -10"><span class='ocrx_word' id='word_1_513' title='bbox 1393 724 1501 745; x_wconf 90' lang='lat' dir='ltr'>amore</span> <span class='ocrx_word' id='word_1_514' title='bbox 1532 724 1624 754; x_wconf 89' lang='lat' dir='ltr'>posse</span> <span class='ocrx_word' id='word_1_515' title='bbox 1653 713 1751 754; x_wconf 88' lang='lat' dir='ltr'>diligi,</span> <span class='ocrx_word' id='word_1_516' title='bbox 1781 716 1840 746; x_wconf 85' lang='lat' dir='ltr'>etsi</span> <span class='ocrx_word' id='word_1_517' title='bbox 1865 726 1976 746; x_wconf 86' lang='lat' dir='ltr'>omnes</span> <span class='ocrx_word' id='word_1_518' title='bbox 2000 715 2128 746; x_wconf 88' lang='lat' dir='ltr'>amandi</span> <span class='ocrx_word' id='word_1_519' title='bbox 2153 720 2230 747; x_wconf 90' lang='lat' dir='ltr'>sunt</span> <span class='ocrx_word' id='word_1_520' title='bbox 2251 726 2270 746; x_wconf 87' lang='lat' dir='ltr'>a</span> <span class='ocrx_word' id='word_1_521' title='bbox 2293 716 2352 747; x_wconf 89' lang='lat' dir='ltr'>mi-</span> 
     </span>
     <span class='ocr_line' id='line_1_75' title="bbox 1394 757 2353 797; baseline 0.003 -10"><span class='ocrx_word' id='word_1_522' title='bbox 1394 757 1480 787; x_wconf 85' lang='lat' dir='ltr'>nimo</span> <span class='ocrx_word' id='word_1_523' title='bbox 1504 757 1544 788; x_wconf 89' lang='lat' dir='ltr'>ad</span> <span class='ocrx_word' id='word_1_524' title='bbox 1569 757 1754 796; x_wconf 85' lang='lat' dir='ltr'>maximum,</span> <span class='ocrx_word' id='word_1_525' title='bbox 1787 763 1818 789; x_wconf 93' lang='lat' dir='ltr'>et</span> <span class='ocrx_word' id='word_1_526' title='bbox 1840 758 1969 797; x_wconf 88' lang='lat' dir='ltr'>quidem</span> <span class='ocrx_word' id='word_1_527' title='bbox 1993 759 2090 788; x_wconf 88' lang='lat' dir='ltr'>etiam</span> <span class='ocrx_word' id='word_1_528' title='bbox 2115 758 2223 790; x_wconf 89' lang='lat' dir='ltr'>hostes</span> <span class='ocrx_word' id='word_1_529' title='bbox 2245 758 2353 790; x_wconf 87' lang='lat' dir='ltr'>infen-</span> 
     </span>
     <span class='ocr_line' id='line_1_76' title="bbox 1393 799 2352 841; baseline 0.002 -11"><span class='ocrx_word' id='word_1_530' title='bbox 1393 800 1511 830; x_wconf 89' lang='lat' dir='ltr'>sissimi</span> <span class='ocrx_word' id='word_1_531' title='bbox 1534 805 1565 830; x_wconf 89' lang='lat' dir='ltr'>et</span> <span class='ocrx_word' id='word_1_532' title='bbox 1587 799 1822 839; x_wconf 83' lang='lat' dir='ltr'>capitalissimi:</span> <span class='ocrx_word' id='word_1_533' title='bbox 1846 800 1901 831; x_wconf 91' lang='lat' dir='ltr'>sed</span> <span class='ocrx_word' id='word_1_534' title='bbox 1926 805 2033 831; x_wconf 87' lang='lat' dir='ltr'>tamen</span> <span class='ocrx_word' id='word_1_535' title='bbox 2058 800 2096 831; x_wconf 92' lang='lat' dir='ltr'>de</span> <span class='ocrx_word' id='word_1_536' title='bbox 2120 801 2250 840; x_wconf 89' lang='lat' dir='ltr'>speciali</span> <span class='ocrx_word' id='word_1_537' title='bbox 2273 811 2352 841; x_wconf 90' lang='lat' dir='ltr'>qua-</span> 
     </span>
     <span class='ocr_line' id='line_1_77' title="bbox 1394 841 2350 883; baseline 0.003 -11"><span class='ocrx_word' id='word_1_538' title='bbox 1394 842 1466 872; x_wconf 91' lang='lat' dir='ltr'>dam</span> <span class='ocrx_word' id='word_1_539' title='bbox 1489 852 1567 883; x_wconf 85' lang='lat' dir='ltr'>erga</span> <span class='ocrx_word' id='word_1_540' title='bbox 1589 841 1761 874; x_wconf 84' lang='lat' dir='ltr'>familiares</span> <span class='ocrx_word' id='word_1_541' title='bbox 1783 843 1923 874; x_wconf 87' lang='lat' dir='ltr'>amicitia</span> <span class='ocrx_word' id='word_1_542' title='bbox 1948 843 2070 882; x_wconf 88' lang='lat' dir='ltr'>loquor:</span> <span class='ocrx_word' id='word_1_543' title='bbox 2096 853 2177 883; x_wconf 88' lang='lat' dir='ltr'>quae</span> <span class='ocrx_word' id='word_1_544' title='bbox 2201 843 2261 875; x_wconf 88' lang='lat' dir='ltr'>etsi</span> <span class='ocrx_word' id='word_1_545' title='bbox 2285 854 2350 876; x_wconf 89' lang='lat' dir='ltr'>non</span> 
     </span>
     <span class='ocr_line' id='line_1_78' title="bbox 1393 884 2350 926; baseline 0.002 -11"><span class='ocrx_word' id='word_1_546' title='bbox 1393 891 1442 915; x_wconf 88' lang='lat' dir='ltr'>est</span> <span class='ocrx_word' id='word_1_547' title='bbox 1464 884 1511 915; x_wconf 93' lang='lat' dir='ltr'>illi</span> <span class='ocrx_word' id='word_1_548' title='bbox 1535 884 1676 925; x_wconf 86' lang='lat' dir='ltr'>generali</span> <span class='ocrx_word' id='word_1_549' title='bbox 1700 885 1846 924; x_wconf 87' lang='lat' dir='ltr'>qualitati</span> <span class='ocrx_word' id='word_1_550' title='bbox 1868 887 2038 923; x_wconf 85' lang='lat' dir='ltr'>contraria,</span> <span class='ocrx_word' id='word_1_551' title='bbox 2062 896 2124 926; x_wconf 85' lang='lat' dir='ltr'>qua</span> <span class='ocrx_word' id='word_1_552' title='bbox 2144 896 2246 926; x_wconf 88' lang='lat' dir='ltr'>neque</span> <span class='ocrx_word' id='word_1_553' title='bbox 2265 886 2350 917; x_wconf 90' lang='lat' dir='ltr'>tolli-</span> 
     </span>
     <span class='ocr_line' id='line_1_79' title="bbox 1393 927 2351 968; baseline 0.002 -10"><span class='ocrx_word' id='word_1_554' title='bbox 1393 934 1446 958; x_wconf 90' lang='lat' dir='ltr'>tur</span> <span class='ocrx_word' id='word_1_555' title='bbox 1470 938 1572 967; x_wconf 90' lang='lat' dir='ltr'>neque</span> <span class='ocrx_word' id='word_1_556' title='bbox 1596 927 1760 965; x_wconf 88' lang='lat' dir='ltr'>minuitur,</span> <span class='ocrx_word' id='word_1_557' title='bbox 1783 927 1931 960; x_wconf 90' lang='lat' dir='ltr'>distincta</span> <span class='ocrx_word' id='word_1_558' title='bbox 1955 934 2062 959; x_wconf 85' lang='lat' dir='ltr'>tamen</span> <span class='ocrx_word' id='word_1_559' title='bbox 2082 934 2115 959; x_wconf 86' lang='lat' dir='ltr'>et</span> <span class='ocrx_word' id='word_1_560' title='bbox 2133 933 2282 968; x_wconf 88' lang='lat' dir='ltr'>separata</span> <span class='ocrx_word' id='word_1_561' title='bbox 2301 933 2351 960; x_wconf 83' lang='lat' dir='ltr'>est</span> 
     </span>
     <span class='ocr_line' id='line_1_80' title="bbox 1569 969 2351 1012; baseline 0.004 -12"><span class='ocrx_word' id='word_1_562' title='bbox 1569 969 1796 1009; x_wconf 80' lang='lat' dir='ltr'>Quamobrem,</span> <span class='ocrx_word' id='word_1_563' title='bbox 1826 973 1853 1002; x_wconf 89' lang='lat' dir='ltr'>si</span> <span class='ocrx_word' id='word_1_564' title='bbox 1887 971 1946 1002; x_wconf 90' lang='lat' dir='ltr'>Dei</span> <span class='ocrx_word' id='word_1_565' title='bbox 1976 971 2034 1002; x_wconf 93' lang='lat' dir='ltr'>filii</span> <span class='ocrx_word' id='word_1_566' title='bbox 2058 981 2170 1002; x_wconf 88' lang='lat' dir='ltr'>sumus</span> <span class='ocrx_word' id='word_1_567' title='bbox 2193 977 2226 1002; x_wconf 87' lang='lat' dir='ltr'>et</span> <span class='ocrx_word' id='word_1_568' title='bbox 2249 971 2351 1012; x_wconf 84' lang='lat' dir='ltr'>ipsius</span> 
     </span>
     <span class='ocr_line' id='line_1_81' title="bbox 1391 1013 2352 1054; baseline 0.002 -11"><span class='ocrx_word' id='word_1_569' title='bbox 1391 1013 1509 1052; x_wconf 87' lang='lat' dir='ltr'>spiritu</span> <span class='ocrx_word' id='word_1_570' title='bbox 1543 1013 1688 1054; x_wconf 71' lang='lat' dir='ltr'>regenifi,</span> <span class='ocrx_word' id='word_1_571' title='bbox 1721 1013 1852 1045; x_wconf 83' lang='lat' dir='ltr'>caritate</span> <span class='ocrx_word' id='word_1_572' title='bbox 1883 1023 1994 1045; x_wconf 90' lang='lat' dir='ltr'>omnes</span> <span class='ocrx_word' id='word_1_573' title='bbox 2024 1013 2285 1054; x_wconf 85' lang='lat' dir='ltr'>complectemur,</span> <span class='ocrx_word' id='word_1_574' title='bbox 2319 1019 2352 1046; x_wconf 84' lang='lat' dir='ltr'>et</span> 
     </span>
     <span class='ocr_line' id='line_1_82' title="bbox 1392 1055 2351 1096; baseline 0.002 -10"><span class='ocrx_word' id='word_1_575' title='bbox 1392 1056 1477 1095; x_wconf 88' lang='lat' dir='ltr'>ipsos</span> <span class='ocrx_word' id='word_1_576' title='bbox 1506 1062 1640 1091; x_wconf 80' lang='lat' dir='ltr'>nostros,</span> <span class='ocrx_word' id='word_1_577' title='bbox 1675 1060 1710 1086; x_wconf 87' lang='lat' dir='ltr'>ut</span> <span class='ocrx_word' id='word_1_578' title='bbox 1740 1064 1813 1087; x_wconf 85' lang='lat' dir='ltr'>ante</span> <span class='ocrx_word' id='word_1_579' title='bbox 1847 1055 1923 1094; x_wconf 81' lang='lat' dir='ltr'>dixi,</span> <span class='ocrx_word' id='word_1_580' title='bbox 1959 1056 2064 1087; x_wconf 84' lang='lat' dir='ltr'>hostes</span> <span class='ocrx_word' id='word_1_581' title='bbox 2088 1056 2351 1096; x_wconf 83' lang='lat' dir='ltr'>capitalissimos:</span> 
     </span>
     <span class='ocr_line' id='line_1_83' title="bbox 1392 1097 2351 1138; baseline 0.002 -10"><span class='ocrx_word' id='word_1_582' title='bbox 1392 1098 1446 1129; x_wconf 85' lang='lat' dir='ltr'>sed</span> <span class='ocrx_word' id='word_1_583' title='bbox 1481 1097 1691 1129; x_wconf 87' lang='lat' dir='ltr'>nihilominus</span> <span class='ocrx_word' id='word_1_584' title='bbox 1723 1099 1858 1130; x_wconf 83' lang='lat' dir='ltr'>arctiore</span> <span class='ocrx_word' id='word_1_585' title='bbox 1891 1098 2028 1138; x_wconf 89' lang='lat' dir='ltr'>quadam</span> <span class='ocrx_word' id='word_1_586' title='bbox 2064 1099 2289 1130; x_wconf 82' lang='lat' dir='ltr'>coniunctione</span> <span class='ocrx_word' id='word_1_587' title='bbox 2318 1103 2351 1130; x_wconf 85' lang='lat' dir='ltr'>et</span> 
     </span>
    </p>
   </div>
   <div class='ocr_carea' id='block_1_13' title="bbox 1365 1140 2355 1189">
    <p class='ocr_par' dir='ltr' id='par_1_22' title="bbox 1365 1140 2355 1189">
     <span class='ocr_line' id='line_1_84' title="bbox 1365 1140 2355 1189; baseline 0.003 -18"><span class='ocrx_word' id='word_1_588' title='bbox 1365 1154 1367 1189; x_wconf 37' lang='grc' dir='ltr'>ζ</span> <span class='ocrx_word' id='word_1_589' title='bbox 1392 1141 1534 1172; x_wconf 88' lang='lat' dir='ltr'>amicitia</span> <span class='ocrx_word' id='word_1_590' title='bbox 1557 1140 1749 1172; x_wconf 88' lang='lat' dir='ltr'>sociabimur</span> <span class='ocrx_word' id='word_1_591' title='bbox 1761 1141 1798 1172; x_wconf 90' lang='lat' dir='ltr'>iis</span> <span class='ocrx_word' id='word_1_592' title='bbox 1816 1152 1950 1189; x_wconf 83' lang='lat' dir='ltr'>quorum</span> <span class='ocrx_word' id='word_1_593' title='bbox 1972 1152 2075 1173; x_wconf 85' lang='lat' dir='ltr'>mores</span> <span class='ocrx_word' id='word_1_594' title='bbox 2095 1142 2215 1173; x_wconf 86' lang='lat' dir='ltr'>nostris</span> <span class='ocrx_word' id='word_1_595' title='bbox 2229 1141 2355 1174; x_wconf 82' lang='lat' dir='ltr'>similes</span> 
     </span>
    </p>
   </div>
   <div class='ocr_carea' id='block_1_14' title="bbox 1393 1182 2353 2205">
    <p class='ocr_par' dir='ltr' id='par_1_23' title="bbox 1393 1182 2352 1651">
     <span class='ocr_line' id='line_1_85' title="bbox 1393 1182 2350 1224; baseline 0.002 -10"><span class='ocrx_word' id='word_1_596' title='bbox 1393 1184 1522 1215; x_wconf 79' lang='lat' dir='ltr'>fuerint.</span> <span class='ocrx_word' id='word_1_597' title='bbox 1561 1182 1637 1223; x_wconf 82' lang='lat' dir='ltr'>Sed,</span> <span class='ocrx_word' id='word_1_598' title='bbox 1661 1189 1697 1214; x_wconf 90' lang='lat' dir='ltr'>ut</span> <span class='ocrx_word' id='word_1_599' title='bbox 1719 1184 1917 1223; x_wconf 87' lang='lat' dir='ltr'>praemonui,</span> <span class='ocrx_word' id='word_1_600' title='bbox 1941 1195 2145 1224; x_wconf 87' lang='lat' dir='ltr'>summopere</span> <span class='ocrx_word' id='word_1_601' title='bbox 2168 1184 2350 1216; x_wconf 88' lang='lat' dir='ltr'>cavendum</span> 
     </span>
     <span class='ocr_line' id='line_1_86' title="bbox 1393 1226 2350 1275; baseline 0.002 -19"><span class='ocrx_word' id='word_1_602' title='bbox 1393 1237 1433 1257; x_wconf 90' lang='lat' dir='ltr'>ne</span> <span class='ocrx_word' id='word_1_603' title='bbox 1457 1226 1556 1257; x_wconf 89' lang='lat' dir='ltr'>nostri</span> <span class='ocrx_word' id='word_1_604' title='bbox 1579 1236 1686 1257; x_wconf 86' lang='lat' dir='ltr'>amore</span> <span class='ocrx_word' id='word_1_605' title='bbox 1709 1227 1915 1275; x_wconf 53' lang='lat' dir='ltr'>abripiamur,</span> <span class='ocrx_word' id='word_1_606' title='bbox 1933 1238 2000 1275; x_wconf 89' lang='lat' dir='ltr'>quo</span> <span class='ocrx_word' id='word_1_607' title='bbox 2025 1234 2140 1257; x_wconf 86' lang='lat' dir='ltr'>natura</span> <span class='ocrx_word' id='word_1_608' title='bbox 2159 1227 2350 1268; x_wconf 87' lang='lat' dir='ltr'>plerumque</span> 
     </span>
     <span class='ocr_line' id='line_1_87' title="bbox 1393 1268 2350 1309; baseline 0.002 -10"><span class='ocrx_word' id='word_1_609' title='bbox 1393 1269 1556 1300; x_wconf 87' lang='lat' dir='ltr'>ducimur.</span> <span class='ocrx_word' id='word_1_610' title='bbox 1590 1273 1622 1300; x_wconf 85' lang='lat' dir='ltr'>et</span> <span class='ocrx_word' id='word_1_611' title='bbox 1656 1268 1724 1300; x_wconf 90' lang='lat' dir='ltr'>Deo</span> <span class='ocrx_word' id='word_1_612' title='bbox 1758 1270 1790 1300; x_wconf 92' lang='lat' dir='ltr'>in</span> <span class='ocrx_word' id='word_1_613' title='bbox 1823 1270 1970 1300; x_wconf 85' lang='lat' dir='ltr'>amicitiis</span> <span class='ocrx_word' id='word_1_614' title='bbox 2003 1270 2125 1309; x_wconf 74' lang='lat' dir='ltr'>prim-te</span> <span class='ocrx_word' id='word_1_615' title='bbox 2155 1277 2262 1309; x_wconf 82' lang='lat' dir='ltr'>partes</span> <span class='ocrx_word' id='word_1_616' title='bbox 2292 1270 2350 1301; x_wconf 88' lang='lat' dir='ltr'>tri·</span> 
     </span>
     <span class='ocr_line' id='line_1_88' title="bbox 1393 1311 2350 1352; baseline 0.001 -9"><span class='ocrx_word' id='word_1_617' title='bbox 1393 1312 1547 1350; x_wconf 88' lang='lat' dir='ltr'>buendae,</span> <span class='ocrx_word' id='word_1_618' title='bbox 1570 1312 1595 1342; x_wconf 93' lang='lat' dir='ltr'>si</span> <span class='ocrx_word' id='word_1_619' title='bbox 1619 1312 1758 1342; x_wconf 91' lang='lat' dir='ltr'>amicum</span> <span class='ocrx_word' id='word_1_620' title='bbox 1780 1312 1884 1352; x_wconf 90' lang='lat' dir='ltr'>ipsum</span> <span class='ocrx_word' id='word_1_621' title='bbox 1908 1311 2027 1343; x_wconf 88' lang='lat' dir='ltr'>habere</span> <span class='ocrx_word' id='word_1_622' title='bbox 2051 1312 2211 1351; x_wconf 89' lang='lat' dir='ltr'>volumus,</span> <span class='ocrx_word' id='word_1_623' title='bbox 2239 1318 2271 1343; x_wconf 89' lang='lat' dir='ltr'>et</span> <span class='ocrx_word' id='word_1_624' title='bbox 2293 1312 2350 1344; x_wconf 93' lang='lat' dir='ltr'>ho-</span> 
     </span>
     <span class='ocr_line' id='line_1_89' title="bbox 1394 1354 2352 1395; baseline 0.001 -10"><span class='ocrx_word' id='word_1_625' title='bbox 1394 1360 1517 1385; x_wconf 90' lang='lat' dir='ltr'>nestam</span> <span class='ocrx_word' id='word_1_626' title='bbox 1548 1354 1721 1385; x_wconf 90' lang='lat' dir='ltr'>amicitiam</span> <span class='ocrx_word' id='word_1_627' title='bbox 1751 1354 1862 1386; x_wconf 89' lang='lat' dir='ltr'>colere.</span> <span class='ocrx_word' id='word_1_628' title='bbox 1907 1354 1990 1385; x_wconf 81' lang='lat' dir='ltr'>Nam</span> <span class='ocrx_word' id='word_1_629' title='bbox 2014 1355 2131 1395; x_wconf 86' lang='lat' dir='ltr'>alioqui</span> <span class='ocrx_word' id='word_1_630' title='bbox 2155 1361 2277 1386; x_wconf 88' lang='lat' dir='ltr'>certum</span> <span class='ocrx_word' id='word_1_631' title='bbox 2301 1359 2352 1386; x_wconf 81' lang='lat' dir='ltr'>est</span> 
     </span>
     <span class='ocr_line' id='line_1_90' title="bbox 1393 1397 2350 1437; baseline 0.001 -9"><span class='ocrx_word' id='word_1_632' title='bbox 1393 1408 1450 1429; x_wconf 89' lang='lat' dir='ltr'>nos</span> <span class='ocrx_word' id='word_1_633' title='bbox 1470 1397 1503 1428; x_wconf 88' lang='lat' dir='ltr'>in</span> <span class='ocrx_word' id='word_1_634' title='bbox 1523 1397 1681 1437; x_wconf 86' lang='lat' dir='ltr'>quaelibet</span> <span class='ocrx_word' id='word_1_635' title='bbox 1700 1397 1778 1428; x_wconf 86' lang='lat' dir='ltr'>vitia</span> <span class='ocrx_word' id='word_1_636' title='bbox 1795 1397 1861 1428; x_wconf 85' lang='lat' dir='ltr'>fore</span> <span class='ocrx_word' id='word_1_637' title='bbox 1881 1398 2047 1437; x_wconf 78' lang='lat' dir='ltr'>proclives,</span> <span class='ocrx_word' id='word_1_638' title='bbox 2067 1405 2099 1428; x_wconf 88' lang='lat' dir='ltr'>et</span> <span class='ocrx_word' id='word_1_639' title='bbox 2118 1397 2236 1428; x_wconf 87' lang='lat' dir='ltr'>multas</span> <span class='ocrx_word' id='word_1_640' title='bbox 2249 1398 2350 1430; x_wconf 83' lang='lat' dir='ltr'>malas</span> 
     </span>
     <span class='ocr_line' id='line_1_91' title="bbox 2136 1440 2350 1480; baseline 0.009 -11.028"><span class='ocrx_word' id='word_1_641' title='bbox 2136 1440 2249 1480; x_wconf 76' lang='lat' dir='ltr'>Neque</span> <span class='ocrx_word' id='word_1_642' title='bbox 2272 1450 2350 1472; x_wconf 88' lang='lat' dir='ltr'>vero</span> 
     </span>
     <span class='ocr_line' id='line_1_92' title="bbox 1394 1477 2349 1522; baseline 0.001 -9"><span class='ocrx_word' id='word_1_643' title='bbox 1394 1477 1505 1522; x_wconf 93' lang='lat' dir='ltr'>loquor</span> <span class='ocrx_word' id='word_1_644' title='bbox 1534 1482 1573 1513; x_wconf 90' lang='lat' dir='ltr'>de</span> <span class='ocrx_word' id='word_1_645' title='bbox 1603 1482 1738 1522; x_wconf 88' lang='lat' dir='ltr'>impuris</span> <span class='ocrx_word' id='word_1_646' title='bbox 1767 1481 1831 1513; x_wconf 91' lang='lat' dir='ltr'>illis</span> <span class='ocrx_word' id='word_1_647' title='bbox 1861 1483 2009 1514; x_wconf 89' lang='lat' dir='ltr'>amicitiis</span> <span class='ocrx_word' id='word_1_648' title='bbox 2033 1483 2146 1522; x_wconf 89' lang='lat' dir='ltr'>quibus</span> <span class='ocrx_word' id='word_1_649' title='bbox 2170 1489 2281 1513; x_wconf 89' lang='lat' dir='ltr'>mutuo</span> <span class='ocrx_word' id='word_1_650' title='bbox 2305 1483 2349 1514; x_wconf 84' lang='lat' dir='ltr'>so-</span> 
     </span>
     <span class='ocr_line' id='line_1_93' title="bbox 1395 1523 2351 1561; baseline 0.001 -6"><span class='ocrx_word' id='word_1_651' title='bbox 1395 1532 1511 1556; x_wconf 88' lang='lat' dir='ltr'>vcntur</span> <span class='ocrx_word' id='word_1_652' title='bbox 1534 1525 1677 1561; x_wconf 86' lang='lat' dir='ltr'>crimina,</span> <span class='ocrx_word' id='word_1_653' title='bbox 1701 1523 1756 1556; x_wconf 92' lang='lat' dir='ltr'>sed</span> <span class='ocrx_word' id='word_1_654' title='bbox 1779 1524 1817 1555; x_wconf 91' lang='lat' dir='ltr'>de</span> <span class='ocrx_word' id='word_1_655' title='bbox 1840 1526 1989 1556; x_wconf 86' lang='lat' dir='ltr'>amicitiis</span> <span class='ocrx_word' id='word_1_656' title='bbox 2012 1526 2161 1556; x_wconf 87' lang='lat' dir='ltr'>civilibus</span> <span class='ocrx_word' id='word_1_657' title='bbox 2185 1526 2270 1556; x_wconf 90' lang='lat' dir='ltr'>inter</span> <span class='ocrx_word' id='word_1_658' title='bbox 2293 1525 2351 1556; x_wconf 92' lang='lat' dir='ltr'>ho-</span> 
     </span>
     <span class='ocr_line' id='line_1_94' title="bbox 1394 1568 2351 1608; baseline 0.001 -9"><span class='ocrx_word' id='word_1_659' title='bbox 1394 1575 1503 1599; x_wconf 85' lang='lat' dir='ltr'>nestos</span> <span class='ocrx_word' id='word_1_660' title='bbox 1534 1568 1631 1605; x_wconf 83' lang='lat' dir='ltr'>viros,</span> <span class='ocrx_word' id='word_1_661' title='bbox 1661 1578 1742 1608; x_wconf 88' lang='lat' dir='ltr'>quae</span> <span class='ocrx_word' id='word_1_662' title='bbox 1771 1572 1878 1599; x_wconf 87' lang='lat' dir='ltr'>tamen</span> <span class='ocrx_word' id='word_1_663' title='bbox 1910 1568 1972 1598; x_wconf 86' lang='lat' dir='ltr'>nisi</span> <span class='ocrx_word' id='word_1_664' title='bbox 2007 1568 2072 1599; x_wconf 88' lang='lat' dir='ltr'>Deo</span> <span class='ocrx_word' id='word_1_665' title='bbox 2097 1569 2254 1606; x_wconf 86' lang='lat' dir='ltr'>nitantur,</span> <span class='ocrx_word' id='word_1_666' title='bbox 2286 1578 2351 1600; x_wconf 88' lang='lat' dir='ltr'>non</span> 
     </span>
     <span class='ocr_line' id='line_1_95' title="bbox 1394 1610 2027 1651; baseline -0.002 -9"><span class='ocrx_word' id='word_1_667' title='bbox 1394 1615 1529 1651; x_wconf 86' lang='lat' dir='ltr'>possunt</span> <span class='ocrx_word' id='word_1_668' title='bbox 1552 1610 1613 1641; x_wconf 88' lang='lat' dir='ltr'>nisi</span> <span class='ocrx_word' id='word_1_669' title='bbox 1635 1620 1704 1642; x_wconf 87' lang='lat' dir='ltr'>esse</span> <span class='ocrx_word' id='word_1_670' title='bbox 1727 1620 1829 1642; x_wconf 83' lang='lat' dir='ltr'>vanae</span> <span class='ocrx_word' id='word_1_671' title='bbox 1852 1616 1883 1641; x_wconf 91' lang='lat' dir='ltr'>et</span> <span class='ocrx_word' id='word_1_672' title='bbox 1906 1611 2027 1641; x_wconf 88' lang='lat' dir='ltr'>inanes.</span> 
     </span>
    </p>

    <p class='ocr_par' dir='ltr' id='par_1_24' title="bbox 1394 1652 2353 2205">
     <span class='ocr_line' id='line_1_96' title="bbox 1479 1652 2351 1685; baseline 0.001 -1"><span class='ocrx_word' id='word_1_673' title='bbox 1479 1653 1521 1684; x_wconf 86' lang='lat' dir='ltr'>Et</span> <span class='ocrx_word' id='word_1_674' title='bbox 1554 1652 1710 1684; x_wconf 85' lang='lat' dir='ltr'>hactenus</span> <span class='ocrx_word' id='word_1_675' title='bbox 1743 1652 1782 1684; x_wconf 91' lang='lat' dir='ltr'>de</span> <span class='ocrx_word' id='word_1_676' title='bbox 1814 1653 1953 1684; x_wconf 83' lang='lat' dir='ltr'>amicitia</span> <span class='ocrx_word' id='word_1_677' title='bbox 1988 1654 2041 1683; x_wconf 87' lang='lat' dir='ltr'>illa</span> <span class='ocrx_word' id='word_1_678' title='bbox 2074 1652 2248 1684; x_wconf 85' lang='lat' dir='ltr'>Ionathani</span> <span class='ocrx_word' id='word_1_679' title='bbox 2277 1663 2351 1685; x_wconf 89' lang='lat' dir='ltr'>cum</span> 
     </span>
     <span class='ocr_line' id='line_1_97' title="bbox 1395 1695 2352 1736; baseline 0 -9"><span class='ocrx_word' id='word_1_680' title='bbox 1395 1696 1536 1728; x_wconf 86' lang='lat' dir='ltr'>Davide:</span> <span class='ocrx_word' id='word_1_681' title='bbox 1566 1696 1628 1727; x_wconf 86' lang='lat' dir='ltr'>iam</span> <span class='ocrx_word' id='word_1_682' title='bbox 1652 1695 1870 1736; x_wconf 85' lang='lat' dir='ltr'>expendamus</span> <span class='ocrx_word' id='word_1_683' title='bbox 1893 1696 1988 1726; x_wconf 89' lang='lat' dir='ltr'>ctiam</span> <span class='ocrx_word' id='word_1_684' title='bbox 2013 1696 2158 1726; x_wconf 86' lang='lat' dir='ltr'>divinum</span> <span class='ocrx_word' id='word_1_685' title='bbox 2183 1705 2260 1736; x_wconf 88' lang='lat' dir='ltr'>erga</span> <span class='ocrx_word' id='word_1_686' title='bbox 2283 1695 2352 1727; x_wconf 89' lang='lat' dir='ltr'>Da-</span> 
     </span>
     <span class='ocr_line' id='line_1_98' title="bbox 1395 1738 2353 1778; baseline 0.001 -9"><span class='ocrx_word' id='word_1_687' title='bbox 1395 1739 1501 1770; x_wconf 87' lang='lat' dir='ltr'>videm</span> <span class='ocrx_word' id='word_1_688' title='bbox 1532 1739 1674 1769; x_wconf 86' lang='lat' dir='ltr'>favorem</span> <span class='ocrx_word' id='word_1_689' title='bbox 1704 1743 1736 1769; x_wconf 87' lang='lat' dir='ltr'>et</span> <span class='ocrx_word' id='word_1_690' title='bbox 1757 1738 2022 1774; x_wconf 82' lang='lat' dir='ltr'>benevolentiam.</span> <span class='ocrx_word' id='word_1_691' title='bbox 2053 1739 2104 1778; x_wconf 89' lang='lat' dir='ltr'>qui</span> <span class='ocrx_word' id='word_1_692' title='bbox 2129 1739 2268 1770; x_wconf 88' lang='lat' dir='ltr'>amicum</span> <span class='ocrx_word' id='word_1_693' title='bbox 2291 1738 2353 1778; x_wconf 89' lang='lat' dir='ltr'>ipsi</span> 
     </span>
     <span class='ocr_line' id='line_1_99' title="bbox 1394 1781 2352 1821; baseline 0 -9"><span class='ocrx_word' id='word_1_694' title='bbox 1394 1781 1612 1812; x_wconf 86' lang='lat' dir='ltr'>Ionathauum</span> <span class='ocrx_word' id='word_1_695' title='bbox 1635 1781 1808 1819; x_wconf 86' lang='lat' dir='ltr'>suscitavit,</span> <span class='ocrx_word' id='word_1_696' title='bbox 1838 1791 1899 1821; x_wconf 93' lang='lat' dir='ltr'>quo</span> <span class='ocrx_word' id='word_1_697' title='bbox 1922 1781 1954 1811; x_wconf 91' lang='lat' dir='ltr'>in</span> <span class='ocrx_word' id='word_1_698' title='bbox 1980 1782 2072 1812; x_wconf 85' lang='lat' dir='ltr'>rebus</span> <span class='ocrx_word' id='word_1_699' title='bbox 2097 1781 2281 1812; x_wconf 80' lang='lat' dir='ltr'>difficilibus</span> <span class='ocrx_word' id='word_1_700' title='bbox 2303 1782 2352 1812; x_wconf 90' lang='lat' dir='ltr'>iu-</span> 
     </span>
     <span class='ocr_line' id='line_1_100' title="bbox 1395 1823 2352 1863; baseline 0 -8"><span class='ocrx_word' id='word_1_701' title='bbox 1395 1830 1527 1855; x_wconf 84' lang='lat' dir='ltr'>varetur</span> <span class='ocrx_word' id='word_1_702' title='bbox 1545 1829 1577 1855; x_wconf 91' lang='lat' dir='ltr'>et</span> <span class='ocrx_word' id='word_1_703' title='bbox 1595 1823 1826 1855; x_wconf 89' lang='lat' dir='ltr'>sublevaretur.</span> <span class='ocrx_word' id='word_1_704' title='bbox 1871 1823 1964 1859; x_wconf 87' lang='lat' dir='ltr'>Nam,</span> <span class='ocrx_word' id='word_1_705' title='bbox 1984 1829 2020 1854; x_wconf 91' lang='lat' dir='ltr'>ut</span> <span class='ocrx_word' id='word_1_706' title='bbox 2039 1824 2189 1863; x_wconf 87' lang='lat' dir='ltr'>deinceps</span> <span class='ocrx_word' id='word_1_707' title='bbox 2209 1823 2352 1855; x_wconf 90' lang='lat' dir='ltr'>audituri</span> 
     </span>
     <span class='ocr_line' id='line_1_101' title="bbox 1395 1866 2351 1904; baseline 0 -6"><span class='ocrx_word' id='word_1_708' title='bbox 1395 1878 1514 1904; x_wconf 89' lang='lat' dir='ltr'>sumus,</span> <span class='ocrx_word' id='word_1_709' title='bbox 1540 1866 1646 1898; x_wconf 83' lang='lat' dir='ltr'>David</span> <span class='ocrx_word' id='word_1_710' title='bbox 1669 1876 1742 1898; x_wconf 89' lang='lat' dir='ltr'>cum</span> <span class='ocrx_word' id='word_1_711' title='bbox 1765 1866 1931 1897; x_wconf 88' lang='lat' dir='ltr'>horrendis</span> <span class='ocrx_word' id='word_1_712' title='bbox 1955 1867 2187 1897; x_wconf 81' lang='lat' dir='ltr'>tentationibus</span> <span class='ocrx_word' id='word_1_713' title='bbox 2211 1867 2351 1898; x_wconf 86' lang='lat' dir='ltr'>luctatus</span> 
     </span>
     <span class='ocr_line' id='line_1_102' title="bbox 1395 1908 2351 1949; baseline -0.001 -9"><span class='ocrx_word' id='word_1_714' title='bbox 1395 1915 1451 1946; x_wconf 85' lang='lat' dir='ltr'>est,</span> <span class='ocrx_word' id='word_1_715' title='bbox 1489 1909 1644 1940; x_wconf 87' lang='lat' dir='ltr'>adversus</span> <span class='ocrx_word' id='word_1_716' title='bbox 1674 1909 1778 1949; x_wconf 85' lang='lat' dir='ltr'>ipsum</span> <span class='ocrx_word' id='word_1_717' title='bbox 1805 1909 1952 1940; x_wconf 91' lang='lat' dir='ltr'>omnibus</span> <span class='ocrx_word' id='word_1_718' title='bbox 1983 1908 2238 1949; x_wconf 83' lang='lat' dir='ltr'>insurgentibus,</span> <span class='ocrx_word' id='word_1_719' title='bbox 2273 1908 2351 1940; x_wconf 89' lang='lat' dir='ltr'>adeo</span> 
     </span>
     <span class='ocr_line' id='line_1_103' title="bbox 1395 1952 2352 1992; baseline -0.001 -9"><span class='ocrx_word' id='word_1_720' title='bbox 1395 1952 1524 1992; x_wconf 89' lang='lat' dir='ltr'>quidem</span> <span class='ocrx_word' id='word_1_721' title='bbox 1549 1958 1584 1983; x_wconf 86' lang='lat' dir='ltr'>ut</span> <span class='ocrx_word' id='word_1_722' title='bbox 1607 1962 1710 1992; x_wconf 89' lang='lat' dir='ltr'>neque</span> <span class='ocrx_word' id='word_1_723' title='bbox 1733 1957 1855 1992; x_wconf 84' lang='lat' dir='ltr'>patrem</span> <span class='ocrx_word' id='word_1_724' title='bbox 1881 1961 1982 1991; x_wconf 88' lang='lat' dir='ltr'>neque</span> <span class='ocrx_word' id='word_1_725' title='bbox 2002 1959 2136 1982; x_wconf 87' lang='lat' dir='ltr'>matrem</span> <span class='ocrx_word' id='word_1_726' title='bbox 2159 1962 2261 1991; x_wconf 88' lang='lat' dir='ltr'>neque</span> <span class='ocrx_word' id='word_1_727' title='bbox 2279 1962 2352 1983; x_wconf 90' lang='lat' dir='ltr'>con-</span> 
     </span>
     <span class='ocr_line' id='line_1_104' title="bbox 1397 1993 2353 2035; baseline -0.001 -8"><span class='ocrx_word' id='word_1_728' title='bbox 1397 1996 1589 2035; x_wconf 86' lang='lat' dir='ltr'>sanguineos</span> <span class='ocrx_word' id='word_1_729' title='bbox 1623 1994 1762 2026; x_wconf 83' lang='lat' dir='ltr'>fautores</span> <span class='ocrx_word' id='word_1_730' title='bbox 1795 2000 1826 2025; x_wconf 89' lang='lat' dir='ltr'>et</span> <span class='ocrx_word' id='word_1_731' title='bbox 1848 1994 2011 2025; x_wconf 85' lang='lat' dir='ltr'>adiutores</span> <span class='ocrx_word' id='word_1_732' title='bbox 2036 1994 2192 2030; x_wconf 87' lang='lat' dir='ltr'>habuerit,</span> <span class='ocrx_word' id='word_1_733' title='bbox 2227 2004 2289 2034; x_wconf 91' lang='lat' dir='ltr'>qua</span> <span class='ocrx_word' id='word_1_734' title='bbox 2312 1993 2353 2026; x_wconf 86' lang='lat' dir='ltr'>de</span> 
     </span>
     <span class='ocr_line' id='line_1_105' title="bbox 1397 2036 2351 2077; baseline -0.001 -8"><span class='ocrx_word' id='word_1_735' title='bbox 1397 2049 1430 2069; x_wconf 89' lang='lat' dir='ltr'>re</span> <span class='ocrx_word' id='word_1_736' title='bbox 1450 2038 1653 2077; x_wconf 86' lang='lat' dir='ltr'>conqueritur</span> <span class='ocrx_word' id='word_1_737' title='bbox 1677 2036 1806 2068; x_wconf 89' lang='lat' dir='ltr'>Psalmo</span> <span class='ocrx_word' id='word_1_738' title='bbox 1824 2037 1873 2074; x_wconf 77' lang='lat'>27,</span> <span class='ocrx_word' id='word_1_739' title='bbox 1897 2037 1974 2067; x_wconf 87' lang='lat' dir='ltr'>adeo</span> <span class='ocrx_word' id='word_1_740' title='bbox 1993 2036 2120 2076; x_wconf 89' lang='lat' dir='ltr'>quidem</span> <span class='ocrx_word' id='word_1_741' title='bbox 2142 2042 2178 2067; x_wconf 91' lang='lat' dir='ltr'>nt</span> <span class='ocrx_word' id='word_1_742' title='bbox 2197 2042 2351 2076; x_wconf 88' lang='lat' dir='ltr'>tanquam</span> 
     </span>
     <span class='ocr_line' id='line_1_106' title="bbox 1397 2079 2352 2121; baseline 0 -10"><span class='ocrx_word' id='word_1_743' title='bbox 1397 2080 1562 2121; x_wconf 86' lang='lat' dir='ltr'>putridum</span> <span class='ocrx_word' id='word_1_744' title='bbox 1601 2080 1743 2120; x_wconf 86' lang='lat' dir='ltr'>corporis</span> <span class='ocrx_word' id='word_1_745' title='bbox 1781 2079 1958 2110; x_wconf 90' lang='lat' dir='ltr'>membrum</span> <span class='ocrx_word' id='word_1_746' title='bbox 1992 2080 2192 2113; x_wconf 75' lang='lat' dir='ltr'>abiiceretur,</span> <span class='ocrx_word' id='word_1_747' title='bbox 2234 2085 2297 2109; x_wconf 89' lang='lat' dir='ltr'>tam</span> <span class='ocrx_word' id='word_1_748' title='bbox 2333 2089 2352 2111; x_wconf 81' lang='lat' dir='ltr'>a</span> 
     </span>
     <span class='ocr_line' id='line_1_107' title="bbox 1397 2121 2352 2163; baseline -0.001 -9"><span class='ocrx_word' id='word_1_749' title='bbox 1397 2134 1541 2155; x_wconf 89' lang='lat' dir='ltr'>summae</span> <span class='ocrx_word' id='word_1_750' title='bbox 1561 2122 1726 2163; x_wconf 80' lang='lat' dir='ltr'>dignitatis</span> <span class='ocrx_word' id='word_1_751' title='bbox 1745 2132 1838 2162; x_wconf 90' lang='lat' dir='ltr'>quam</span> <span class='ocrx_word' id='word_1_752' title='bbox 1858 2121 1896 2152; x_wconf 86' lang='lat' dir='ltr'>ab</span> <span class='ocrx_word' id='word_1_753' title='bbox 1917 2122 2043 2152; x_wconf 87' lang='lat' dir='ltr'>infimae</span> <span class='ocrx_word' id='word_1_754' title='bbox 2062 2121 2254 2152; x_wconf 85' lang='lat' dir='ltr'>conditionis</span> <span class='ocrx_word' id='word_1_755' title='bbox 2274 2122 2352 2153; x_wconf 90' lang='lat' dir='ltr'>viris</span> 
     </span>
     <span class='ocr_line' id='line_1_108' title="bbox 1397 2163 2351 2205; baseline -0.002 -9"><span class='ocrx_word' id='word_1_756' title='bbox 1397 2172 1548 2205; x_wconf 87' lang='lat' dir='ltr'>tanquam</span> <span class='ocrx_word' id='word_1_757' title='bbox 1569 2176 1642 2197; x_wconf 90' lang='lat' dir='ltr'>reus</span> <span class='ocrx_word' id='word_1_758' title='bbox 1661 2166 1764 2196; x_wconf 87' lang='lat' dir='ltr'>laesae</span> <span class='ocrx_word' id='word_1_759' title='bbox 1783 2165 1956 2196; x_wconf 84' lang='lat' dir='ltr'>maiestatis</span> <span class='ocrx_word' id='word_1_760' title='bbox 1977 2163 2148 2195; x_wconf 84' lang='lat' dir='ltr'>haberetur</span> <span class='ocrx_word' id='word_1_761' title='bbox 2168 2164 2222 2204; x_wconf 91' lang='lat' dir='ltr'>qui</span> <span class='ocrx_word' id='word_1_762' title='bbox 2243 2170 2351 2195; x_wconf 79' lang='lat' dir='ltr'>tamen</span> 
     </span>
    </p>
   </div>
   <div class='ocr_carea' id='block_1_15' title="bbox 1370 2206 2352 2287">
    <p class='ocr_par' dir='ltr' id='par_1_25' title="bbox 1370 2206 2352 2287">
     <span class='ocr_line' id='line_1_109' title="bbox 1370 2206 2352 2249; baseline -0.001 -10"><span class='ocrx_word' id='word_1_763' title='bbox 1370 2209 1506 2249; x_wconf 46' lang='lat' dir='ltr'>¹insons</span> <span class='ocrx_word' id='word_1_764' title='bbox 1540 2213 1608 2239; x_wconf 88' lang='lat' dir='ltr'>erat</span> <span class='ocrx_word' id='word_1_765' title='bbox 1641 2218 1747 2239; x_wconf 87' lang='lat' dir='ltr'>coram</span> <span class='ocrx_word' id='word_1_766' title='bbox 1782 2207 1860 2243; x_wconf 84' lang='lat' dir='ltr'>Deo,</span> <span class='ocrx_word' id='word_1_767' title='bbox 1896 2207 2012 2237; x_wconf 87' lang='lat' dir='ltr'>bonum</span> <span class='ocrx_word' id='word_1_768' title='bbox 2047 2206 2092 2237; x_wconf 94' lang='lat' dir='ltr'>illi</span> <span class='ocrx_word' id='word_1_769' title='bbox 2130 2206 2352 2238; x_wconf 90' lang='lat' dir='ltr'>testimonium</span> 
     </span>
     <span class='ocr_line' id='line_1_110' title="bbox 1370 2249 2350 2287; baseline -0.002 -5"><span class='ocrx_word' id='word_1_770' title='bbox 1370 2270 1371 2287; x_wconf 61' lang='lat'>1</span> <span class='ocrx_word' id='word_1_771' title='bbox 1397 2252 1519 2282; x_wconf 86' lang='lat' dir='ltr'>ferente</span> <span class='ocrx_word' id='word_1_772' title='bbox 1543 2251 1753 2282; x_wconf 88' lang='lat' dir='ltr'>conscientia:</span> <span class='ocrx_word' id='word_1_773' title='bbox 1777 2250 1942 2281; x_wconf 91' lang='lat' dir='ltr'>Insontem</span> <span class='ocrx_word' id='word_1_774' title='bbox 1966 2249 2076 2280; x_wconf 86' lang='lat' dir='ltr'>audire</span> <span class='ocrx_word' id='word_1_775' title='bbox 2100 2259 2193 2280; x_wconf 89' lang='lat' dir='ltr'>nemo</span> <span class='ocrx_word' id='word_1_776' title='bbox 2206 2249 2350 2280; x_wconf 88' lang='lat' dir='ltr'>volebat:</span> 
     </span>
    </p>
   </div>
   <div class='ocr_carea' id='block_1_16' title="bbox 1396 2292 2352 2718">
    <p class='ocr_par' dir='ltr' id='par_1_26' title="bbox 1396 2292 2352 2718">
     <span class='ocr_line' id='line_1_111' title="bbox 1397 2292 2352 2334; baseline -0.002 -9"><span class='ocrx_word' id='word_1_777' title='bbox 1397 2301 1646 2334; x_wconf 85' lang='lat' dir='ltr'>praeoccupatus</span> <span class='ocrx_word' id='word_1_778' title='bbox 1667 2293 1745 2324; x_wconf 80' lang='lat' dir='ltr'>falso</span> <span class='ocrx_word' id='word_1_779' title='bbox 1764 2293 1964 2333; x_wconf 87' lang='lat' dir='ltr'>praeiudicio,</span> <span class='ocrx_word' id='word_1_780' title='bbox 1986 2292 2071 2331; x_wconf 84' lang='lat' dir='ltr'>regis</span> <span class='ocrx_word' id='word_1_781' title='bbox 2091 2292 2214 2323; x_wconf 86' lang='lat' dir='ltr'>hostem</span> <span class='ocrx_word' id='word_1_782' title='bbox 2233 2302 2304 2323; x_wconf 88' lang='lat' dir='ltr'>esse</span> <span class='ocrx_word' id='word_1_783' title='bbox 2319 2296 2352 2323; x_wconf 85' lang='lat' dir='ltr'>et</span> 
     </span>
     <span class='ocr_line' id='line_1_112' title="bbox 1397 2334 2351 2377; baseline -0.001 -10"><span class='ocrx_word' id='word_1_784' title='bbox 1397 2337 1601 2377; x_wconf 84' lang='lat' dir='ltr'>perfidiosum</span> <span class='ocrx_word' id='word_1_785' title='bbox 1647 2335 1816 2367; x_wconf 85' lang='lat' dir='ltr'>Davidem.</span> <span class='ocrx_word' id='word_1_786' title='bbox 1861 2334 1969 2374; x_wconf 85' lang='lat' dir='ltr'>Quare</span> <span class='ocrx_word' id='word_1_787' title='bbox 2013 2345 2092 2375; x_wconf 87' lang='lat' dir='ltr'>opus</span> <span class='ocrx_word' id='word_1_788' title='bbox 2136 2334 2248 2365; x_wconf 85' lang='lat' dir='ltr'>habuit</span> <span class='ocrx_word' id='word_1_789' title='bbox 2288 2334 2351 2366; x_wconf 88' lang='lat' dir='ltr'>fido</span> 
     </span>
     <span class='ocr_line' id='line_1_113' title="bbox 1397 2377 2351 2419; baseline -0.002 -9"><span class='ocrx_word' id='word_1_790' title='bbox 1397 2380 1506 2416; x_wconf 86' lang='lat' dir='ltr'>amico,</span> <span class='ocrx_word' id='word_1_791' title='bbox 1529 2379 1583 2419; x_wconf 90' lang='lat' dir='ltr'>qui</span> <span class='ocrx_word' id='word_1_792' title='bbox 1606 2379 1639 2410; x_wconf 90' lang='lat' dir='ltr'>in</span> <span class='ocrx_word' id='word_1_793' title='bbox 1664 2379 1733 2410; x_wconf 91' lang='lat' dir='ltr'>istis</span> <span class='ocrx_word' id='word_1_794' title='bbox 1756 2377 1985 2410; x_wconf 89' lang='lat' dir='ltr'>tentationibus</span> <span class='ocrx_word' id='word_1_795' title='bbox 2009 2388 2080 2407; x_wconf 90' lang='lat' dir='ltr'>eum</span> <span class='ocrx_word' id='word_1_796' title='bbox 2102 2378 2270 2414; x_wconf 80' lang='lat' dir='ltr'>solaretur,</span> <span class='ocrx_word' id='word_1_797' title='bbox 2294 2377 2351 2417; x_wconf 88' lang='lat' dir='ltr'>qui</span> 
     </span>
     <span class='ocr_line' id='line_1_114' title="bbox 1397 2420 2350 2453; baseline -0.002 -1"><span class='ocrx_word' id='word_1_798' title='bbox 1397 2422 1532 2453; x_wconf 86' lang='lat' dir='ltr'>leviores</span> <span class='ocrx_word' id='word_1_799' title='bbox 1562 2422 1704 2453; x_wconf 82' lang='lat' dir='ltr'>efficeret</span> <span class='ocrx_word' id='word_1_800' title='bbox 1734 2421 1925 2452; x_wconf 86' lang='lat' dir='ltr'>tentationes</span> <span class='ocrx_word' id='word_1_801' title='bbox 1954 2426 1986 2450; x_wconf 90' lang='lat' dir='ltr'>et</span> <span class='ocrx_word' id='word_1_802' title='bbox 2016 2420 2206 2451; x_wconf 78' lang='lat' dir='ltr'>afflictiones</span> <span class='ocrx_word' id='word_1_803' title='bbox 2237 2426 2350 2451; x_wconf 92' lang='lat' dir='ltr'>mutuo</span> 
     </span>
     <span class='ocr_line' id='line_1_115' title="bbox 1804 2461 2351 2503; baseline 0 -9"><span class='ocrx_word' id='word_1_804' title='bbox 1804 2462 2019 2494; x_wconf 83' lang='lat' dir='ltr'>Ionathauum</span> <span class='ocrx_word' id='word_1_805' title='bbox 2048 2463 2147 2503; x_wconf 83' lang='lat' dir='ltr'>igitur</span> <span class='ocrx_word' id='word_1_806' title='bbox 2177 2462 2238 2502; x_wconf 90' lang='lat' dir='ltr'>ipsi</span> <span class='ocrx_word' id='word_1_807' title='bbox 2260 2461 2351 2494; x_wconf 86' lang='lat' dir='ltr'>Deus</span> 
     </span>
     <span class='ocr_line' id='line_1_116' title="bbox 1396 2505 2349 2546; baseline -0.001 -9"><span class='ocrx_word' id='word_1_808' title='bbox 1396 2509 1531 2538; x_wconf 88' lang='lat' dir='ltr'>amicum</span> <span class='ocrx_word' id='word_1_809' title='bbox 1564 2507 1738 2539; x_wconf 89' lang='lat' dir='ltr'>suscitavit.</span> <span class='ocrx_word' id='word_1_810' title='bbox 1784 2505 1877 2546; x_wconf 86' lang='lat' dir='ltr'>Quod</span> <span class='ocrx_word' id='word_1_811' title='bbox 1909 2515 1985 2535; x_wconf 86' lang='lat' dir='ltr'>vero</span> <span class='ocrx_word' id='word_1_812' title='bbox 2015 2516 2083 2536; x_wconf 83' lang='lat' dir='ltr'>sese</span> <span class='ocrx_word' id='word_1_813' title='bbox 2111 2505 2202 2536; x_wconf 83' lang='lat' dir='ltr'>exuit</span> <span class='ocrx_word' id='word_1_814' title='bbox 2232 2505 2349 2543; x_wconf 83' lang='lat' dir='ltr'>tunica,</span> 
     </span>
     <span class='ocr_line' id='line_1_117' title="bbox 1396 2547 2349 2588; baseline -0.003 -7"><span class='ocrx_word' id='word_1_815' title='bbox 1396 2554 1427 2580; x_wconf 82' lang='lat' dir='ltr'>et</span> <span class='ocrx_word' id='word_1_816' title='bbox 1460 2561 1497 2581; x_wconf 87' lang='lat' dir='ltr'>ea</span> <span class='ocrx_word' id='word_1_817' title='bbox 1527 2550 1687 2581; x_wconf 86' lang='lat' dir='ltr'>Davidem</span> <span class='ocrx_word' id='word_1_818' title='bbox 1712 2549 1823 2586; x_wconf 90' lang='lat' dir='ltr'>induit,</span> <span class='ocrx_word' id='word_1_819' title='bbox 1857 2549 1948 2588; x_wconf 89' lang='lat' dir='ltr'>eique</span> <span class='ocrx_word' id='word_1_820' title='bbox 1972 2548 2065 2578; x_wconf 87' lang='lat' dir='ltr'>etiam</span> <span class='ocrx_word' id='word_1_821' title='bbox 2090 2547 2231 2588; x_wconf 84' lang='lat' dir='ltr'>gladium</span> <span class='ocrx_word' id='word_1_822' title='bbox 2255 2557 2349 2578; x_wconf 86' lang='lat' dir='ltr'>suum</span> 
     </span>
     <span class='ocr_line' id='line_1_118' title="bbox 1397 2591 2351 2630; baseline -0.002 -7"><span class='ocrx_word' id='word_1_823' title='bbox 1397 2592 1490 2629; x_wconf 77' lang='lat' dir='ltr'>dedit,</span> <span class='ocrx_word' id='word_1_824' title='bbox 1510 2603 1620 2625; x_wconf 86' lang='lat' dir='ltr'>arcum</span> <span class='ocrx_word' id='word_1_825' title='bbox 1640 2600 1672 2624; x_wconf 84' lang='lat' dir='ltr'>et</span> <span class='ocrx_word' id='word_1_826' title='bbox 1692 2591 1863 2630; x_wconf 83' lang='lat' dir='ltr'>baltheum,</span> <span class='ocrx_word' id='word_1_827' title='bbox 1883 2592 2011 2622; x_wconf 76' lang='lat' dir='ltr'>fuerunt</span> <span class='ocrx_word' id='word_1_828' title='bbox 2031 2591 2189 2622; x_wconf 86' lang='lat' dir='ltr'>amicitiae</span> <span class='ocrx_word' id='word_1_829' title='bbox 2204 2599 2351 2621; x_wconf 81' lang='lat' dir='ltr'>summae</span> 
     </span>
     <span class='ocr_line' id='line_1_119' title="bbox 1397 2631 2350 2683; baseline -0.001 -18"><span class='ocrx_word' id='word_1_830' title='bbox 1397 2635 1540 2683; x_wconf 83' lang='lat' dir='ltr'>pignora,</span> <span class='ocrx_word' id='word_1_831' title='bbox 1563 2647 1644 2676; x_wconf 85' lang='lat' dir='ltr'>quae</span> <span class='ocrx_word' id='word_1_832' title='bbox 1667 2635 1756 2667; x_wconf 86' lang='lat' dir='ltr'>Deus</span> <span class='ocrx_word' id='word_1_833' title='bbox 1779 2645 1841 2666; x_wconf 91' lang='lat' dir='ltr'>non</span> <span class='ocrx_word' id='word_1_834' title='bbox 1865 2632 1958 2664; x_wconf 90' lang='lat' dir='ltr'>modo</span> <span class='ocrx_word' id='word_1_835' title='bbox 1982 2644 2046 2663; x_wconf 77' lang='grc'>11011</span> <span class='ocrx_word' id='word_1_836' title='bbox 2069 2633 2271 2673; x_wconf 81' lang='lat' dir='ltr'>improbavit,</span> <span class='ocrx_word' id='word_1_837' title='bbox 2294 2631 2350 2664; x_wconf 89' lang='lat' dir='ltr'>sed</span> 
     </span>
     <span class='ocr_line' id='line_1_120' title="bbox 1396 2675 2351 2718; baseline -0.002 -10"><span class='ocrx_word' id='word_1_838' title='bbox 1396 2678 1435 2708; x_wconf 87' lang='lat' dir='ltr'>ad</span> <span class='ocrx_word' id='word_1_839' title='bbox 1458 2679 1557 2718; x_wconf 87' lang='lat' dir='ltr'>ipsius</span> <span class='ocrx_word' id='word_1_840' title='bbox 1581 2678 1707 2710; x_wconf 88' lang='lat' dir='ltr'>laudem</span> <span class='ocrx_word' id='word_1_841' title='bbox 1726 2677 1894 2709; x_wconf 85' lang='lat' dir='ltr'>memorari</span> <span class='ocrx_word' id='word_1_842' title='bbox 1915 2676 2026 2706; x_wconf 88' lang='lat' dir='ltr'>voluit.</span> <span class='ocrx_word' id='word_1_843' title='bbox 2072 2675 2290 2715; x_wconf 80' lang='lat' dir='ltr'>Quamobrem</span> <span class='ocrx_word' id='word_1_844' title='bbox 2309 2685 2351 2706; x_wconf 90' lang='lat' dir='ltr'>ex</span> 
     </span>
    </p>
   </div>
   <div class='ocr_carea' id='block_1_17' title="bbox 2522 1938 2545 2478">
    <p class='ocr_par' dir='ltr' id='par_1_27' title="bbox 2522 1938 2545 2478">
     <span class='ocr_line' id='line_1_121' title="bbox 2522 1938 2545 2478; baseline 0 0"><span class='ocrx_word' id='word_1_845' title='bbox 2522 1938 2545 2478; x_wconf 95' lang='lat' dir='ltr'> </span> 
     </span>
    </p>
   </div>
   <div class='ocr_carea' id='block_1_18' title="bbox 2523 1938 2539 2478">
    <p class='ocr_par' dir='ltr' id='par_1_28' title="bbox 2523 1938 2539 2478">
     <span class='ocr_line' id='line_1_122' title="bbox 2523 1938 2539 2478; baseline 0 0"><span class='ocrx_word' id='word_1_846' title='bbox 2523 1938 2539 2478; x_wconf 95' lang='lat' dir='ltr'> </span> 
     </span>
    </p>
   </div>
  </div>
 </body>
</html>
