2551 3044
370 204 428 235 127

371 297 498 337 aliquod
523 295 754 336 praeiudicium
779 298 925 334 afferens,
956 308 1043 328 mera
1074 297 1274 327 contumacia
1297 304 1328 327 et

372 340 501 371 rebellio
525 338 678 370 adversus
703 337 809 369 Deum
833 347 891 370 est.
926 339 1013 370 Talis
1033 347 1079 369 cst
1105 339 1153 369 his
1178 340 1329 379 tempori-

372 384 430 414 bus
455 382 697 423 hypocritarum
722 382 753 412 in
778 388 897 422 papatu
928 381 1118 416 obedientia.
1150 382 1203 421 qui
1235 381 1329 422 lunge

371 426 474 466 magis
507 424 643 455 sollicito
678 430 709 455 et
743 425 838 456 anxio
871 425 978 456 animo
1012 425 1127 456 stultas
1156 431 1187 454 et
1216 423 1330 456 inanes
1356 431 1357 454 ζ

371 468 589 500 caeremonias
617 472 648 497 et
679 467 922 506 superstitiones
953 478 970 498 a
1005 467 1148 507 patribus
1181 466 1330 498 inventas
1355 465 1357 473 ¹

372 517 534 548 exercent,
564 520 659 549 quam
685 509 768 549 quod
792 509 854 541 Dei
878 510 978 541 verbo
1008 510 1240 550 praescriptum
1264 516 1327 541 est:

372 561 405 585 et
434 553 563 593 quidem
587 552 731 592 specioso
755 551 857 584 delusi
881 560 1059 592 praetextu,
1090 551 1171 591 quod
1200 558 1330 584 sanctae

372 596 469 627 matri
493 595 646 627 ecclesiae
678 594 833 626 debeatur
860 595 1047 627 obedientia.
1094 594 1215 626 Verum
1244 595 1330 626 enim

372 649 457 677 vero,
481 648 580 678 quum
595 637 682 668 Deus
706 637 773 677 ipse
798 638 946 678 loquutus
969 639 1019 675 sit,
1043 648 1196 677 suamque
1221 638 1331 669 volun-

375 689 471 713 tatem
496 680 691 721 patefecerit,
715 691 813 720 quare
837 691 900 712 non
924 681 952 712 ei
976 680 1198 712 auscultatur?
1232 690 1331 720 quare
1356 690 1357 699 ¹

372 724 445 756 libri
470 724 551 755 sacri
574 722 791 754 clauduntur?
815 733 913 764 quare
937 723 1118 754 hominibus
1142 722 1249 763 potius
1267 734 1331 755 ser-

373 768 460 798 vitur
491 773 522 797 et
553 765 817 806 obtemperatur?
852 772 883 798 et
913 766 998 806 quod
1027 776 1198 803 summum,
1232 776 1330 805 quare

374 809 447 841 inde
480 809 605 840 iustitia
640 818 746 839 coram
781 808 850 840 Deo
889 808 1075 849 quaeritur?
1120 808 1189 839 Nae
1224 808 1330 840 Deum

372 857 537 893 oporteret
571 852 638 882 iure
673 849 902 883 dominationis
935 851 1018 891 quod
1052 852 1083 882 in
1119 862 1176 882 nos
1209 850 1332 882 obtinet

372 895 494 931 cedere,
529 893 612 934 quod
646 893 715 925 sine
748 894 873 935 ingenti
903 893 1102 934 blasphemia
1133 893 1194 924 diei
1225 904 1261 925 ac
1292 904 1331 925 ne

373 937 509 979 cogitari
533 936 662 977 quidem
687 940 801 977 potest.
845 937 913 968 Nos
945 947 1018 968 vero
1048 937 1206 968 discamus
1229 935 1331 967 homi-

372 981 468 1012 nibus
491 979 536 1011 sic
559 979 789 1019 obtemperare,
818 991 859 1011 ne
881 979 956 1020 quid
980 978 1041 1010 Dei
1064 979 1198 1019 imperio
1221 984 1253 1010 et
1275 989 1331 1020 po-

372 1023 481 1055 testati
504 1021 727 1054 detrahamus:
759 1022 815 1053 sed
846 1028 881 1054 ut
903 1022 1009 1062 potius
1032 1022 1093 1053 Dei
1118 1022 1250 1053 verbum
1274 1031 1332 1062 pro

372 1066 532 1098 factorum
553 1064 774 1105 dictorumque
794 1071 977 1097 nostrorum
998 1065 1107 1105 regula
1126 1064 1332 1102 retineamus,

372 1115 405 1140 et
426 1109 465 1140 ab
490 1108 544 1139 illo
568 1108 635 1148 regi
660 1118 717 1139 nos
740 1108 909 1148 patiamur.
955 1107 1089 1138 Interim
1120 1118 1194 1138 vero
1218 1106 1333 1139 dicitur

375 1151 455 1184 Saul
484 1160 614 1192 rogasse
645 1149 842 1188 Samuelem,
872 1155 909 1183 ut
936 1155 1083 1190 parceret
1113 1155 1240 1190 peccato
1264 1160 1332 1187 suo,

374 1204 546 1233 secumque
569 1197 799 1233 reverteretur,
822 1197 854 1225 et
875 1192 1022 1225 adoraret
1041 1192 1203 1224 Iehovam.
1238 1191 1333 1231 Quod

374 1248 451 1269 vero
487 1235 671 1268 Samuelem
700 1241 792 1277 rogat
822 1241 856 1267 ut
889 1240 1054 1277 peecatum
1086 1236 1238 1274 remittat,
1268 1245 1332 1266 non

373 1280 444 1312 ideo
468 1286 576 1310 tamen
599 1278 691 1310 illum
715 1279 748 1310 in
772 1289 892 1311 numen
916 1279 1134 1309 transformat.
1179 1278 1263 1309 Nam
1286 1288 1334 1309 re-

377 1333 453 1355 vera
475 1322 572 1353 unius
594 1321 658 1352 Dei
681 1326 729 1353 est
756 1326 888 1362 peecata
917 1320 1034 1359 delere,
1063 1320 1333 1361 quemadmodum

375 1377 432 1408 per
455 1363 647 1405 prophetam
671 1364 804 1395 Esaiam
829 1370 982 1396 testatur:
1013 1363 1080 1404 Eyo
1102 1374 1179 1401 sum,
1202 1374 1264 1405 eyo,
1287 1364 1334 1394 in-

375 1418 477 1449 quam,
508 1407 562 1447 qui
590 1406 672 1438 deleo
699 1407 879 1447 iniqtaeitates
907 1407 1075 1444 hominum,
1105 1409 1131 1437 et
1158 1417 1216 1438 ηοη
1239 1406 1333 1438 alius.

374 1450 440 1483 Sed
472 1450 575 1481 noluit
603 1448 685 1481 Saul
716 1450 799 1481 tanti
829 1449 1014 1482 Samuelem
1046 1449 1159 1487 facere,
1189 1454 1225 1480 ut
1252 1459 1333 1489 quae

375 1494 438 1525 Dei
467 1497 544 1524 sunt
573 1491 621 1522 illi
651 1491 852 1530 attribueret,
883 1492 974 1533 quasi
1006 1497 1112 1532 posset
1142 1497 1272 1532 peccata
1302 1496 1332 1522 et

376 1535 649 1576 transgressiones
680 1534 785 1567 delere
819 1540 850 1566 et
879 1535 1059 1573 remittere,
1093 1534 1147 1566 sed
1180 1538 1332 1566 consueto

376 1578 528 1619 loquendi
558 1587 648 1608 more
678 1588 754 1609 usus
781 1583 839 1609 est.
885 1576 941 1610 Sic
970 1578 1054 1609 enim
1085 1577 1123 1608 ab
1151 1576 1334 1609 hominibus

375 1620 549 1654 condonari
579 1624 709 1660 peccata
740 1619 830 1652 nobis
853 1621 1000 1661 petimus,
1029 1627 1064 1651 ut
1085 1631 1124 1651 ea
1146 1631 1208 1651 non
1231 1621 1334 1660 impe-

375 1665 466 1696 diant
490 1662 662 1704 quominus
685 1663 778 1694 amici
809 1663 882 1700 sint,
917 1667 949 1694 et
975 1673 1033 1703 pro
1065 1662 1186 1694 viribus
1216 1662 1334 1694 nostris

375 1705 551 1739 commodis
584 1705 743 1737 studeant.
796 1705 861 1737 Sed
894 1705 1013 1745 adiicit,
1047 1716 1080 1736 se
1113 1705 1194 1737 velle
1227 1706 1335 1737 Deum

375 1750 518 1786 adorare,
543 1748 612 1780 sive
635 1747 675 1778 ad
698 1749 766 1779 eius
788 1747 977 1788 placandam
1000 1749 1090 1786 iram,
1115 1748 1181 1780 sive
1201 1748 1240 1779 ad
1264 1759 1336 1789 gra-

378 1793 438 1824 tias
467 1790 608 1832 agendas
639 1790 754 1822 melius
783 1801 879 1831 quam
909 1797 983 1822 ante
1014 1790 1149 1822 fecisset.
1200 1791 1334 1828 Verum,

377 1842 413 1867 ut
436 1846 475 1866 ex
499 1832 708 1874 sequentibus
731 1833 907 1873 apparebit,
932 1833 1010 1865 haee
1033 1834 1095 1864 fuit
1114 1832 1221 1865 Saulis
1244 1844 1335 1865 mens

375 1878 514 1909 retinere
537 1887 645 1908 secum
669 1875 865 1913 Samuelem,
895 1882 931 1907 ut
964 1876 1033 1908 eius
1066 1876 1217 1907 comitatu
1251 1876 1335 1917 apud

375 1920 532 1961 populum
544 1929 636 1950 suam
655 1919 859 1950 autoritatem
878 1918 1041 1950 retineret.
1071 1918 1116 1949 At
1135 1919 1179 1949 ita
1199 1919 1336 1959 petenda

376 1971 425 1995 est
456 1962 495 1994 ab
526 1961 710 1993 hominibus
742 1960 928 1993 delictorum
959 1962 1065 1999 venia,
1096 1971 1136 1992 ne
1165 1962 1242 2001 quid
1264 1962 1334 1993 Deo

376 2005 602 2037 detrahamus:
637 2013 674 2035 ac
703 2003 840 2044 proinde
863 2015 927 2035 non
951 2008 1105 2044 tanquam
1129 2014 1147 2035 a
1170 2004 1335 2043 iudicibus,

375 2059 476 2090 penes
499 2058 579 2088 quos
602 2047 644 2079 sit
666 2051 808 2087 potestas
836 2056 894 2078 nos
924 2045 1113 2079 absolvendi
1135 2051 1166 2077 et
1188 2047 1335 2078 meritam

376 2090 680 2123 condemnationem
705 2088 852 2121 delendi:
881 2089 936 2120 sed
960 2095 1114 2130 tanquam
1137 2089 1175 2120 ab
1198 2090 1236 2121 iis
1259 2100 1335 2129 quo—

377 2145 450 2165 rum
473 2133 618 2173 cupimus
642 2142 707 2163 non
730 2132 815 2163 laodi
839 2132 1022 2171 amicitiam,
1056 2138 1087 2163 et
1118 2142 1196 2172 quos
1219 2133 1336 2164 nostris

377 2175 554 2208 commodis
577 2175 708 2207 studere
732 2186 796 2206 non
821 2175 929 2206 minus
950 2186 1045 2215 quam
1070 2180 1164 2206 antea
1181 2175 1335 2214 cupimus.

378 2219 444 2251 Sed
463 2218 553 2256 Saul,
578 2224 612 2249 ut
636 2226 780 2258 apparet,
804 2217 909 2248 Deum
934 2216 1127 2249 adoraturus
1148 2218 1337 2257 veniamque

378 2262 608 2302 deprecaturus
631 2259 818 2292 Samuelem
842 2266 1000 2300 precatur,
1032 2266 1069 2291 ut
1098 2259 1154 2291 illo
1178 2260 1266 2291 velut
1289 2261 1336 2291 in-

379 2310 554 2336 tercessore
584 2303 668 2343 apud
692 2303 799 2334 Deum
831 2307 949 2340 utatur,
981 2302 1063 2343 quod
1087 2313 1160 2334 eum
1184 2303 1337 2334 eximium

378 2346 566 2388 prophetam
598 2346 753 2377 novisset⁴
796 2346 841 2377 Et
869 2350 945 2377 ante
975 2345 1112 2377 vidimus
1142 2344 1274 2377 Saulem
1305 2346 1336 2376 iu

378 2390 522 2421 maximo
552 2389 657 2429 ipsum
689 2388 810 2419 honore
841 2388 1007 2427 habuisse,
1036 2392 1189 2428 tanquam
1220 2398 1238 2419 a
1268 2388 1338 2419 Deo

378 2432 567 2473 prophetam
595 2430 789 2463 ordinatum.
835 2430 1054 2470 Quamobrem
1085 2430 1171 2462 dicas
1204 2430 1338 2462 Saulem

380 2486 444 2507 non
473 2474 552 2506 adeo
580 2474 673 2515 gravi
704 2473 796 2514 lapsu
826 2474 931 2505 Deum
962 2473 1143 2512 offendisse,
1174 2472 1214 2504 ad
1244 2484 1338 2513 quem

380 2517 571 2549 adoraturus
603 2517 812 2552 convertitur,
846 2522 878 2547 et
911 2516 1116 2548 humiliatur:
1151 2519 1184 2547 et
1216 2516 1271 2556 qui
1305 2526 1339 2547 se

380 2561 477 2591 etiam
499 2559 702 2597 condemnat,
731 2564 767 2590 ut
787 2557 879 2591 Deus
907 2559 1013 2599 ipsum
1043 2560 1074 2590 in
1098 2559 1236 2600 gratiam
1259 2559 1337 2590 reci-

382 2603 457 2642 piat.
502 2602 627 2634 Verum
661 2602 693 2633 in
728 2606 854 2642 pectore
887 2601 1007 2633 latebat
1040 2601 1149 2634 clausa
1181 2601 1337 2642 quaedam

383 2645 571 2685 hypocrisis.
617 2645 743 2677 Morem
766 2645 853 2676 enim
876 2655 985 2676 eorum
1009 2644 1164 2686 sequitur,
1189 2644 1243 2684 qui
1265 2653 1338 2685 pec·

1204 201 1407 234 HOMILIA
1427 200 1502 235 LV.

1356 367 1357 370 ,
1383 339 1458 370 lint:
1490 338 1544 370 sed
1577 340 1683 380 potius
1715 340 1824 371 statim
1855 339 1986 371 absolvi.

2277 205 2336 238 128

1382 303 1454 328 eata
1478 297 1522 327 sie
1547 304 1723 337 agnoscunt
1754 303 1787 328 ut
1818 305 1926 328 tamen
1957 307 1993 328 ea
2015 300 2258 330 commemorari
2282 311 2337 332 no-

2032 338 2087 371 Sie
2108 340 2213 372 solent
2236 341 2336 383 hypo—

1382 382 1490 419 critae,
1515 393 1614 422 quum
1640 382 1748 414 nullus
1771 383 1890 423 effugio
1914 382 2002 414 locus
2025 390 2178 423 superest,
2211 392 2338 424 peccata

1382 424 1510 464 quidem
1523 425 1626 456 obiter
1644 426 1801 462 confiteri,
1823 432 1855 456 et
1867 425 1951 456 istud
1968 425 2105 466 Peccavi,
2123 425 2337 466 ingeminare:

1381 467 1436 498 sed
1466 468 1575 499 statim
1606 474 1713 499 tamen
1746 467 1829 499 velle
1860 468 1992 499 absolvi.
2045 467 2131 507 Quid
2166 468 2210 499 ita
2240 470 2336 502 vero?

1381 509 1505 550 Nempe
1529 510 1782 542 criminationem
1807 519 1838 542 et
1861 511 2095 542 accusationem
2122 522 2248 543 omnem
2272 523 2336 544 me-

1382 557 1496 590 tuunt,
1530 558 1562 584 et
1595 554 1825 585 correctionem
1860 553 2032 593 refugiunt.
2087 553 2200 594 Itaque
2240 555 2338 588 verbo

1383 606 1445 626 uno
1476 596 1604 635 corripi,
1635 602 1666 626 et
1695 596 1805 627 eodem
1834 595 1956 627 absolvi
1992 597 2115 635 volunt,
2149 605 2181 628 et
2210 605 2338 637 peccata

1382 638 1510 669 silentio
1534 638 1636 676 obrui,
1660 649 1700 669 ne
1724 639 1755 669 in
1780 638 1948 669 hominum
1972 650 2111 679 unquam
2131 647 2337 680 conspectum

1383 680 1532 711 veniant:
1558 687 1588 711 et
1611 691 1669 712 sua
1692 680 1855 721 hypocrisi
1874 679 2039 712 hominum
2059 681 2167 713 oculos
2185 684 2338 723 perstrin-

1383 728 1472 763 gunt.
1517 724 1562 754 At
1583 733 1646 754 non
1671 723 1715 754 ita
1736 724 1818 754 facto
1842 728 1889 754 est
1912 733 2001 763 opus.
2037 723 2101 755 Sed
2126 731 2260 765 urgente
2279 737 2337 758 nos

1382 765 1594 802 conscientia,
1635 765 1795 797 discamus
1827 775 1934 797 coram
1969 765 2039 797 Deo
2073 774 2104 797 et
2145 767 2336 807 hominibus,

1384 808 1486 846 deiici,
1511 813 1543 838 et
1565 807 1739 848 humiliari,
1763 813 1798 839 ut
1821 818 2046 848 quamcunque
2066 809 2195 840 tandem
2218 822 2339 844 correc-

1383 851 1502 882 tionem
1526 850 1690 890 imponere
1710 850 1798 882 Deus
1823 850 1968 888 voluerit,
1992 861 2061 882 eam
2082 852 2239 891 patienter
2256 854 2339 886 fera-

1384 904 1464 924 mus.
1509 892 1558 924 Ac
1592 893 1617 924 si
1653 893 1820 925 hominum
1855 893 2034 925 ministerio
2063 894 2097 925 in
2127 895 2218 926 nobis
2248 897 2342 928 easti-

1384 935 1498 977 gandis
1532 940 1657 974 utatur,
1698 942 1812 976 sponte
1852 935 2024 968 subeamus
2062 947 2196 977 poenas:
2237 948 2341 979 neque

1383 978 1595 1018 obloquamur
1607 984 1663 1010 aut
1681 979 1896 1020 indignemur,
1915 979 2183 1019 quemadmodum
2196 980 2342 1014 videmus

1384 1020 1546 1062 indignari
1577 1027 1609 1052 et
1638 1020 1775 1053 fremere
1806 1021 1962 1053 adversus
1991 1021 2098 1054 Deum
2132 1033 2186 1054 eos
2219 1034 2340 1062 omnes,

1384 1064 1438 1104 qui
1461 1063 1574 1095 fictitia
1592 1068 1625 1095 et
1643 1064 1793 1096 simulata
1810 1071 2015 1105 peccatorum
2033 1064 2232 1098 confessione
2249 1077 2341 1099 sanc-

1385 1106 1486 1138 titatis
1510 1106 1694 1147 opinionem
1717 1107 1802 1148 apud
1827 1107 1971 1138 homines
1995 1114 2164 1139 venantur.

1469 1149 1513 1181 Et
1536 1149 1574 1181 de
1597 1150 1667 1181 istis
1687 1149 1860 1188 hactenus;
1884 1156 2086 1182 transeamus
2109 1150 2150 1182 ad
2168 1152 2342 1192 sequentia,

1385 1191 1502 1233 quibus
1525 1191 1642 1223 dicitur
1665 1192 1798 1224 Samuel
1829 1191 2045 1232 respondisse,
2073 1204 2107 1224 se
2137 1204 2203 1225 non
2233 1205 2341 1226 rever—

1385 1245 1497 1267 surum
1520 1245 1592 1267 eum
1616 1235 1694 1275 ipso,
1717 1235 1800 1275 quod
1823 1246 1842 1267 a
1864 1235 1934 1266 Deo
1957 1235 2144 1276 reprobatus
2167 1237 2223 1267 sit:
2250 1237 2343 1276 quasi

1386 1277 1516 1315 diceret,
1546 1288 1580 1309 se
1605 1277 1666 1309 Dei
1696 1277 1824 1309 decreto
1856 1288 1920 1309 non
1951 1287 2041 1318 posse
2064 1279 2234 1311 reluctari:
2259 1279 2342 1320 quod

1385 1321 1536 1360 quoniam
1571 1321 1820 1360 pronunciatum
1853 1320 1957 1352 eidem
1991 1321 2256 1361 acquiescendum
2290 1322 2342 1355 sit.

1385 1363 1449 1396 Hie
1482 1363 1622 1403 primum
1656 1364 1800 1404 quaestio
1834 1363 2012 1400 suboritur,
2045 1364 2201 1404 quomodo
2234 1370 2342 1397 tamen

1385 1410 1498 1446 postea
1522 1405 1653 1438 Samuel
1675 1417 1749 1438 cum
1773 1405 1871 1438 Saule
1895 1416 2041 1438 reversus
2061 1407 2112 1444 sit,
2136 1417 2235 1447 quum
2258 1418 2291 1440 se
2308 1407 2341 1439 id

1385 1449 1548 1481 facturum
1579 1454 1676 1481 antea
1704 1450 1879 1490 negaverit.
1925 1448 2062 1480 Videtur
2085 1450 2171 1481 enim
2194 1461 2260 1482 non
2283 1450 2343 1482 sibi

1386 1497 1542 1528 constare,
1575 1491 1631 1522 sed
1666 1491 1835 1524 vacillare:
1870 1491 1953 1532 quod
1989 1501 2055 1522 non
2083 1494 2235 1524 convenit
2269 1504 2343 1534 pro-

1386 1535 1512 1575 phetae,
1535 1537 1572 1565 ut
1594 1534 1628 1565 in
1651 1534 1719 1574 ipso
1742 1534 1868 1566 dicatur
1890 1545 1958 1566 esse
1971 1534 2078 1566 Etiam
2102 1541 2134 1566 et
2153 1535 2236 1573 Non,
2259 1535 2343 1576 quod

1386 1577 1503 1609 avertit
1516 1576 1638 1608 Paulus
1656 1587 1675 1608 a
1696 1588 1729 1609 se
1752 1578 1787 1609 in
1808 1577 1839 1609 2.
1857 1576 1897 1608 ad
1910 1577 2056 1609 Corinth.
2080 1578 2224 1618 epistola,
2241 1589 2343 1618 quum

1386 1620 1448 1651 ait:
1478 1620 1571 1652 Novit
1591 1619 1693 1659 fidelis
1713 1619 1802 1652 Deus
1829 1629 1996 1652 sermonem
2019 1624 2158 1652 nostrum
2179 1621 2266 1663 apud
2282 1631 2343 1661 vos,

1386 1673 1447 1694 non
1467 1663 1566 1702 fuisse
1583 1662 1691 1694 Etiam
1713 1665 1739 1694 et
1758 1663 1837 1694 Nou.
1872 1662 1938 1694 Sed
1960 1662 2194 1695 observandum
2208 1663 2344 1696 Samue-

1386 1705 1450 1737 lem
1469 1710 1642 1746 negantem
1661 1715 1695 1736 se
1713 1716 1784 1737 cum
1799 1704 1897 1738 Saule
1919 1715 2135 1743 reversurum,
2158 1706 2243 1738 idem
2262 1706 2345 1739 velle

1387 1759 1424 1780 ac
1447 1748 1473 1780 si
1497 1748 1628 1788 diceret,
1650 1759 1684 1780 se
1707 1758 1773 1779 non
1796 1747 1935 1789 amplius
1957 1758 2047 1788 posse
2069 1748 2108 1780 ab
2126 1749 2228 1790 ipsius
2246 1750 2344 1790 parti-

1388 1790 1448 1823 bus
1477 1796 1581 1823 stare:
1611 1791 1703 1831 quasi
1733 1790 1869 1823 diceret:
1899 1790 2010 1822 Meum
2040 1801 2104 1822 non
2128 1797 2178 1823 est
2198 1797 2229 1824 te
2252 1793 2344 1831 tueri,

1389 1834 1473 1865 sicut
1501 1844 1560 1874 ego
1584 1839 1614 1864 te
1638 1844 1745 1874 regem
1776 1844 1841 1865 non
1871 1844 1909 1864 ex
1931 1844 2001 1865 meo
2023 1833 2154 1866 arbitrio
2175 1834 2343 1867 const-itui:

1388 1877 1434 1908 sic
1455 1887 1559 1916 neque
1582 1887 1641 1917 ego
1664 1882 1695 1907 te
1713 1887 1784 1908 mea
1803 1876 1974 1908 autoritate
1994 1887 2123 1917 possum
2143 1888 2342 1909 conservare.

1389 1919 1460 1960 Ego
1494 1924 1526 1951 te
1560 1918 1687 1960 quidem
1719 1919 1781 1951 Dei
1815 1919 1904 1951 iussu
1937 1929 2045 1960 regem
2076 1919 2279 1960 inauguravi,
2312 1923 2345 1952 et

1389 1962 1523 1993 inunxi:
1558 1961 1614 1994 sed
1648 1972 1746 2002 quum
1777 1962 1865 2002 regia
1894 1960 1949 1993 illa
1979 1960 2135 2002 dignitate
2164 1962 2259 2003 culpa
2289 1968 2345 1994 tua

1389 2005 1556 2043 excideris,
1580 2015 1620 2036 ne
1643 2004 1720 2045 quid
1743 2004 1880 2045 amplius
1907 2015 1925 2035 a
1946 2015 1997 2036 me
2020 2009 2216 2044 exspectato:
2240 2015 2344 2045 neque

1389 2048 1475 2079 enim
1498 2048 1556 2079 tibi
1575 2046 1750 2087 quidquam
1769 2058 1827 2088 ego
1845 2047 1982 2079 contuli:
2000 2057 2058 2088 ego
2079 2047 2233 2079 hactenus
2252 2053 2343 2079 tuam

1390 2090 1580 2131 dignitatem
1612 2090 1645 2121 in
1674 2101 1737 2130 qua
1767 2101 1801 2122 es
1824 2101 1842 2122 a
1864 2090 1934 2122 Deo
1964 2090 2157 2122 constitutus
2187 2091 2343 2130 promovi,

1389 2140 1422 2164 et
1456 2143 1513 2173 pro
1548 2133 1627 2164 mihi
1661 2133 1831 2164 commisso
1858 2143 1991 2164 munere
2020 2136 2142 2164 tutatus
2172 2142 2260 2164 sum:
2288 2132 2344 2165 sed

1389 2175 1650 2216 quandoquidem
1681 2175 1770 2207 Deus
1803 2181 1834 2207 te
1867 2186 1932 2207 non
1965 2175 2102 2216 amplius
2135 2186 2244 2215 regem
2278 2176 2344 2207 fore

1390 2219 1533 2250 minatus
1563 2222 1621 2257 est,
1649 2228 1701 2249 me
1731 2217 1800 2250 Deo
1828 2228 1938 2259 parere
1968 2227 2025 2258 par
2052 2222 2109 2249 est.
2161 2217 2251 2250 Haec
2284 2218 2344 2250 fuit

1390 2272 1481 2292 mens
1500 2260 1673 2293 Samuelis.
1708 2260 1773 2293 Sed
1794 2271 1892 2302 quum
1914 2260 2005 2292 illum
2027 2268 2137 2300 postea
2159 2260 2343 2302 comitatur,

1391 2303 1470 2335 nihil
1501 2303 1539 2335 dc
1562 2303 1695 2335 Domini
1723 2304 1885 2335 sententia
1912 2302 2113 2335 irrevocabili
2143 2302 2343 2335 detracturus

1391 2351 1447 2377 aut
1481 2347 1711 2378 immutaturus
1752 2346 1844 2384 facit,
1884 2356 1986 2386 neque
2026 2345 2145 2385 aliquid
2178 2346 2247 2378 sine
2280 2345 2344 2378 Dei

1391 2388 1541 2421 mandato
1564 2389 1858 2431 suscepturussed
1881 2389 1986 2429 potius
2008 2388 2130 2428 regiam
2153 2388 2343 2429 dignitatem

1390 2437 1573 2470 ornaturus,
1602 2432 1652 2463 cui
1675 2432 1789 2463 subiici
1811 2431 1884 2463 vult
1906 2430 2006 2462 donec
2027 2431 2122 2470 plane
2145 2431 2241 2463 suerit
2263 2430 2344 2463 Saul

1390 2479 1626 2506 exauctoratus.
1672 2474 1759 2506 Sane
1783 2474 1844 2506 Dei
1867 2473 2030 2506 decretum
2061 2479 2129 2505 erat
2151 2473 2282 2514 quidem
2304 2473 2343 2506 de

1391 2517 1564 2549 reiiciendo
1596 2516 1710 2556 Saule,
1744 2516 1799 2549 sed
1830 2515 1971 2548 nondum
1999 2516 2212 2556 patefactum:
2247 2527 2345 2557 quare

1391 2558 1576 2591 Samuelem
1610 2560 1753 2601 oportuit
1783 2559 1921 2600 aliquam
1945 2558 2160 2591 obedientiam
2183 2558 2230 2590 illi
2252 2569 2344 2599 prae-

1391 2608 1487 2641 stare,
1517 2602 1600 2642 quod
1631 2614 1695 2634 non
1726 2608 1810 2635 esset
1838 2602 1939 2643 ipsius
1961 2601 2100 2633 officium
2128 2601 2281 2642 populum
2303 2600 2342 2633 ab

1364 2675 1366 2677 ,
1392 2643 1573 2676 obedientia
1596 2656 1743 2678 avocare:
1767 2644 1822 2677 sed
1844 2643 2066 2685 praestitutum
2088 2655 2106 2676 a
2124 2644 2194 2676 Deo
2217 2648 2342 2685 tempus
