2551 3044
339 197 379 229 87

343 292 500 323 lerantes:
532 289 588 322 sed
607 289 722 321 iisdem
746 290 845 321 etiam
867 290 1065 322 occasionem
1089 294 1243 329 quantum
1269 287 1303 318 in

345 334 422 375 ipsis
445 340 492 364 est
523 333 725 373 praebentes.
769 332 880 372 Quare
909 342 1007 372 quum
1039 331 1234 363 Amalecitas
1263 330 1303 361 ab
1328 363 1331 374 .

344 376 503 408 Israelitis
533 382 596 406 tam
627 384 739 407 severe
767 375 924 406 coercitos
954 375 1101 416 legimus,
1133 373 1192 404 Dei
1215 373 1302 404 iussu
1329 378 1331 385 ’

345 427 378 450 et
407 417 557 450 mandato
587 418 705 449 factum
737 417 952 450 recordemur.
997 417 1096 449 Nobis
1130 425 1204 447 vero
1238 425 1301 446 non

345 461 465 493 dantur
495 460 589 491 hodie
619 460 700 491 talia
727 459 877 501 specialia
907 460 1074 492 mandata:
1108 458 1162 490 sed
1194 464 1303 488 tamen

343 505 479 544 quisque
502 503 629 534 iubetur
651 513 709 544 pro
732 513 791 534 sua
813 502 995 534 conditione
1014 509 1045 534 et
1064 501 1163 543 gradu
1184 499 1301 531 malum

343 546 460 578 odisse.

430 590 600 620 Caeterum
634 587 865 628 expendendae
905 588 1052 628 deinceps
1093 588 1186 617 etiam
1229 585 1303 617 illae

345 631 508 664 Samuelis
531 631 570 661 ad
595 630 726 662 Saulem
751 641 862 662 voces:
894 630 947 662 Me
976 631 1104 662 miserat
1128 628 1239 660 Ielzova
1261 628 1304 659 ad

344 674 522 714 unqendum
544 676 570 704 le
595 674 626 704 in
647 683 747 714 reyem
769 683 863 713 super
879 673 1032 713 populum
1060 683 1161 710 mcum,
1193 671 1302 702 idcirco

345 727 425 748 nnnc
447 715 586 748 ausculta
609 717 672 747 voci
695 715 852 756 verbisque
882 716 1024 748 Iekovae.
1071 714 1199 747 Samuel
1225 723 1302 745 sane

349 759 480 792 Saulem
513 765 663 798 tanquam
695 759 868 790 autoritate
901 760 1008 799 aliqua
1038 758 1201 798 praeditus
1224 756 1303 787 allo-

347 804 467 842 quitur.
498 812 597 841 quum
625 802 686 832 ait:
719 801 789 842 Ego
819 807 850 832 te
880 812 988 843 regem
1013 801 1176 832 constitui:
1211 799 1303 839 quasi

348 845 484 876 diceret:
508 843 617 882 Quum
643 843 710 875 Deo
734 845 840 875 visum
864 850 911 876 cst
935 852 965 875 te
987 844 1021 874 in
1045 853 1151 884 regem
1176 842 1301 883 eligere,

349 894 380 918 et
402 888 435 918 in
461 887 551 927 regni
575 888 807 926 possessionem
830 888 966 924 mittere,
991 897 1061 917 meo
1085 896 1160 916 usus
1179 890 1227 915 est
1245 885 1304 914 mi-

349 930 499 961 nisterio:
522 939 621 969 quare
645 928 716 960 vide
739 935 775 960 ut
797 929 880 970 quod
901 930 1031 961 Domini
1055 929 1180 959 nomine
1203 927 1303 963 iubeo,

349 979 382 1003 tu
413 972 585 1013 diligenter
614 972 759 1013 impleas,
792 977 824 1003 et
853 973 921 1004 sine
947 971 1206 1004 contradictione.
1253 969 1304 1000 Ex

347 1014 461 1055 quibus
485 1014 654 1051 discamus,
684 1014 755 1046 Deo
778 1025 843 1046 non
869 1015 995 1047 vocanti
1019 1026 1077 1046 nos
1101 1013 1140 1045 ad
1165 1012 1304 1044 hostium

347 1058 503 1088 ultionem
528 1057 714 1091 faciendam.
747 1057 920 1089 vindictam
951 1067 1078 1089 ornnem
1102 1056 1303 1097 permittere:

348 1110 385 1132 ac
408 1110 448 1131 ne
471 1099 665 1139 dubitemus,
687 1101 765 1140 quin
788 1105 824 1131 ut
846 1101 922 1131 olim
946 1101 990 1132 sic
1013 1100 1109 1130 etiam
1130 1099 1221 1129 hodie
1242 1098 1303 1128 sin-

348 1142 495 1184 gularem
529 1142 681 1174 ecclesiae
717 1153 794 1174 suae
824 1152 934 1175 curam
965 1142 1098 1182 habeat⁷
1132 1147 1305 1180 nostraque

349 1185 435 1217 salus
457 1184 497 1215 ab
519 1185 588 1216 eius
610 1185 723 1226 gloria,
747 1195 842 1226 quam
865 1186 1010 1216 veritatis
1034 1185 1153 1215 inimici
1175 1183 1304 1219 violant,

349 1235 415 1259 tota
437 1227 624 1267 dependeat.
668 1227 755 1268 Quid
778 1239 853 1260 vero
876 1228 962 1259 aliud
985 1228 1128 1268 papistae
1151 1227 1305 1257 adversus

349 1270 459 1301 fideles
493 1271 714 1310 conspirantes
748 1271 879 1311 faciunt,
914 1281 1009 1311 quam
1041 1270 1122 1310 quod
1152 1269 1306 1300 adversus

352 1314 455 1344 Deum
479 1313 662 1354 insurgunt,
697 1319 729 1345 et
758 1315 958 1344 maiestatem
989 1313 1089 1354 ipsius
1112 1313 1144 1343 in
1168 1312 1305 1343 nihilum

350 1355 495 1396 redigere
529 1356 707 1387 conantur?
760 1356 812 1387 An
844 1366 919 1387 vero
947 1355 1076 1387 tandem
1111 1355 1149 1386 ad
1184 1355 1305 1385 exitum

350 1408 408 1430 sua
431 1398 563 1429 consilia
587 1404 662 1429 sunt
685 1398 891 1438 perducturi?
918 1398 1027 1438 Quare
1051 1397 1305 1438 quandoquidem

351 1441 506 1471 adversus
521 1441 624 1471 Deum
645 1442 747 1481 ipsum
768 1441 955 1477 efferuntur,
975 1442 1134 1481 patienter
1148 1440 1306 1471 vindictae

352 1483 481 1514 divinae
505 1489 631 1522 tempus
655 1485 904 1523 praestolemur:
923 1490 1009 1515 certo
1032 1483 1175 1524 persuasi
1200 1482 1304 1513 Deum

351 1525 473 1566 gloriae
497 1535 573 1556 suae
596 1526 755 1557 vindicem
781 1528 857 1563 fore,
881 1535 912 1557 et
935 1537 998 1558 non
1023 1526 1162 1557 inultum
1182 1525 1305 1555 relictu-

351 1578 425 1599 rum
445 1568 582 1598 nominis
602 1569 650 1599 sui
670 1574 900 1609 contemptum,
919 1570 995 1609 quin
1015 1570 1159 1610 graviter
1177 1568 1306 1599 tandem

352 1610 446 1641 illum
469 1610 651 1642 ulciscatur.
700 1612 743 1642 Et
766 1623 863 1652 quum
888 1612 977 1643 Deus
1006 1613 1076 1652 ipsa
1107 1611 1146 1642 sit
1177 1611 1306 1648 veritas,
1333 1643 1335 1658 s

353 1662 482 1684 necesse
505 1660 552 1684 est
577 1659 612 1684 ut
634 1654 795 1694 seipsum,
814 1664 973 1695 suumque
997 1655 1129 1685 verbum
1154 1653 1308 1684 adversus
1333 1659 1335 1674 ·

355 1695 511 1736 quoslibet
540 1695 687 1728 inimicos
715 1707 788 1728 suos
818 1703 958 1728 tueatur:
983 1703 1078 1737 atque
1111 1707 1201 1727 suam
1232 1706 1309 1736 erga
1334 1702 1335 1736 l

354 1748 422 1774 nos,
454 1738 528 1769 licet
558 1738 716 1779 indignos,
750 1739 1000 1772 misericordiam
1037 1739 1198 1770 extendat.
1243 1738 1308 1769 Sed
1334 1737 1335 1753 ¹

355 1781 506 1821 quoniam
530 1791 569 1811 ex
593 1791 682 1812 mera
704 1792 761 1813 sua
787 1782 1005 1814 misericordia
1028 1788 1059 1813 et
1088 1782 1228 1813 bonitate
1252 1791 1309 1812 nos

355 1824 388 1854 in
423 1823 506 1854 filios
540 1823 723 1864 adoptavit,
756 1831 842 1857 certo
876 1826 1014 1857 sciamus
1047 1825 1151 1865 ipsum
1186 1834 1242 1855 nos
1275 1824 1309 1854 in

355 1866 580 1897 afflictionibus
602 1866 855 1903 sublevaturum.
890 1873 923 1899 et
945 1874 1129 1908 promptum
1154 1867 1309 1898 auxilium

356 1908 539 1939 allaturum.
574 1908 665 1947 Quae
684 1919 782 1949 quum
806 1911 849 1941 ita
868 1920 902 1941 se
922 1910 1068 1946 habeant,
1088 1920 1181 1941 curas
1201 1919 1311 1940 omnes

358 1958 485 1982 nostras
510 1951 541 1981 in
566 1951 670 1992 ipsum
692 1953 911 1984 coniiciamus:
944 1953 1074 1993 eiusque
1098 1952 1230 1989 gloriam
1254 1962 1311 1991 pro

356 1994 440 2024 virili
465 2003 719 2034 promoveamuS‚
750 1995 973 2036 patienterque
1000 1996 1134 2026 iniurias
1157 1994 1313 2034 quaslibet

357 2038 514 2074 feramus,
555 2045 587 2066 et
620 2037 755 2077 quaevis
790 2037 976 2078 opprobria,
1013 2039 1110 2069 immo
1147 2044 1177 2068 et
1212 2037 1312 2077 ipsam

358 2086 493 2110 mortem
525 2079 649 2110 fortiter
678 2080 838 2118 obeamus,
868 2081 1011 2120 persuasi
1039 2090 1203 2120 nunquam
1228 2079 1314 2110 defu-

1178 192 1380 225 HOMILIA
1404 191 1479 224 LII.

362 2130 468 2152 turum
493 2121 583 2152 nobis
606 2123 706 2162 ipsius
729 2124 883 2154 virtutem
907 2130 939 2154 et
961 2123 1147 2164 potentiam,
1181 2122 1235 2153 sed
1260 2131 1314 2161 op-

358 2171 498 2204 portuno
522 2171 665 2205 tempore
688 2166 845 2197 auxilium
871 2165 1057 2197 allaturam:
1091 2164 1184 2196 modo
1207 2172 1312 2194 tamen

361 2208 520 2247 patienter
543 2206 630 2238 illam
655 2208 892 2247 praestolemur.
939 2208 1048 2248 Quare
1078 2208 1149 2239 licet
1180 2207 1314 2247 improbi
1340 2214 1341 2230 ἐ

361 2249 561 2280 dominatum
584 2250 758 2285 obtineant.
783 2259 813 2281 et
837 2251 924 2282 mille
937 2251 1038 2282 modis
1051 2250 1141 2282 nobis
1159 2250 1315 2281 insultent
1340 2258 1341 2283 1

360 2300 391 2323 et
416 2291 553 2322 ludibrio
578 2292 726 2331 habeant,
758 2293 860 2324 Deum
893 2300 998 2325 tamen
1022 2304 1057 2325 eo
1081 2292 1314 2324 ardentioribus

362 2336 446 2366 votis
480 2335 674 2373 invocemus,
705 2336 798 2376 eique
828 2342 1013 2376 temporum
1043 2336 1315 2377 opportunitatem

361 2377 602 2418 permittamus:
635 2378 890 2418 quandoquidem
915 2389 979 2410 non
1002 2385 1050 2410 est
1074 2379 1234 2410 humanae
1256 2377 1315 2407 im-

365 2420 546 2452 becillitatis
577 2420 621 2451 illi
657 2422 811 2452 terminos
839 2432 966 2462 ponere.
1012 2421 1077 2454 Sed
1107 2421 1133 2453 si
1158 2420 1317 2460 patienter
1341 2429 1343 2450 l

361 2470 394 2494 et
418 2463 558 2493 modeste
584 2463 639 2494 toti
663 2463 701 2493 ab
725 2464 777 2494 illo
801 2464 1005 2504 pendeamus,
1036 2470 1158 2496 certum
1188 2469 1237 2494 est
1258 2472 1316 2492 nos
1341 2459 1343 2487 1

364 2516 398 2536 re
426 2506 494 2546 ipsa
525 2505 727 2537 liberatorem
752 2513 783 2537 et
817 2513 939 2546 patrem
974 2508 1078 2547 ipsum
1112 2510 1315 2546 experturos:

364 2547 630 2587 Quandoquidem
661 2551 744 2580 enim
775 2549 814 2580 ab
845 2552 931 2580 omni
961 2560 1040 2581 aevo
1069 2559 1145 2581 suae
1167 2547 1317 2579 ecclesiae

365 2591 515 2622 misertus
539 2597 594 2624 est.
625 2591 757 2631 eiusque
787 2602 820 2623 se
850 2592 1010 2623 vindicem
1042 2590 1190 2629 ostendit,
1215 2599 1317 2629 neque

363 2631 424 2663 hoc
448 2634 542 2665 etiam
568 2639 710 2673 tempore
733 2634 925 2666 iniuriarum
960 2635 1027 2666 suis
1056 2635 1132 2666 filiis
1154 2634 1316 2665 illatarum

2277 193 2316 225 88

1357 286 1578 318 obliviscetur:
1613 286 1667 318 sed
1697 297 1827 319 causam
1862 286 2013 319 ecclesiae
2047 296 2123 318 suae
2156 287 2318 328 suscipiet,

1356 339 1483 360 summo
1516 338 1589 360 cum
1624 329 1767 361 hostium
1804 329 1957 361 dedecore
1989 335 2019 360 et
2054 329 2169 360 ultimo
2209 330 2317 362 exitio.

1356 371 1467 411 Quare
1485 381 1587 412 quum
1599 371 1706 403 Deum
1726 373 1829 404 nostri
1849 383 1959 404 curam
1981 371 2099 403 habere
2118 372 2316 413 singularem

1355 415 1504 452 sciamus,
1534 425 1575 446 ne
1606 425 1663 446 nos
1692 415 1829 446 iniurias
1858 416 1925 456 pati
1958 414 2084 446 taedeat
2108 415 2147 446 ab
2171 414 2317 446 hostibus

1354 457 1468 508 illatas,
1488 457 1648 498 tantisper
1659 457 1737 489 dum
1750 457 1840 489 Deus
1861 458 1980 489 vindex
2000 463 2162 499 appareat,
2181 464 2214 488 et
2233 457 2320 488 velut

1354 498 1414 530 από
1438 500 1567 538 μηχανῆς
1590 500 1746 531 auxilium
1771 501 1932 541 oppressis
1955 499 2090 539 adferat,
2113 507 2145 531 et
2173 500 2320 531 miserias

1354 548 1386 572 et
1409 542 1601 574 afflictiones
1624 552 1642 573 a
1665 542 1758 574 nobis
1781 543 1929 583 depellat.

1438 584 1508 616 Iam
1533 595 1608 616 vero
1631 586 1726 626 agite,
1749 588 1799 617 etc.

1656 755 1901 795 HOMILIA
1926 756 2015 795 LII.

1440 841 1468 873 8.
1500 840 1544 872 Et
1565 839 1765 880 apprehendit
1794 840 1886 880 Ayay
1915 849 2016 880 reyem
2044 839 2170 871 Amalec
2202 841 2315 881 vivum,

1354 894 1440 917 omne
1469 886 1569 915 autem
1598 882 1709 923 vulqus
1738 882 1889 920 interfecit
1918 883 1949 913 in
1978 892 2030 914 ore
2056 882 2166 923 yladii.
2210 883 2239 915 9.
2271 883 2315 915 Et

1350 927 1485 968 pepercit
1516 925 1594 958 Saul
1624 927 1650 956 et
1676 925 1809 965 populus
1836 925 1938 966 Ayay,
1969 928 1995 955 et
2023 925 2148 966 optimis
2174 925 2317 966 qreyibus

1329 998 1331 1006 Α
1356 970 1469 1008 ovium,
1501 972 1529 1000 et
1561 971 1780 1006 armentorum,
1815 971 1843 999 et
1875 967 2016 1005 vestibus,
2046 971 2074 1000 et
2101 968 2260 1005 arietibus,
2291 971 2319 1000 et

1356 1012 1512 1044 universis
1535 1021 1614 1050 quae
1631 1010 1768 1050 pulchra
1797 1013 1899 1042 erant:
1927 1020 1980 1042 nec
2009 1011 2170 1042 voluerunt
2198 1021 2235 1043 ea
2257 1011 2320 1043 dis-

1352 1056 1489 1096 perdere,
1514 1054 1665 1094 quidquid
1688 1063 1756 1085 vero
1778 1053 1837 1084 vile
1857 1053 1921 1092 fuit
1941 1055 1969 1084 et
1991 1053 2163 1094 reprobam,
2194 1053 2247 1086 hoc
2268 1054 2320 1085 ‹le-

1355 1098 1456 1129 moliti
1478 1099 1559 1128 sunt.
1605 1096 1653 1127 10.
1687 1095 1817 1127 Factum
1846 1098 1889 1127 est
1922 1098 2021 1127 autem
2043 1095 2166 1127 verbum
2189 1096 2319 1128 Domini

1357 1141 1398 1172 acl
1411 1139 1546 1177 Sainuel,
1569 1139 1690 1170 dicens.-
1720 1139 1770 1170 11.
1786 1138 1925 1170 Poenitet
1945 1148 1992 1170 me
2013 1139 2093 1179 quod
2115 1139 2323 1171 constituerim

1360 1183 1437 1215 Saul
1459 1192 1568 1223 reyem,
1592 1182 1666 1222 quia
1689 1181 1850 1220 dereliquit
1872 1191 1929 1220 me,
1958 1184 1986 1212 et
2012 1181 2103 1213 verba
2132 1191 2200 1213 mea
2230 1192 2320 1222 opere

1357 1237 1418 1258 non
1440 1225 1585 1265 implevit.
1622 1223 1886 1264 sztristatusque
1908 1227 1953 1255 est
1972 1223 2107 1261 Samuel,
2132 1227 2159 1255 et
2176 1224 2319 1256 clamavi}

1357 1270 1399 1301 ad
1422 1268 1592 1300 Dominum
1615 1270 1675 1299 tota
1699 1270 1790 1299 nocte.

1444 1353 1618 1394 Superiora
1651 1353 1805 1384 concione
1837 1362 1950 1384 causas
1984 1352 2168 1393 docuimus,
2203 1352 2319 1393 quibus

1358 1397 1517 1428 adductus
1551 1395 1711 1427 Dominus
1742 1401 1807 1426 tam
1838 1405 1950 1426 severe
1980 1395 2088 1435 puniri
2119 1395 2320 1427 Amaleeitas

1360 1441 1523 1471 voluerat:
1547 1443 1579 1470 et
1601 1443 1767 1478 praeterea
1789 1443 1908 1478 quanto
1922 1437 2012 1469 Deus
2035 1448 2144 1470 amore
2167 1448 2226 1470 nos
2244 1447 2320 1479 pro-

1359 1487 1510 1523 sequatur
1533 1480 1741 1516 ostendimus.
1772 1490 1931 1521 quamque
1959 1480 2006 1511 illi
2029 1482 2113 1522 grati
2137 1486 2168 1512 et
2197 1481 2319 1522 accepti

1359 1526 1472 1564 simus,
1502 1534 1581 1565 quos
1603 1523 1637 1554 in
1662 1523 1824 1563 peculium
1856 1533 1950 1554 suum
1980 1523 2154 1564 adoptavit,
2185 1528 2216 1555 et
2246 1534 2321 1565 pre-

1359 1569 1458 1599 tiosos
1482 1567 1579 1599 babet
1602 1576 1677 1606 prae
1700 1566 1822 1606 reliquo
1846 1565 1982 1597 mundo:
2006 1567 2070 1597 iam
2093 1570 2240 1606 superest
2262 1576 2318 1597 ex-

1360 1610 1539 1652 pendamus
1562 1619 1625 1649 qua
1647 1609 1770 1640 ratione
1793 1608 1980 1640 mandatum
2012 1609 2097 1640 istud
2123 1608 2202 1641 Saul
2232 1619 2320 1640 acce-

1360 1654 1451 1694 perit,
1481 1658 1512 1684 et
1542 1663 1604 1692 qua
1633 1651 1665 1682 in
1698 1662 1731 1683 re
1761 1652 1800 1683 ab
1831 1653 1902 1692 ipso
1932 1651 2007 1682 dum
2032 1651 2111 1683 illud
2135 1653 2321 1692 exsequitur

1360 1701 1526 1737 peccatum
1550 1696 1600 1726 sit.
1643 1693 1774 1726 Samuel
1798 1695 1898 1735 igitur
1921 1693 1960 1724 ad
1986 1693 2116 1726 Saulem
2139 1705 2157 1726 a
2180 1694 2321 1726 Domino

1334 1766 1335 1774 ,
1360 1740 1488 1776 missus,
1513 1743 1548 1769 ut
1570 1737 1845 1777 obsequentiorem
1870 1737 1960 1768 illum
1986 1737 2106 1775 reddat,
2126 1742 2257 1769 revocat
2274 1736 2323 1768 illi

1360 1782 1392 1812 in
1417 1781 1605 1812 memoriam
1629 1779 1814 1811 electionem
1834 1790 1923 1811 suam
1938 1780 1970 1810 in
1990 1780 2111 1820 regiam
2131 1780 2321 1821 dignitatem

1361 1825 1463 1865 ipsius
1488 1823 1648 1855 Samuelis
1674 1823 1863 1854 ministerio.
1909 1821 1996 1854 Sane
2026 1823 2079 1863 qui
2104 1822 2167 1854 Dei
2190 1823 2320 1854 nomine

1363 1867 1508 1907 loquitur
1531 1866 1622 1897 debet
1647 1866 1844 1896 vocationem
1870 1875 1959 1896 suam
1979 1865 2164 1906 approbare.
2183 1870 2219 1897 ut
2237 1875 2322 1896 mor-

1363 1910 1438 1941 talis
1471 1909 1564 1940 dictis
1592 1907 1671 1940 fides
1700 1907 1900 1947 adhibeatur,
1934 1918 2028 1949 quem
2059 1908 2177 1949 alioqui
2205 1908 2322 1940 merito

1363 1957 1547 1993 suspectum
1578 1957 1609 1982 et
1638 1950 1864 1982 inhonoratum
1889 1960 1959 1982 esse
1981 1961 2112 1982 necesse
2135 1956 2192 1982 est.
2238 1950 2322 1982 Nam

1364 1995 1503 2036 profecto
1537 1993 1723 2025 audaciores
1753 1998 1828 2024 sunt
1858 1993 2005 2025 homines
2032 1995 2065 2024 in
2097 1994 2159 2025 Dei
2193 1993 2322 2024 nomine

1364 2037 1557 2074 mentiendo,
1581 2041 1617 2068 ut
1635 2036 1702 2067 suis
1720 2037 1910 2068 commentis
1923 2037 2127 2068 autoritatem
2140 2035 2319 2068 concilient.

1339 2115 1340 2120 ¹
1364 2080 1402 2111 In
1428 2080 1539 2120 primis
1561 2078 1858 2120 pseudoprophetas
1877 2079 2110 2119 etimpostores
2124 2079 2184 2110 Dei
2204 2088 2321 2110 nomen

1366 2123 1431 2154 suis
1454 2122 1589 2154 fallaciis
1612 2127 1645 2153 et
1667 2122 1852 2161 imposturis
1874 2122 2021 2162 tegendis
2044 2131 2218 2162 usurpasse
2236 2120 2321 2152 vide-

1340 2197 1341 2203 ,
1365 2176 1446 2202 mus,
1478 2169 1510 2195 et
1539 2165 1598 2196 sub
1625 2163 1682 2195 illo
1712 2170 1865 2204 tanquam
1894 2165 2018 2205 ingenti
2049 2164 2159 2205 clypeo
2191 2163 2322 2195 fraudes

1366 2218 1438 2239 suas
1472 2207 1670 2244 occultasse,
1710 2207 1800 2247 quasi
1835 2206 1942 2238 Deum
1977 2211 2118 2238 autorem
2150 2205 2316 2238 haberent.

1368 2251 1409 2281 Et
1439 2250 1522 2281 istud
1553 2250 1649 2281 hodie
1678 2250 1791 2280 vitium
1822 2250 1962 2280 maxime
1997 2249 2142 2280 videmus
2176 2259 2320 2288 regnare.

1367 2293 1446 2323 Nam
1471 2292 1729 2333 quandoquidem
1752 2292 2049 2333 pseudoprophetae
2081 2302 2141 2322 non
2173 2296 2250 2323 sunt
2273 2291 2321 2323 di-

1368 2336 1504 2376 ligenter
1535 2335 1573 2366 ad
1604 2335 1688 2366 hane
1719 2345 1863 2366 normam
1890 2334 2075 2372 examinati,
2106 2334 2180 2365 inde
2202 2334 2321 2366 factum

1341 2413 1342 2416 Ἰ
1369 2385 1404 2408 ut
1427 2385 1517 2409 tanta
1540 2383 1671 2418 tamque
1695 2377 1857 2408 horrenda
1890 2377 2056 2409 ecclesiam
2086 2377 2227 2408 confusio
2250 2387 2322 2418 per-

1367 2421 1496 2460 vaserit,
1519 2427 1554 2451 ut
1576 2421 1685 2451 omnia
1703 2430 1758 2451 sus
1771 2419 1871 2460 deque
1892 2421 1923 2451 in
1942 2419 1995 2450 illa
2014 2419 2170 2459 ferantur,
2189 2425 2223 2451 et
2240 2419 2322 2451 nihil

1368 2463 1428 2493 nisi
1460 2473 1585 2494 summa
1614 2463 1749 2494 vastitas
1779 2467 1812 2494 et
1835 2463 1946 2494 ruinae
1968 2462 2110 2502 undique
2134 2465 2320 2503 appareant.

1369 2504 1455 2536 Satis
1484 2506 1569 2536 enim
1600 2506 1660 2537 fuit
1690 2505 1773 2545 quod
1804 2515 1886 2545 papa
1915 2515 1984 2536 cum
2016 2510 2081 2536 toto
2111 2505 2264 2536 comitatu
2287 2514 2322 2536 se

1369 2547 1581 2586 apostolorum
1601 2558 1798 2580 successores
1811 2558 1880 2580 esse
1891 2547 2048 2585 iactarint,
2064 2552 2094 2578 et
2107 2547 2321 2579 hierarchiam

1369 2600 1460 2629 quam
1487 2596 1601 2622 vocant
1625 2591 1664 2622 ab
1686 2589 1799 2622 iisdem
1822 2591 1988 2630 accepisse.
2036 2590 2185 2630 Denique
2210 2589 2320 2622 seduc-

1369 2638 1461 2669 tores,
1473 2639 1502 2663 et
1527 2634 1726 2673 impostores,
1745 2634 1798 2673 qui
1822 2633 1855 2664 in
1880 2632 2045 2665 eeclesiam
2069 2633 2149 2664 falsa
2172 2632 2321 2674 dogmata
