2551 3044
380 205 444 237 419

383 310 455 331 rum
476 298 660 339 cupiditate,
679 307 744 328 non
765 295 870 328 ambio
886 296 1007 336 regiam
1021 294 1230 336 dignitatem:
1249 305 1348 335 quare

383 352 459 382 ergo
479 342 588 371 darem
609 340 807 372 occasionem
827 338 976 370 omnibus
995 337 1179 378 suspicandi
1197 348 1250 368 me
1266 337 1348 369 velle

382 394 518 424 regnum
554 381 730 414 invadere?
774 381 892 413 Nonne
926 391 976 412 me
1008 380 1099 411 Deus
1128 380 1163 411 in
1192 380 1348 412 Iudaeam

382 427 494 458 venire
524 426 640 457 iubens
670 424 797 456 videtur
828 431 982 463 tanquam
1007 423 1150 464 ingentis
1172 423 1243 454 saxi
1266 423 1348 455 mole

381 469 516 501 obruere
548 467 652 499 velle?
682 477 847 508 quousque
877 465 1007 497 tandem
1037 476 1109 497 cum
1141 466 1243 497 tantis
1264 466 1347 498 diffi-

381 512 555 544 cultatibus
579 509 749 543 luctabor?
775 509 926 540 nullusne
946 509 1075 540 futurus
1094 508 1170 540 finis
1188 508 1347 540 malorum

382 555 444 586 nisi
469 564 567 595 quum
591 564 608 584 e
640 554 722 584 vivis
745 551 934 584 excessero?
966 551 1124 592 quomodo
1153 561 1212 592 ego
1235 551 1347 592 paucis

380 597 518 638 stipatus
548 596 705 627 militibus
735 595 844 627 Saulis
868 594 990 626 viribus
1013 594 1184 626 resistam?
1213 605 1277 635 qua
1301 605 1348 625 ra-

381 640 467 672 tione
491 639 630 679 denique
654 639 738 670 vitae
763 647 852 670 meae
875 636 1065 669 consulam?

467 682 601 713 Talibus
620 682 721 722 igitur
739 690 775 712 ac
794 679 953 712 similibus
971 679 1218 721 cogitationibus
1237 679 1346 710 David

381 731 508 766 poterat
527 724 628 757 Gathi
650 723 799 755 nuntium
819 722 967 755 eludere:
984 722 1040 754 sed
1059 722 1132 764 plus
1150 721 1235 763 apud
1255 722 1346 753 illum

381 768 470 800 verbi
495 767 598 799 divini
621 767 672 798 vis
694 777 789 807 quam
814 765 1040 798 difficultatum
1063 765 1206 797 omnium
1232 775 1346 805 appre-

380 811 494 843 hensio
525 810 636 851 potuit.
683 808 903 849 Quamobrem
935 808 1095 840 diseamus
1124 808 1164 839 ad
1187 808 1250 839 Dei
1274 818 1345 839 ver-

381 855 456 885 bum
488 852 718 893 recipiendum,
750 857 782 883 et
803 851 843 883 ad
867 862 961 883 usum
985 857 1131 883 nostrum
1155 856 1346 882 converten-

380 896 468 932 dum,
499 895 693 927 avertendos
723 894 833 926 oculos
863 904 933 926 esse
962 893 1002 926 ab
1031 893 1182 925 omnibus
1212 893 1346 924 obiectis

379 946 412 971 et
439 938 684 970 difficultatibus
713 938 828 978 quibus
858 937 898 968 ab
928 937 1034 968 officio
1057 936 1211 968 deterreri
1235 946 1343 976 posse-

377 993 459 1020 mus,
483 988 515 1013 et
537 992 555 1011 a
580 991 655 1013 vera
679 986 712 1012 et
735 991 799 1012 non
823 980 897 1012 ficta
921 980 981 1011 Dei
1004 979 1186 1011 obedientia
1209 978 1343 1010 resilire.

377 1024 595 1064 Quamobrem
629 1023 885 1063 quotiescunque
917 1022 1006 1054 Deus
1035 1032 1072 1053 ea
1102 1022 1233 1053 iusserit
1263 1031 1345 1061 quae

376 1067 494 1099 iudicio
529 1073 560 1098 et
590 1067 709 1098 rationi
739 1066 954 1107 repugnantia
985 1065 1192 1102 videbuntur,
1231 1074 1344 1095 sensus

376 1116 502 1142 nostros
525 1110 729 1150 captivemus
751 1109 886 1148 eiusque
910 1108 1071 1139 voluntati
1095 1118 1152 1138 nos
1172 1112 1256 1138 totos
1274 1117 1345 1147 per-

377 1154 555 1189 mittamus,
597 1157 630 1184 et
669 1161 860 1192 quacunque
902 1151 1034 1182 duxerit
1067 1160 1250 1189 sequamur.
1296 1151 1344 1180 Ae

377 1196 451 1228 lieet
469 1204 702 1235 nonnunquam
722 1204 781 1226 nos
799 1194 839 1225 ad
859 1194 1019 1224 lanienam
1041 1193 1170 1223 trahere
1186 1192 1343 1232 videatur,

377 1238 537 1278 intrepide
560 1243 668 1269 tamen
693 1237 855 1268 iubentem
879 1246 1064 1276 sequamur,
1095 1235 1228 1266 minime
1251 1234 1344 1266 dubi-

377 1287 484 1313 tantes
517 1281 597 1321 quin
628 1280 768 1311 rationes
798 1278 914 1310 habeat
943 1285 1046 1310 certas
1071 1283 1199 1309 nostrae
1221 1278 1343 1315 salutis,

377 1325 452 1356 licet
472 1323 564 1355 nobis
587 1323 779 1363 incognitas.
826 1321 933 1353 David
958 1322 1067 1361 igitur,
1089 1321 1162 1352 licet
1187 1320 1344 1360 propheta

377 1367 480 1399 solum
494 1366 556 1398 Dei
576 1366 763 1397 mandatum
789 1365 828 1396 de
853 1364 1063 1404 relinquenda
1086 1364 1238 1403 spelunca
1258 1369 1344 1394 attu—

376 1410 476 1446 lisset,
501 1419 604 1448 neque
626 1414 683 1439 aut
704 1418 795 1439 arma
811 1413 866 1438 aut
885 1408 993 1447 copias
1012 1406 1259 1446 suppeditasset,
1280 1406 1344 1436 Dei

377 1458 486 1485 tamen
515 1451 704 1491 sapientiam
737 1451 906 1481 hominum
930 1449 1186 1490 apprehensione
1209 1459 1344 1490 cognos-

376 1506 454 1528 cens
476 1494 571 1535 longe
593 1504 662 1525 esse
686 1494 897 1533 superiorem,
922 1493 990 1523 sine
1011 1492 1199 1523 difficultate
1219 1497 1251 1523 et
1270 1502 1343 1523 con-

377 1537 567 1570 tradictione
586 1547 655 1567 sese
676 1536 808 1567 Domini
830 1535 991 1566 mandatis
1010 1535 1237 1574 obsequentem
1257 1545 1346 1575 prae-

377 1581 462 1612 buit:
495 1590 571 1610 nam
603 1579 715 1610 relicta
745 1579 898 1619 spelunca
928 1578 983 1609 illa
1013 1578 1162 1608 Odollam
1194 1579 1283 1609 venit
1311 1579 1345 1608 in

377 1623 494 1656 saltum
531 1622 647 1653 Hareti
682 1622 736 1661 qui
772 1627 841 1652 erat
877 1621 908 1652 in
945 1620 1074 1651 Iudaea.
1127 1620 1200 1651 Non
1236 1621 1345 1660 itaque

378 1666 553 1698 terminum
577 1664 717 1704 aliquem
742 1665 801 1695 sibi
822 1664 955 1705 praefigi
975 1663 1014 1694 ad
1039 1663 1222 1694 exeundum
1238 1663 1345 1694 David

379 1708 597 1749 exspectavit:
620 1706 677 1739 sed
701 1713 833 1747 repente
857 1717 890 1738 se
914 1706 1046 1737 Domini
1071 1705 1232 1737 mandatis
1255 1707 1345 1737 obse-

379 1757 532 1792 quentem
563 1749 721 1790 praebuit.
767 1749 840 1788 Quo
870 1749 1018 1789 exemplo
1042 1748 1147 1779 Deum
1180 1754 1346 1780 vocantem

379 1794 480 1834 sequi,
505 1804 569 1824 non
593 1793 746 1833 speciosis
770 1792 900 1832 quidem
932 1798 963 1822 et
987 1793 1080 1823 vanis
1110 1792 1348 1831 protestationi-

379 1838 441 1869 bus
471 1843 503 1867 et
532 1835 762 1872 caeremoniis,
795 1835 850 1866 sed
881 1845 955 1866 cum
986 1834 1152 1866 alacritate
1186 1840 1217 1865 et
1248 1835 1347 1865 animi

379 1878 642 1921 promptitudine,
667 1878 737 1909 sine
759 1888 926 1909 murmure
945 1888 981 1910 ac
1004 1877 1257 1908 contradictione
1277 1889 1347 1908 nos-

379 1934 442 1963 que
473 1922 532 1961 ipsi
563 1921 721 1961 regendos
756 1931 795 1951 ex
826 1921 926 1960 ipsius
963 1920 1130 1951 voluntate
1160 1921 1348 1960 permittere

381 1966 542 1998 docemur.
574 1964 646 2003 Qua
666 1964 786 1995 virtute
806 1963 989 2003 praeditum
1010 1962 1170 1994 Davidem
1193 1962 1346 2001 videmus,

381 2009 472 2041 cuius
496 2006 683 2047 exemplum
708 2016 766 2037 nos
778 2010 904 2046 oportet
917 2006 1045 2041 imitari,
1070 2005 1124 2045 qui
1142 2005 1216 2037 licet
1228 2006 1347 2037 multas

381 2049 621 2083 contradicendi
653 2049 836 2080 occasiones
868 2048 986 2079 habere
1026 2048 1206 2084 videretur,
1238 2048 1346 2079 Deum

382 2101 490 2126 tamen
519 2093 549 2123 in
583 2091 736 2123 Iudaeam
767 2093 813 2122 ire
847 2091 1008 2122 iubentem
1039 2090 1161 2131 placide
1191 2100 1347 2130 sequutus
1374 2091 1375 2094 ’

382 2142 440 2169 est.
472 2136 516 2167 Et
540 2135 633 2166 divus
655 2134 776 2169 Paulus
796 2135 879 2166 hane
891 2133 1076 2175 generalem
1091 2133 1235 2173 regulam
1255 2134 1348 2165 nobis

381 2178 581 2222 praescribit,
605 2188 702 2217 quum
724 2177 762 2208 de
781 2183 874 2217 patre
887 2182 995 2208 nostro
1008 2176 1194 2207 Abrahamo
1218 2177 1348 2216 loquens

382 2223 426 2255 ait
451 2222 556 2261 ipsun]
581 2221 755 2251 credidisse
779 2220 984 2260 promissioni
1018 2220 1119 2250 saetae
1143 2219 1202 2250 sibi
1227 2219 1266 2250 de
1290 2230 1348 2250 suo

382 2266 513 2300 semine,
537 2269 568 2295 et
591 2274 654 2294 non
680 2273 861 2302 respexisse
884 2272 1001 2302 corpus
1027 2273 1122 2293 suum
1154 2262 1215 2292 iani
1247 2273 1348 2293 emor·
1374 2263 1375 2272 ¹

382 2314 485 2344 tuum,
511 2316 613 2346 neque
628 2306 738 2337 uxoris
761 2305 972 2341 sterilitatem,
997 2305 1050 2336 sed
1064 2304 1135 2336 Deo
1159 2305 1348 2344 simpliciter

382 2351 620 2389 obtemperasse
652 2354 684 2380 et
714 2347 983 2389 promissionibus
1023 2348 1123 2387 ipsius
1160 2347 1255 2378 fidem
1292 2347 1347 2378 ad-

382 2394 534 2425 hibuisse.
582 2391 790 2422 Abrahamus
814 2391 913 2431 igitur
935 2402 998 2421 non
1023 2401 1060 2421 ea
1091 2400 1171 2429 quae
1200 2390 1348 2422 sensibus

383 2437 502 2468 nostris
536 2441 719 2475 repugnant
754 2441 786 2465 et
819 2433 935 2474 quibus
968 2433 1008 2464 ad
1043 2432 1272 2470 diffidentiam,
1307 2432 1347 2464 ad
1374 2425 1375 2450 ἶ

383 2490 478 2519 quam
522 2485 638 2508 natura
676 2487 789 2508 sumus
833 2476 1061 2517 procliviores,
1113 2475 1349 2507 solicitaremur

383 2521 541 2561 respexit:
574 2519 628 2551 sod
654 2520 686 2550 iu
712 2519 781 2550 Deo
805 2525 917 2551 contra
940 2529 1029 2558 spem
1061 2518 1256 2558 sperandum
1279 2529 1348 2549 esse

382 2563 568 2599 constituit,
613 2569 700 2594 certo
743 2572 913 2602 persuasus
952 2562 1057 2592 Deum
1098 2566 1246 2592 nostrum
1279 2571 1349 2593 esse

383 2612 596 2647 protectorem
621 2612 653 2636 et
683 2605 892 2644 defensorem,
923 2604 1050 2635 etiamsi
1080 2615 1099 2635 a
1128 2604 1249 2635 mundo
1278 2604 1349 2634 reii-

384 2651 506 2681 eiamur
540 2656 573 2679 ct
606 2647 695 2679 nulla
727 2648 840 2679 salutis
881 2658 953 2687 spes
994 2652 1154 2687 appareat.
1211 2646 1347 2678 Interim

1185 199 1388 232 HOMILIA
1412 200 1574 232 LXXIX.

2307 198 2370 230 420

1403 300 1510 327 tamen
1534 306 1597 326 non
1622 295 1692 326 sine
1716 301 1804 326 metu
1833 294 1939 335 aliquo
1968 294 2066 326 fuisse
2090 294 2252 325 Davidem
2282 294 2372 326 vide-

1401 348 1483 374 mus,
1519 348 1618 378 quum
1647 338 1680 368 in
1711 337 1829 369 saltum
1861 337 1953 368 illum
1984 336 2096 378 procul
2126 336 2166 368 ab
2200 336 2370 369 hominum

1400 387 1594 421 conspectu,
1629 380 1736 418 venit,
1766 380 1842 412 licet
1871 380 2013 421 alioquin
2051 380 2156 421 ipsum
2196 379 2368 412 excellenti

1401 423 1668 464 magnanimitate
1691 428 1723 453 et
1746 422 1934 455 fortitudine
1954 422 2051 454 fuisse
2064 421 2247 463 praeditum
2260 422 2369 454 videa·

1401 477 1483 497 mus.
1521 466 1756 497 Verumtamen
1775 467 1882 497 animo
1906 466 2078 497 fluctuasse
2097 466 2202 506 ipsum
2226 471 2370 506 apparet,

1401 515 1433 539 et
1456 509 1566 540 varias
1589 518 1685 540 curas
1708 509 1858 549 agitasse.
1903 509 1986 540 Nam
2010 509 2037 540 si
2061 508 2312 540 Bethlehemam
2335 508 2368 540 in

1401 552 1502 591 patris
1533 558 1590 582 aut
1623 558 1833 591 cognatorum
1870 551 2001 582 domum
2040 561 2176 583 vacuam
2217 551 2367 592 venisset,

1402 595 1490 625 visus
1514 594 1625 625 fuisset
1648 593 1745 634 plane
1768 595 1994 626 confirmatus:
2025 594 2080 626 sed
2103 604 2203 634 quum
2227 593 2260 625 in
2284 593 2368 626 saltu

1401 636 1589 668 delitescere
1611 636 1747 676 cogitur,
1770 637 1803 668 in
1828 647 1891 677 quo
1914 636 2005 668 nulla
2027 642 2097 668 erat
2120 637 2287 674 habitatio,
2310 646 2368 668 ne·

1401 690 1462 719 que
1485 678 1621 719 parandi
1644 679 1749 711 vietus
1771 680 1862 717 ratio,
1885 691 1926 711 ex
1950 690 1986 711 eo
2011 685 2146 720 apparet
2167 685 2243 711 ante
2265 679 2369 720 ipsius

1401 722 1510 753 oculos
1533 726 1670 753 mortem
1690 722 1788 754 fuisse
1806 732 1934 762 semper
1952 723 2171 754 obversatam:
2205 722 2261 754 sed
2281 721 2368 754 nihi-

1400 764 1540 796 lominus
1562 771 1670 796 tamen
1699 765 1816 806 ipsum,
1847 774 2063 805 quaecunque
2085 765 2194 796 animo
2216 765 2368 803 versarit,

1399 808 1431 838 in
1455 807 1526 839 Deo
1550 817 1718 847 sperasse:
1742 818 1819 838 nam
1841 808 1867 839 si
1891 807 2016 839 nullum
2040 807 2220 847 periculum
2243 807 2368 840 timuis-

1399 855 1448 882 set
1470 860 1541 882 sese
1553 850 1661 891 palam
1678 850 1932 890 imperterritum
1953 849 2157 881 declarasset.
2195 849 2369 882 Caeterum

1398 904 1461 924 non
1485 893 1617 934 ignavia
1641 899 1697 924 aut.
1720 893 1819 924 nimio
1841 897 1931 924 metu
1955 893 1990 924 in
2018 893 2103 924 saltu
2126 892 2181 924 illo
2211 893 2368 932 substitit,

1398 936 1453 967 sed
1479 941 1587 966 tamen
1618 935 1751 976 periculi
1781 936 1980 967 imminentis
2009 935 2268 976 apprehensione
2298 945 2368 968 sese

1399 979 1431 1009 in
1459 978 1515 1009 illo
1544 979 1716 1017 continuit,
1746 978 1832 1019 quod
1861 979 1894 1010 ni
1925 978 2065 1016 fecisset,
2095 978 2191 1019 plane
2218 977 2368 1018 stupidus

1397 1021 1498 1053 fuisse
1521 1021 1696 1052 videretur.
1741 1021 1856 1061 Itaque
1879 1032 1919 1053 ex
1942 1027 2035 1061 parte
2058 1020 2192 1061 periculi
2215 1031 2313 1053 sensu
2335 1025 2369 1052 et

1397 1063 1653 1104 apprehensione
1682 1063 1826 1102 delituit,
1859 1074 1900 1095 ex
1937 1069 2028 1104 parte
2056 1074 2133 1095 vero
2170 1063 2367 1105 singularem

1397 1108 1612 1138 constantiam
1637 1106 1716 1138 fides
1740 1107 1843 1148 ipsius
1873 1107 1997 1148 peperit
2020 1117 2083 1147 qua
2112 1117 2146 1138 se
2171 1107 2240 1138 Deo
2268 1116 2368 1147 quum

1398 1161 1448 1181 res
1472 1149 1651 1190 postulavit
1673 1150 1904 1190 obsequentem
1933 1150 2090 1190 praebuit.
2136 1149 2207 1181 Hoc
2230 1148 2368 1181 Davidis

1398 1193 1582 1233 exemplum
1615 1203 1674 1224 nos
1703 1192 1793 1224 decet
1830 1193 1965 1231 imitari,
2006 1198 2043 1223 ut
2075 1192 2219 1233 pericula
2251 1191 2369 1232 quibus

1398 1235 1542 1276 undique
1566 1235 1807 1267 circumdamur
1837 1236 2002 1267 intuentes
2037 1235 2152 1267 soliciti
2183 1234 2312 1276 quidem
2335 1238 2369 1266 et

1398 1278 1487 1310 anxii
1511 1279 1612 1310 simus
1636 1283 1796 1319 quatenus
1819 1278 1910 1310 Deus
1933 1278 2027 1310 nobis
2051 1278 2251 1309 occasionem
2275 1287 2369 1318 prae—

1400 1322 1467 1352 bet:
1492 1321 1548 1352 sed
1571 1321 1700 1353 interim
1725 1332 1790 1352 non
1813 1321 1909 1362 plane
1932 1321 2131 1353 collabamur
2159 1325 2192 1352 et
2221 1320 2367 1352 animum

1399 1364 1675 1404 despondeamus,
1714 1364 1769 1396 sed
1805 1363 1865 1395 sub
1895 1364 2044 1395 umbram
2075 1364 2200 1395 alarum
2232 1363 2367 1394 Domini

1398 1407 1634 1448 confugiamus,
1663 1411 1697 1438 et
1726 1406 1864 1438 assiduis
1891 1407 2040 1447 precibus
2077 1416 2150 1437 eum
2182 1407 2368 1438 invocemus

1399 1455 1433 1481 ut
1457 1460 1518 1481 sua
1541 1449 1624 1481 dona
1646 1454 1827 1491 perpetuet,
1851 1460 1974 1490 nosque
1995 1460 2054 1481 suo
2078 1449 2186 1480 favore
2216 1453 2248 1480 et
2270 1448 2368 1480 bene-

1398 1493 1542 1524 volentia
1565 1498 1713 1534 protegat
1736 1498 1768 1524 et
1798 1497 1938 1524 tueatur.
1983 1492 2097 1532 Neque
2127 1502 2205 1523 vero
2234 1490 2369 1522 dubium

1398 1541 1446 1567 est
1469 1536 1547 1575 quin
1578 1536 1604 1568 si
1633 1535 1780 1576 persuasi
1812 1536 1912 1567 simus
1935 1534 2044 1566 Deum
2077 1545 2095 1565 a
2129 1534 2248 1566 nostris
2282 1538 2370 1566 stare

1398 1578 1556 1620 partibus,
1580 1583 1612 1610 et
1635 1579 1719 1610 ferre
1743 1577 1835 1610 nobis
1858 1578 2082 1609 laborantibus
2112 1577 2276 1618 suppetias
2299 1586 2369 1608 esse

1399 1627 1560 1661 paratum,
1583 1621 1727 1661 pericula
1739 1621 1855 1661 quibus
1869 1621 2012 1661 undique
2025 1620 2187 1661 cingimur
2207 1624 2240 1652 et
2262 1619 2368 1660 fugia-

1398 1675 1471 1695 mus
1495 1670 1528 1695 et
1550 1664 1690 1695 salutem
1714 1674 1957 1704 consequamur.
2003 1663 2075 1695 Hoc
2098 1663 2125 1694 si
2156 1662 2276 1694 nostris
2299 1661 2370 1694 ani-

1398 1707 1460 1739 mis
1483 1707 1619 1739 infixum
1644 1708 1714 1746 erit,
1737 1712 1769 1738 et
1791 1713 1877 1739 certo
1900 1706 2047 1747 persuasi
2069 1706 2227 1737 fuerimus
2250 1705 2289 1737 de
2307 1704 2370 1736 Dei

1398 1751 1525 1781 favore:
1557 1750 1739 1782 cavendum
1767 1750 1830 1781 erit
1859 1749 2032 1791 diligenter
2055 1759 2095 1780 ne
2115 1748 2191 1789 quid
2214 1759 2255 1780 ex
2277 1747 2369 1780 nobis

1398 1793 1476 1833 ipsis
1499 1793 1724 1833 suscipiamus.
1771 1792 1836 1825 Sed
1860 1792 1922 1823 Dei
1945 1792 2082 1824 verbum
2105 1801 2290 1832 sequamur,
2312 1789 2370 1831 qui

1399 1847 1512 1867 murus
1553 1835 1646 1868 nobis
1686 1836 1749 1867 erit
1788 1835 1940 1867 aheneus.
2005 1833 2290 1874 Quemadmodum
2336 1836 2369 1865 et

1400 1878 1561 1910 Davidem
1596 1878 1660 1910 Dei
1693 1878 1961 1920 promissionibus
1994 1879 2107 1909 nixum
2145 1877 2301 1908 invictam
2334 1875 2369 1906 in

1400 1921 1631 1954 afflictionibus
1655 1922 1869 1954 constantiam
1883 1921 2057 1953 retinuisse
2075 1919 2268 1952 videbimus.
2301 1918 2369 1950 Nos

1400 1965 1508 2005 itaque
1543 1965 1619 1997 lieet
1652 1965 1738 1996 aliud
1772 1964 1917 1995 humana
1951 1965 2032 1995 ratio
2073 1962 2262 2000 dictaverit,
2302 1971 2370 1993 nou

1373 2031 1375 2052 3
1400 2014 1525 2047 oportet
1550 2014 1658 2039 tamen
1683 2007 1857 2048 quidquam
1882 2011 2004 2038 temere
2035 2005 2218 2046 imaginari,
2247 2004 2304 2037 sed
2327 2003 2369 2035 ad

1402 2051 1507 2082 Deum
1532 2061 1701 2091 assurgere
1724 2056 1757 2082 et
1787 2049 1898 2082 sedulo
1920 2049 2045 2090 precari
2077 2055 2113 2080 ut
2143 2049 2212 2081 vias
2242 2052 2370 2079 nostras

1401 2093 1528 2133 dirigat,
1552 2100 1585 2125 et
1608 2105 1665 2125 nos
1689 2093 1728 2125 ad
1753 2103 1846 2124 suum
1872 2100 1986 2124 nutum
2006 2096 2178 2132 componat
2200 2095 2234 2121 et
2252 2089 2370 2122 dociles

1400 2135 1523 2174 reddat,
1547 2144 1583 2168 ut
1602 2137 1677 2168 licet
1699 2137 1759 2177 ipsi
1778 2136 2004 2172 caecutiamus,
2028 2135 2097 2175 ipse
2118 2143 2177 2165 nos
2195 2142 2253 2164 sua
2271 2142 2370 2164 manu

1401 2179 1504 2217 ducat,
1529 2184 1559 2210 et
1583 2180 1705 2211 exitum
1730 2179 1854 2210 felicem
1877 2177 2041 2210 concedat.

1485 2222 1555 2253 Iam
1580 2232 1658 2254 vero
1682 2222 1778 2263 agite,
1801 2224 1850 2253 etc.
