<?xml version="1.0" encoding="UTF-8"?>
<!DOCTYPE html PUBLIC "-//W3C//DTD XHTML 1.0 Transitional//EN"
    "http://www.w3.org/TR/xhtml1/DTD/xhtml1-transitional.dtd">
<html xmlns="http://www.w3.org/1999/xhtml" xml:lang="en" lang="en">
 <head>
  <title>
</title>
<meta http-equiv="Content-Type" content="text/html;charset=utf-8" />
  <meta name='ocr-system' content='tesseract 3.04.00' />
  <meta name='ocr-capabilities' content='ocr_page ocr_carea ocr_par ocr_line ocrx_word'/>
</head>
<body>
  <div class='ocr_page' id='page_1' title='image "./ioanniscalviniop30calv_0062.png"; bbox 0 0 2551 3044; ppageno 0'>
   <div class='ocr_carea' id='block_1_1' title="bbox 378 205 438 237">
    <p class='ocr_par' dir='ltr' id='par_1_1' title="bbox 378 205 438 237">
     <span class='ocr_line' id='line_1_1' title="bbox 378 205 438 237; baseline 0.017 -1"><span class='ocrx_word' id='word_1_1' title='bbox 378 205 438 237; x_wconf 83' lang='lat'><strong>103</strong></span> 
     </span>
    </p>
   </div>
   <div class='ocr_carea' id='block_1_2' title="bbox 377 299 1365 2686">
    <p class='ocr_par' dir='ltr' id='par_1_2' title="bbox 377 299 1363 980">
     <span class='ocr_line' id='line_1_2' title="bbox 379 299 1336 340; baseline -0.002 -9"><span class='ocrx_word' id='word_1_2' title='bbox 379 312 414 332; x_wconf 90' lang='lat' dir='ltr'><strong>eo</strong></span> <span class='ocrx_word' id='word_1_3' title='bbox 446 300 596 331; x_wconf 84' lang='lat' dir='ltr'><strong>remotior</strong></span> <span class='ocrx_word' id='word_1_4' title='bbox 626 300 686 334; x_wconf 87' lang='lat' dir='ltr'><strong>fui,</strong></span> <span class='ocrx_word' id='word_1_5' title='bbox 722 299 805 340; x_wconf 91' lang='lat' dir='ltr'><strong>quod</strong></span> <span class='ocrx_word' id='word_1_6' title='bbox 836 299 1037 340; x_wconf 86' lang='lat' dir='ltr'><strong>iniquitatem</strong></span> <span class='ocrx_word' id='word_1_7' title='bbox 1067 300 1099 329; x_wconf 92' lang='lat' dir='ltr'><strong>in</strong></span> <span class='ocrx_word' id='word_1_8' title='bbox 1129 309 1179 329; x_wconf 88' lang='lat' dir='ltr'><strong>me</strong></span> <span class='ocrx_word' id='word_1_9' title='bbox 1209 303 1336 330; x_wconf 87' lang='lat' dir='ltr'><strong>tantum</strong></span> 
     </span>
     <span class='ocr_line' id='line_1_3' title="bbox 379 341 1335 383; baseline -0.002 -9"><span class='ocrx_word' id='word_1_10' title='bbox 379 353 447 374; x_wconf 84' lang='lat' dir='ltr'><strong>esse</strong></span> <span class='ocrx_word' id='word_1_11' title='bbox 470 343 620 383; x_wconf 77' lang='lat' dir='ltr'><strong>cognovi:</strong></span> <span class='ocrx_word' id='word_1_12' title='bbox 655 341 926 382; x_wconf 77' lang='lat' dir='ltr'><strong>quemadmodum</strong></span> <span class='ocrx_word' id='word_1_13' title='bbox 952 342 989 373; x_wconf 89' lang='lat' dir='ltr'><strong>de</strong></span> <span class='ocrx_word' id='word_1_14' title='bbox 1013 353 1045 373; x_wconf 85' lang='lat' dir='ltr'><strong>se</strong></span> <span class='ocrx_word' id='word_1_15' title='bbox 1069 343 1137 381; x_wconf 83' lang='lat' dir='ltr'><strong>ipso</strong></span> <span class='ocrx_word' id='word_1_16' title='bbox 1161 341 1283 372; x_wconf 86' lang='lat' dir='ltr'><strong>Paulus</strong></span> <span class='ocrx_word' id='word_1_17' title='bbox 1304 341 1335 372; x_wconf 91' lang='lat' dir='ltr'><strong>id</strong></span> 
     </span>
     <span class='ocr_line' id='line_1_4' title="bbox 378 383 1336 434; baseline -0.002 -18"><span class='ocrx_word' id='word_1_18' title='bbox 378 387 480 434; x_wconf 69' lang='lat' dir='ltr'><strong>ipsum</strong></span> <span class='ocrx_word' id='word_1_19' title='bbox 505 386 684 425; x_wconf 86' lang='lat' dir='ltr'><strong>profitetur,</strong></span> <span class='ocrx_word' id='word_1_20' title='bbox 714 393 744 415; x_wconf 84' lang='lat' dir='ltr'><strong>et</strong></span> <span class='ocrx_word' id='word_1_21' title='bbox 776 384 904 424; x_wconf 91' lang='lat' dir='ltr'><strong>quidem</strong></span> <span class='ocrx_word' id='word_1_22' title='bbox 936 395 997 425; x_wconf 94' lang='lat' dir='ltr'><strong>quo</strong></span> <span class='ocrx_word' id='word_1_23' title='bbox 1023 393 1165 423; x_wconf 83' lang='lat' dir='ltr'><strong>tempore</strong></span> <span class='ocrx_word' id='word_1_24' title='bbox 1189 391 1254 414; x_wconf 88' lang='lat' dir='ltr'><strong>tam</strong></span> <span class='ocrx_word' id='word_1_25' title='bbox 1274 383 1336 414; x_wconf 87' lang='lat' dir='ltr'><strong>for-</strong></span> 
     </span>
     <span class='ocr_line' id='line_1_5' title="bbox 378 426 1335 467; baseline -0.002 -8"><span class='ocrx_word' id='word_1_26' title='bbox 378 430 454 459; x_wconf 87' lang='lat' dir='ltr'><strong>titer</strong></span> <span class='ocrx_word' id='word_1_27' title='bbox 473 429 505 458; x_wconf 91' lang='lat' dir='ltr'><strong>in</strong></span> <span class='ocrx_word' id='word_1_28' title='bbox 530 428 728 467; x_wconf 73' lang='lat' dir='ltr'><strong>apostolatus</strong></span> <span class='ocrx_word' id='word_1_29' title='bbox 747 427 851 458; x_wconf 86' lang='lat' dir='ltr'><strong>otficio</strong></span> <span class='ocrx_word' id='word_1_30' title='bbox 875 438 944 459; x_wconf 82' lang='lat' dir='ltr'><strong>sese</strong></span> <span class='ocrx_word' id='word_1_31' title='bbox 968 429 1128 458; x_wconf 83' lang='lat' dir='ltr'><strong>exercuit:</strong></span> <span class='ocrx_word' id='word_1_32' title='bbox 1155 426 1225 457; x_wconf 84' lang='lat' dir='ltr'><strong>Non</strong></span> <span class='ocrx_word' id='word_1_33' title='bbox 1245 427 1335 465; x_wconf 82' lang='lat' dir='ltr'><strong>facio,</strong></span> 
     </span>
     <span class='ocr_line' id='line_1_6' title="bbox 377 470 1336 511; baseline -0.002 -9"><span class='ocrx_word' id='word_1_34' title='bbox 377 472 490 511; x_wconf 88' lang='lat' dir='ltr'><strong>inquit</strong></span> <span class='ocrx_word' id='word_1_35' title='bbox 514 470 623 501; x_wconf 78' lang='lat' dir='ltr'><strong>bonnm</strong></span> <span class='ocrx_word' id='word_1_36' title='bbox 646 470 727 509; x_wconf 75' lang='lat' dir='ltr'><strong>quod</strong></span> <span class='ocrx_word' id='word_1_37' title='bbox 750 470 873 509; x_wconf 67' lang='lat' dir='ltr'><strong>vellem;</strong></span> <span class='ocrx_word' id='word_1_38' title='bbox 892 470 981 502; x_wconf 79' lang='lat' dir='ltr'><strong>video</strong></span> <span class='ocrx_word' id='word_1_39' title='bbox 1003 471 1081 500; x_wconf 67' lang='lat' dir='ltr'><strong>anim</strong></span> <span class='ocrx_word' id='word_1_40' title='bbox 1103 470 1134 500; x_wconf 80' lang='lat' dir='ltr'><strong>in</strong></span> <span class='ocrx_word' id='word_1_41' title='bbox 1156 479 1248 500; x_wconf 82' lang='lat' dir='ltr'><strong>carne</strong></span> <span class='ocrx_word' id='word_1_42' title='bbox 1269 479 1336 500; x_wconf 85' lang='lat' dir='ltr'><strong>mea</strong></span> 
     </span>
     <span class='ocr_line' id='line_1_7' title="bbox 378 495 1363 553; baseline -0.002 -9"><span class='ocrx_word' id='word_1_43' title='bbox 378 524 496 553; x_wconf 58' lang='lat' dir='ltr'><strong>semper</strong></span> <span class='ocrx_word' id='word_1_44' title='bbox 535 513 674 553; x_wconf 75' lang='lat' dir='ltr'><strong>aliquam</strong></span> <span class='ocrx_word' id='word_1_45' title='bbox 716 495 872 544; x_wconf 78' lang='lat' dir='ltr'><strong>residuani</strong></span> <span class='ocrx_word' id='word_1_46' title='bbox 912 513 1128 552; x_wconf 73' lang='lat' dir='ltr'><strong>infirmitatent.</strong></span> <span class='ocrx_word' id='word_1_47' title='bbox 1185 512 1336 542; x_wconf 78' lang='lat' dir='ltr'>Testatur</span> <span class='ocrx_word' id='word_1_48' title='bbox 1362 538 1363 545; x_wconf 68' lang='grc'>,</span> 
     </span>
     <span class='ocr_line' id='line_1_8' title="bbox 378 554 1363 596; baseline -0.002 -10"><span class='ocrx_word' id='word_1_49' title='bbox 378 558 485 596; x_wconf 91' lang='lat' dir='ltr'><strong>itaque</strong></span> <span class='ocrx_word' id='word_1_50' title='bbox 520 556 641 587; x_wconf 85' lang='lat' dir='ltr'><strong>Paulus</strong></span> <span class='ocrx_word' id='word_1_51' title='bbox 675 565 709 586; x_wconf 88' lang='lat' dir='ltr'><strong>sc</strong></span> <span class='ocrx_word' id='word_1_52' title='bbox 744 565 805 585; x_wconf 89' lang='lat' dir='ltr'><strong>non</strong></span> <span class='ocrx_word' id='word_1_53' title='bbox 840 562 1023 587; x_wconf 88' lang='lat' dir='ltr'><strong>currentem</strong></span> <span class='ocrx_word' id='word_1_54' title='bbox 1060 562 1091 585; x_wconf 89' lang='lat' dir='ltr'><strong>ut</strong></span> <span class='ocrx_word' id='word_1_55' title='bbox 1127 554 1221 585; x_wconf 78' lang='lat' dir='ltr'><strong>officii</strong></span> <span class='ocrx_word' id='word_1_56' title='bbox 1257 555 1363 585; x_wconf 59' lang='lat' dir='ltr'><strong>ratio*</strong></span> 
     </span>
     <span class='ocr_line' id='line_1_9' title="bbox 377 596 1337 640; baseline -0.003 -10"><span class='ocrx_word' id='word_1_57' title='bbox 377 598 568 640; x_wconf 85' lang='lat' dir='ltr'><strong>postulabat,</strong></span> <span class='ocrx_word' id='word_1_58' title='bbox 594 608 655 628; x_wconf 89' lang='lat' dir='ltr'><strong>non</strong></span> <span class='ocrx_word' id='word_1_59' title='bbox 681 598 785 629; x_wconf 78' lang='lat' dir='ltr'><strong>facere</strong></span> <span class='ocrx_word' id='word_1_60' title='bbox 809 598 926 629; x_wconf 91' lang='lat' dir='ltr'><strong>bonum</strong></span> <span class='ocrx_word' id='word_1_61' title='bbox 950 598 1031 638; x_wconf 90' lang='lat' dir='ltr'><strong>quod</strong></span> <span class='ocrx_word' id='word_1_62' title='bbox 1056 597 1167 628; x_wconf 82' lang='lat' dir='ltr'><strong>vellet:</strong></span> <span class='ocrx_word' id='word_1_63' title='bbox 1193 596 1247 627; x_wconf 86' lang='lat' dir='ltr'><strong>sed</strong></span> <span class='ocrx_word' id='word_1_64' title='bbox 1272 607 1337 628; x_wconf 85' lang='lat' dir='ltr'><strong>ma-</strong></span> 
     </span>
     <span class='ocr_line' id='line_1_10' title="bbox 379 640 1336 681; baseline -0.002 -9"><span class='ocrx_word' id='word_1_65' title='bbox 379 643 444 672; x_wconf 92' lang='lat' dir='ltr'><strong>lum</strong></span> <span class='ocrx_word' id='word_1_66' title='bbox 479 641 562 681; x_wconf 90' lang='lat' dir='ltr'><strong>quod</strong></span> <span class='ocrx_word' id='word_1_67' title='bbox 597 641 725 671; x_wconf 83' lang='lat' dir='ltr'><strong>odisset.</strong></span> <span class='ocrx_word' id='word_1_68' title='bbox 783 641 887 672; x_wconf 92' lang='lat' dir='ltr'><strong>Deum</strong></span> <span class='ocrx_word' id='word_1_69' title='bbox 927 640 1055 681; x_wconf 86' lang='lat' dir='ltr'><strong>quidem</strong></span> <span class='ocrx_word' id='word_1_70' title='bbox 1097 640 1199 670; x_wconf 85' lang='lat' dir='ltr'><strong>fateor</strong></span> <span class='ocrx_word' id='word_1_71' title='bbox 1238 649 1336 680; x_wconf 87' lang='lat' dir='ltr'><strong>opera</strong></span> 
     </span>
     <span class='ocr_line' id='line_1_11' title="bbox 378 683 1337 724; baseline -0.003 -9"><span class='ocrx_word' id='word_1_72' title='bbox 378 691 487 715; x_wconf 89' lang='lat' dir='ltr'><strong>nostra</strong></span> <span class='ocrx_word' id='word_1_73' title='bbox 510 685 653 723; x_wconf 89' lang='lat' dir='ltr'><strong>accipere</strong></span> <span class='ocrx_word' id='word_1_74' title='bbox 676 691 706 714; x_wconf 92' lang='lat' dir='ltr'><strong>et</strong></span> <span class='ocrx_word' id='word_1_75' title='bbox 731 683 849 715; x_wconf 87' lang='lat' dir='ltr'><strong>habere</strong></span> <span class='ocrx_word' id='word_1_76' title='bbox 870 689 972 724; x_wconf 82' lang='lat' dir='ltr'><strong>grata,</strong></span> <span class='ocrx_word' id='word_1_77' title='bbox 996 683 1068 714; x_wconf 82' lang='lat' dir='ltr'><strong>licet</strong></span> <span class='ocrx_word' id='word_1_78' title='bbox 1092 692 1205 713; x_wconf 83' lang='lat' dir='ltr'><strong>manca</strong></span> <span class='ocrx_word' id='word_1_79' title='bbox 1229 689 1259 713; x_wconf 91' lang='lat' dir='ltr'><strong>et</strong></span> <span class='ocrx_word' id='word_1_80' title='bbox 1279 683 1337 713; x_wconf 90' lang='lat' dir='ltr'><strong>im-</strong></span> 
     </span>
     <span class='ocr_line' id='line_1_12' title="bbox 378 725 1336 768; baseline -0.002 -11"><span class='ocrx_word' id='word_1_81' title='bbox 378 728 536 768; x_wconf 88' lang='lat' dir='ltr'><strong>perfecta:</strong></span> <span class='ocrx_word' id='word_1_82' title='bbox 577 726 631 756; x_wconf 90' lang='lat' dir='ltr'><strong>sed</strong></span> <span class='ocrx_word' id='word_1_83' title='bbox 667 736 704 757; x_wconf 84' lang='lat' dir='ltr'><strong>ex</strong></span> <span class='ocrx_word' id='word_1_84' title='bbox 740 736 830 757; x_wconf 83' lang='lat' dir='ltr'><strong>mera</strong></span> <span class='ocrx_word' id='word_1_85' title='bbox 865 726 1064 757; x_wconf 81' lang='lat' dir='ltr'><strong>liberalitate.</strong></span> <span class='ocrx_word' id='word_1_86' title='bbox 1121 725 1229 764; x_wconf 80' lang='lat' dir='ltr'><strong>Quare</strong></span> <span class='ocrx_word' id='word_1_87' title='bbox 1264 725 1336 756; x_wconf 89' lang='lat' dir='ltr'><strong>licet</strong></span> 
     </span>
     <span class='ocr_line' id='line_1_13' title="bbox 379 768 1336 809; baseline -0.002 -9"><span class='ocrx_word' id='word_1_88' title='bbox 379 770 469 800; x_wconf 80' lang='lat' dir='ltr'><strong>nobis</strong></span> <span class='ocrx_word' id='word_1_89' title='bbox 494 779 556 799; x_wconf 89' lang='lat' dir='ltr'><strong>non</strong></span> <span class='ocrx_word' id='word_1_90' title='bbox 582 769 682 800; x_wconf 87' lang='lat' dir='ltr'><strong>simus</strong></span> <span class='ocrx_word' id='word_1_91' title='bbox 707 769 823 801; x_wconf 85' lang='lat' dir='ltr'><strong>conscii</strong></span> <span class='ocrx_word' id='word_1_92' title='bbox 847 769 944 800; x_wconf 91' lang='lat' dir='ltr'><strong>ullius</strong></span> <span class='ocrx_word' id='word_1_93' title='bbox 967 768 1097 809; x_wconf 88' lang='lat' dir='ltr'><strong>peccati,</strong></span> <span class='ocrx_word' id='word_1_94' title='bbox 1122 773 1153 798; x_wconf 86' lang='lat' dir='ltr'><strong>et</strong></span> <span class='ocrx_word' id='word_1_95' title='bbox 1177 778 1242 799; x_wconf 91' lang='lat' dir='ltr'><strong>non</strong></span> <span class='ocrx_word' id='word_1_96' title='bbox 1267 778 1336 808; x_wconf 89' lang='lat' dir='ltr'><strong>per-</strong></span> 
     </span>
     <span class='ocr_line' id='line_1_14' title="bbox 378 811 1336 853; baseline -0.002 -10"><span class='ocrx_word' id='word_1_97' title='bbox 378 813 534 853; x_wconf 71' lang='lat' dir='ltr'><strong>cipiamus</strong></span> <span class='ocrx_word' id='word_1_98' title='bbox 565 821 626 851; x_wconf 87' lang='lat' dir='ltr'><strong>qua</strong></span> <span class='ocrx_word' id='word_1_99' title='bbox 655 812 686 842; x_wconf 93' lang='lat' dir='ltr'><strong>in</strong></span> <span class='ocrx_word' id='word_1_100' title='bbox 720 822 753 842; x_wconf 91' lang='lat' dir='ltr'><strong>re</strong></span> <span class='ocrx_word' id='word_1_101' title='bbox 784 811 825 842; x_wconf 87' lang='lat' dir='ltr'><strong>sit</strong></span> <span class='ocrx_word' id='word_1_102' title='bbox 853 822 871 842; x_wconf 87' lang='lat' dir='ltr'><strong>a</strong></span> <span class='ocrx_word' id='word_1_103' title='bbox 902 811 992 843; x_wconf 88' lang='lat' dir='ltr'><strong>nobis</strong></span> <span class='ocrx_word' id='word_1_104' title='bbox 1023 817 1198 851; x_wconf 81' lang='lat' dir='ltr'><strong>peccatum,</strong></span> <span class='ocrx_word' id='word_1_105' title='bbox 1228 816 1336 841; x_wconf 88' lang='lat' dir='ltr'><strong>tamen</strong></span> 
     </span>
     <span class='ocr_line' id='line_1_15' title="bbox 378 853 1334 893; baseline -0.003 -7"><span class='ocrx_word' id='word_1_106' title='bbox 378 854 632 887; x_wconf 72' lang='lat' dir='ltr'><strong>cont-ludendum</strong></span> <span class='ocrx_word' id='word_1_107' title='bbox 665 860 720 891; x_wconf 84' lang='lat' dir='ltr'><strong>est,</strong></span> <span class='ocrx_word' id='word_1_108' title='bbox 753 863 811 886; x_wconf 90' lang='lat' dir='ltr'><strong>nos</strong></span> <span class='ocrx_word' id='word_1_109' title='bbox 841 854 983 885; x_wconf 87' lang='lat' dir='ltr'><strong>voluisse</strong></span> <span class='ocrx_word' id='word_1_110' title='bbox 1013 853 1150 893; x_wconf 88' lang='lat' dir='ltr'><strong>quidem,</strong></span> <span class='ocrx_word' id='word_1_111' title='bbox 1184 853 1239 884; x_wconf 87' lang='lat' dir='ltr'><strong>sed</strong></span> <span class='ocrx_word' id='word_1_112' title='bbox 1273 864 1334 884; x_wconf 87' lang='lat' dir='ltr'><strong>nou</strong></span> 
     </span>
     <span class='ocr_line' id='line_1_16' title="bbox 379 896 1337 937; baseline -0.002 -9"><span class='ocrx_word' id='word_1_113' title='bbox 379 897 561 937; x_wconf 79' lang='lat' dir='ltr'><strong>implevisse</strong></span> <span class='ocrx_word' id='word_1_114' title='bbox 595 903 702 927; x_wconf 85' lang='lat' dir='ltr'><strong>tamen</strong></span> <span class='ocrx_word' id='word_1_115' title='bbox 739 906 842 936; x_wconf 89' lang='lat' dir='ltr'><strong>neque</strong></span> <span class='ocrx_word' id='word_1_116' title='bbox 875 897 1044 937; x_wconf 76' lang='lat' dir='ltr'><strong>perfecisse</strong></span> <span class='ocrx_word' id='word_1_117' title='bbox 1079 896 1161 936; x_wconf 92' lang='lat' dir='ltr'><strong>quod</strong></span> <span class='ocrx_word' id='word_1_118' title='bbox 1196 896 1285 927; x_wconf 90' lang='lat' dir='ltr'><strong>Deus</strong></span> <span class='ocrx_word' id='word_1_119' title='bbox 1318 906 1337 926; x_wconf 88' lang='lat' dir='ltr'><strong>a</strong></span> 
     </span>
     <span class='ocr_line' id='line_1_17' title="bbox 381 940 637 980; baseline -0.004 -9"><span class='ocrx_word' id='word_1_120' title='bbox 381 941 471 971; x_wconf 89' lang='lat' dir='ltr'><strong>uobis</strong></span> <span class='ocrx_word' id='word_1_121' title='bbox 495 940 637 980; x_wconf 80' lang='lat' dir='ltr'><strong>requirit.</strong></span> 
     </span>
    </p>

    <p class='ocr_par' dir='ltr' id='par_1_3' title="bbox 377 980 1365 2686">
     <span class='ocr_line' id='line_1_18' title="bbox 465 980 1336 1022; baseline -0.001 -9"><span class='ocrx_word' id='word_1_122' title='bbox 465 982 620 1022; x_wconf 74' lang='lat' dir='ltr'><strong>Sequitur</strong></span> <span class='ocrx_word' id='word_1_123' title='bbox 652 981 813 1013; x_wconf 73' lang='lat' dir='ltr'><strong>Samuelis</strong></span> <span class='ocrx_word' id='word_1_124' title='bbox 846 983 1019 1022; x_wconf 80' lang='lat' dir='ltr'><strong>responsio,</strong></span> <span class='ocrx_word' id='word_1_125' title='bbox 1055 981 1103 1012; x_wconf 91' lang='lat' dir='ltr'><strong>his</strong></span> <span class='ocrx_word' id='word_1_126' title='bbox 1138 981 1259 1012; x_wconf 86' lang='lat' dir='ltr'><strong>verbis:</strong></span> <span class='ocrx_word' id='word_1_127' title='bbox 1293 980 1336 1012; x_wconf 83' lang='lat' dir='ltr'><strong>Et</strong></span> 
     </span>
     <span class='ocr_line' id='line_1_19' title="bbox 378 1023 1336 1066; baseline -0.002 -10"><span class='ocrx_word' id='word_1_128' title='bbox 378 1036 456 1066; x_wconf 78' lang='lat' dir='ltr'><strong>quae</strong></span> <span class='ocrx_word' id='word_1_129' title='bbox 480 1028 522 1056; x_wconf 80' lang='lat' dir='ltr'><strong>est</strong></span> <span class='ocrx_word' id='word_1_130' title='bbox 543 1025 617 1056; x_wconf 74' lang='lat' dir='ltr'><strong>haee</strong></span> <span class='ocrx_word' id='word_1_131' title='bbox 639 1034 699 1055; x_wconf 71' lang='lat' dir='ltr'><strong>vost:</strong></span> <span class='ocrx_word' id='word_1_132' title='bbox 720 1034 861 1065; x_wconf 73' lang='lat' dir='ltr'><strong>yreyum,</strong></span> <span class='ocrx_word' id='word_1_133' title='bbox 893 1035 970 1064; x_wconf 77' lang='lat' dir='ltr'><strong>quae</strong></span> <span class='ocrx_word' id='word_1_134' title='bbox 1000 1027 1119 1055; x_wconf 69' lang='lat' dir='ltr'><strong>resonat</strong></span> <span class='ocrx_word' id='word_1_135' title='bbox 1151 1025 1181 1055; x_wconf 77' lang='lat' dir='ltr'><strong>in</strong></span> <span class='ocrx_word' id='word_1_136' title='bbox 1205 1023 1336 1054; x_wconf 80' lang='lat' dir='ltr'><strong>auribus</strong></span> 
     </span>
     <span class='ocr_line' id='line_1_20' title="bbox 377 1066 1335 1107; baseline -0.002 -8"><span class='ocrx_word' id='word_1_137' title='bbox 377 1069 462 1107; x_wconf 78' lang='lat' dir='ltr'><strong>meis,</strong></span> <span class='ocrx_word' id='word_1_138' title='bbox 497 1070 523 1099; x_wconf 78' lang='lat' dir='ltr'><strong>et</strong></span> <span class='ocrx_word' id='word_1_139' title='bbox 555 1071 779 1105; x_wconf 77' lang='lat' dir='ltr'><strong>armentorum,</strong></span> <span class='ocrx_word' id='word_1_140' title='bbox 812 1077 905 1107; x_wconf 79' lang='lat' dir='ltr'><strong>quam</strong></span> <span class='ocrx_word' id='word_1_141' title='bbox 939 1078 990 1107; x_wconf 68' lang='lat' dir='ltr'><strong>eqo</strong></span> <span class='ocrx_word' id='word_1_142' title='bbox 1023 1067 1143 1098; x_wconf 72' lang='lat' dir='ltr'><strong>audio?</strong></span> <span class='ocrx_word' id='word_1_143' title='bbox 1189 1066 1335 1105; x_wconf 84' lang='lat' dir='ltr'><strong>Quorum</strong></span> 
     </span>
     <span class='ocr_line' id='line_1_21' title="bbox 379 1110 1335 1149; baseline -0.003 -7"><span class='ocrx_word' id='word_1_144' title='bbox 379 1111 550 1142; x_wconf 72' lang='lat' dir='ltr'><strong>verborum</strong></span> <span class='ocrx_word' id='word_1_145' title='bbox 583 1120 696 1141; x_wconf 84' lang='lat' dir='ltr'><strong>sensus</strong></span> <span class='ocrx_word' id='word_1_146' title='bbox 726 1117 782 1144; x_wconf 79' lang='lat' dir='ltr'><strong>est.</strong></span> <span class='ocrx_word' id='word_1_147' title='bbox 814 1110 887 1141; x_wconf 89' lang='lat' dir='ltr'><strong>lieet</strong></span> <span class='ocrx_word' id='word_1_148' title='bbox 918 1110 1015 1141; x_wconf 85' lang='lat' dir='ltr'><strong>boves</strong></span> <span class='ocrx_word' id='word_1_149' title='bbox 1046 1110 1178 1149; x_wconf 68' lang='lat' dir='ltr'><strong>opimos,</strong></span> <span class='ocrx_word' id='word_1_150' title='bbox 1214 1120 1335 1147; x_wconf 83' lang='lat' dir='ltr'><strong>vaccas,</strong></span> 
     </span>
     <span class='ocr_line' id='line_1_22' title="bbox 377 1152 1334 1193; baseline -0.002 -9"><span class='ocrx_word' id='word_1_151' title='bbox 377 1154 504 1191; x_wconf 79' lang='lat' dir='ltr'><strong>vitulos,</strong></span> <span class='ocrx_word' id='word_1_152' title='bbox 528 1163 628 1193; x_wconf 84' lang='lat' dir='ltr'><strong>agnos</strong></span> <span class='ocrx_word' id='word_1_153' title='bbox 651 1152 720 1184; x_wconf 90' lang='lat' dir='ltr'><strong>Deo</strong></span> <span class='ocrx_word' id='word_1_154' title='bbox 740 1152 965 1188; x_wconf 79' lang='lat' dir='ltr'><strong>immolaveris,</strong></span> <span class='ocrx_word' id='word_1_155' title='bbox 991 1159 1024 1183; x_wconf 92' lang='lat' dir='ltr'><strong>tu</strong></span> <span class='ocrx_word' id='word_1_156' title='bbox 1050 1164 1110 1183; x_wconf 84' lang='lat' dir='ltr'><strong>nou</strong></span> <span class='ocrx_word' id='word_1_157' title='bbox 1135 1152 1204 1183; x_wconf 84' lang='lat' dir='ltr'><strong>ideo</strong></span> <span class='ocrx_word' id='word_1_158' title='bbox 1228 1158 1334 1182; x_wconf 88' lang='lat' dir='ltr'><strong>tamen</strong></span> 
     </span>
     <span class='ocr_line' id='line_1_23' title="bbox 378 1195 1334 1235; baseline -0.002 -8"><span class='ocrx_word' id='word_1_159' title='bbox 378 1196 438 1228; x_wconf 84' lang='lat' dir='ltr'><strong>Dei</strong></span> <span class='ocrx_word' id='word_1_160' title='bbox 464 1196 616 1226; x_wconf 87' lang='lat' dir='ltr'><strong>mandata</strong></span> <span class='ocrx_word' id='word_1_161' title='bbox 641 1196 810 1235; x_wconf 83' lang='lat' dir='ltr'><strong>perfecisti.</strong></span> <span class='ocrx_word' id='word_1_162' title='bbox 857 1195 909 1226; x_wconf 82' lang='lat' dir='ltr'><strong>Ex</strong></span> <span class='ocrx_word' id='word_1_163' title='bbox 937 1195 1053 1235; x_wconf 86' lang='lat' dir='ltr'><strong>quibus</strong></span> <span class='ocrx_word' id='word_1_164' title='bbox 1077 1202 1207 1235; x_wconf 84' lang='lat' dir='ltr'><strong>apparet</strong></span> <span class='ocrx_word' id='word_1_165' title='bbox 1231 1195 1334 1226; x_wconf 89' lang='lat' dir='ltr'><strong>eonci-</strong></span> 
     </span>
     <span class='ocr_line' id='line_1_24' title="bbox 377 1238 1335 1273; baseline -0.003 -3"><span class='ocrx_word' id='word_1_166' title='bbox 377 1250 446 1271; x_wconf 88' lang='lat' dir='ltr'><strong>sum</strong></span> <span class='ocrx_word' id='word_1_167' title='bbox 468 1239 564 1270; x_wconf 80' lang='lat' dir='ltr'><strong>fuisse</strong></span> <span class='ocrx_word' id='word_1_168' title='bbox 579 1238 740 1269; x_wconf 82' lang='lat' dir='ltr'><strong>Samuelis</strong></span> <span class='ocrx_word' id='word_1_169' title='bbox 759 1248 948 1273; x_wconf 82' lang='lat' dir='ltr'><strong>sermonem,</strong></span> <span class='ocrx_word' id='word_1_170' title='bbox 973 1246 1006 1268; x_wconf 89' lang='lat' dir='ltr'><strong>ut</strong></span> <span class='ocrx_word' id='word_1_171' title='bbox 1030 1238 1111 1268; x_wconf 87' lang='lat' dir='ltr'><strong>solet</strong></span> <span class='ocrx_word' id='word_1_172' title='bbox 1135 1248 1242 1269; x_wconf 88' lang='lat' dir='ltr'><strong>eorum</strong></span> <span class='ocrx_word' id='word_1_173' title='bbox 1267 1248 1335 1269; x_wconf 86' lang='lat' dir='ltr'><strong>esse</strong></span> 
     </span>
     <span class='ocr_line' id='line_1_25' title="bbox 378 1280 1336 1322; baseline -0.001 -10"><span class='ocrx_word' id='word_1_174' title='bbox 378 1284 431 1322; x_wconf 90' lang='lat' dir='ltr'><strong>qui</strong></span> <span class='ocrx_word' id='word_1_175' title='bbox 457 1283 487 1312; x_wconf 90' lang='lat' dir='ltr'><strong>in</strong></span> <span class='ocrx_word' id='word_1_176' title='bbox 512 1281 648 1312; x_wconf 77' lang='lat' dir='ltr'><strong>summis</strong></span> <span class='ocrx_word' id='word_1_177' title='bbox 671 1281 769 1312; x_wconf 87' lang='lat' dir='ltr'><strong>animi</strong></span> <span class='ocrx_word' id='word_1_178' title='bbox 795 1281 952 1321; x_wconf 89' lang='lat' dir='ltr'><strong>angustiis</strong></span> <span class='ocrx_word' id='word_1_179' title='bbox 976 1288 1155 1311; x_wconf 86' lang='lat' dir='ltr'><strong>versantur.</strong></span> <span class='ocrx_word' id='word_1_180' title='bbox 1202 1280 1284 1311; x_wconf 86' lang='lat' dir='ltr'><strong>Nam</strong></span> <span class='ocrx_word' id='word_1_181' title='bbox 1309 1281 1336 1311; x_wconf 89' lang='lat' dir='ltr'><strong>si</strong></span> 
     </span>
     <span class='ocr_line' id='line_1_26' title="bbox 377 1322 1364 1366; baseline -0.002 -11"><span class='ocrx_word' id='word_1_182' title='bbox 377 1326 448 1365; x_wconf 80' lang='lat' dir='ltr'><strong>quis</strong></span> <span class='ocrx_word' id='word_1_183' title='bbox 472 1334 543 1355; x_wconf 87' lang='lat' dir='ltr'><strong>eum</strong></span> <span class='ocrx_word' id='word_1_184' title='bbox 568 1323 754 1364; x_wconf 90' lang='lat' dir='ltr'><strong>impudente</strong></span> <span class='ocrx_word' id='word_1_185' title='bbox 778 1323 908 1354; x_wconf 73' lang='lat' dir='ltr'><strong>homine</strong></span> <span class='ocrx_word' id='word_1_186' title='bbox 932 1333 998 1354; x_wconf 90' lang='lat' dir='ltr'><strong>rem</strong></span> <span class='ocrx_word' id='word_1_187' title='bbox 1023 1323 1147 1358; x_wconf 84' lang='lat' dir='ltr'><strong>habeat,</strong></span> <span class='ocrx_word' id='word_1_188' title='bbox 1179 1334 1238 1354; x_wconf 91' lang='lat' dir='ltr'><strong>non</strong></span> <span class='ocrx_word' id='word_1_189' title='bbox 1264 1322 1335 1363; x_wconf 91' lang='lat' dir='ltr'><strong>plu·</strong></span> <span class='ocrx_word' id='word_1_190' title='bbox 1362 1362 1364 1366; x_wconf 20' lang='grc' dir='ltr'><em>Α</em></span> 
     </span>
     <span class='ocr_line' id='line_1_27' title="bbox 377 1365 1334 1406; baseline -0.002 -8"><span class='ocrx_word' id='word_1_191' title='bbox 377 1367 464 1398; x_wconf 79' lang='lat' dir='ltr'><strong>ribus</strong></span> <span class='ocrx_word' id='word_1_192' title='bbox 497 1366 604 1397; x_wconf 77' lang='lat' dir='ltr'><strong>verbis</strong></span> <span class='ocrx_word' id='word_1_193' title='bbox 647 1367 716 1397; x_wconf 89' lang='lat' dir='ltr'><strong>eius</strong></span> <span class='ocrx_word' id='word_1_194' title='bbox 756 1367 950 1406; x_wconf 86' lang='lat' dir='ltr'><strong>proterviam</strong></span> <span class='ocrx_word' id='word_1_195' title='bbox 992 1365 1238 1397; x_wconf 76' lang='lat' dir='ltr'><strong>demonstrabit:</strong></span> <span class='ocrx_word' id='word_1_196' title='bbox 1280 1366 1334 1396; x_wconf 90' lang='lat' dir='ltr'><strong>sed</strong></span> 
     </span>
     <span class='ocr_line' id='line_1_28' title="bbox 377 1408 1336 1450; baseline -0.002 -9"><span class='ocrx_word' id='word_1_197' title='bbox 377 1410 520 1441; x_wconf 89' lang='lat' dir='ltr'><strong>breviter</strong></span> <span class='ocrx_word' id='word_1_198' title='bbox 553 1409 641 1440; x_wconf 88' lang='lat' dir='ltr'><strong>illam</strong></span> <span class='ocrx_word' id='word_1_199' title='bbox 681 1414 849 1450; x_wconf 84' lang='lat' dir='ltr'><strong>coarguet:</strong></span> <span class='ocrx_word' id='word_1_200' title='bbox 890 1408 972 1449; x_wconf 86' lang='lat' dir='ltr'><strong>quod</strong></span> <span class='ocrx_word' id='word_1_201' title='bbox 1015 1409 1171 1439; x_wconf 87' lang='lat' dir='ltr'><strong>brevitate</strong></span> <span class='ocrx_word' id='word_1_202' title='bbox 1209 1409 1336 1440; x_wconf 87' lang='lat' dir='ltr'><strong>concisa</strong></span> 
     </span>
     <span class='ocr_line' id='line_1_29' title="bbox 378 1451 1335 1491; baseline -0.001 -8"><span class='ocrx_word' id='word_1_203' title='bbox 378 1453 480 1484; x_wconf 78' lang='lat' dir='ltr'><strong>oratio</strong></span> <span class='ocrx_word' id='word_1_204' title='bbox 504 1453 547 1482; x_wconf 85' lang='lat' dir='ltr'><strong>sit</strong></span> <span class='ocrx_word' id='word_1_205' title='bbox 569 1452 800 1482; x_wconf 72' lang='lat' dir='ltr'><strong>vehementior.</strong></span> <span class='ocrx_word' id='word_1_206' title='bbox 847 1451 897 1482; x_wconf 89' lang='lat' dir='ltr'><strong>Ita</strong></span> <span class='ocrx_word' id='word_1_207' title='bbox 921 1451 1051 1483; x_wconf 80' lang='lat' dir='ltr'><strong>Samuel</strong></span> <span class='ocrx_word' id='word_1_208' title='bbox 1082 1452 1113 1482; x_wconf 89' lang='lat' dir='ltr'><strong>in</strong></span> <span class='ocrx_word' id='word_1_209' title='bbox 1146 1452 1335 1491; x_wconf 81' lang='lat' dir='ltr'><strong>praesentia,</strong></span> 
     </span>
     <span class='ocr_line' id='line_1_30' title="bbox 378 1494 1334 1535; baseline -0.002 -9"><span class='ocrx_word' id='word_1_210' title='bbox 378 1505 486 1535; x_wconf 83' lang='lat' dir='ltr'><strong>regem</strong></span> <span class='ocrx_word' id='word_1_211' title='bbox 519 1495 591 1526; x_wconf 81' lang='lat' dir='ltr'><strong>licet</strong></span> <span class='ocrx_word' id='word_1_212' title='bbox 621 1494 820 1534; x_wconf 79' lang='lat' dir='ltr'><strong>alloquatur:</strong></span> <span class='ocrx_word' id='word_1_213' title='bbox 850 1504 952 1534; x_wconf 91' lang='lat' dir='ltr'><strong>neque</strong></span> <span class='ocrx_word' id='word_1_214' title='bbox 982 1495 1065 1524; x_wconf 90' lang='lat' dir='ltr'><strong>enim</strong></span> <span class='ocrx_word' id='word_1_215' title='bbox 1097 1494 1260 1535; x_wconf 76' lang='lat' dir='ltr'><strong>sigillatim</strong></span> <span class='ocrx_word' id='word_1_216' title='bbox 1286 1505 1334 1525; x_wconf 91' lang='lat' dir='ltr'><strong>re-</strong></span> 
     </span>
     <span class='ocr_line' id='line_1_31' title="bbox 378 1536 1336 1577; baseline 0 -9"><span class='ocrx_word' id='word_1_217' title='bbox 378 1545 542 1569; x_wconf 84' lang='lat' dir='ltr'><strong>servatum</strong></span> <span class='ocrx_word' id='word_1_218' title='bbox 577 1537 617 1568; x_wconf 86' lang='lat' dir='ltr'><strong>ab</strong></span> <span class='ocrx_word' id='word_1_219' title='bbox 651 1537 704 1567; x_wconf 74' lang='lat' dir='ltr'><strong>illo</strong></span> <span class='ocrx_word' id='word_1_220' title='bbox 740 1547 847 1577; x_wconf 83' lang='lat' dir='ltr'><strong>regem</strong></span> <span class='ocrx_word' id='word_1_221' title='bbox 882 1536 1082 1574; x_wconf 88' lang='lat' dir='ltr'><strong>Amalecum,</strong></span> <span class='ocrx_word' id='word_1_222' title='bbox 1118 1547 1180 1568; x_wconf 91' lang='lat' dir='ltr'><strong>non</strong></span> <span class='ocrx_word' id='word_1_223' title='bbox 1213 1539 1336 1577; x_wconf 74' lang='lat' dir='ltr'><strong>opimos</strong></span> 
     </span>
     <span class='ocr_line' id='line_1_32' title="bbox 378 1579 1364 1622; baseline -0.001 -11"><span class='ocrx_word' id='word_1_224' title='bbox 378 1591 492 1622; x_wconf 84' lang='lat' dir='ltr'><strong>greges</strong></span> <span class='ocrx_word' id='word_1_225' title='bbox 515 1580 650 1610; x_wconf 87' lang='lat' dir='ltr'><strong>arietum</strong></span> <span class='ocrx_word' id='word_1_226' title='bbox 675 1586 706 1610; x_wconf 92' lang='lat' dir='ltr'><strong>et</strong></span> <span class='ocrx_word' id='word_1_227' title='bbox 730 1579 823 1610; x_wconf 91' lang='lat' dir='ltr'><strong>boum</strong></span> <span class='ocrx_word' id='word_1_228' title='bbox 848 1590 884 1611; x_wconf 88' lang='lat' dir='ltr'><strong>ae</strong></span> <span class='ocrx_word' id='word_1_229' title='bbox 908 1590 1087 1615; x_wconf 82' lang='lat' dir='ltr'><strong>vaccarum,</strong></span> <span class='ocrx_word' id='word_1_230' title='bbox 1113 1590 1173 1610; x_wconf 91' lang='lat' dir='ltr'><strong>non</strong></span> <span class='ocrx_word' id='word_1_231' title='bbox 1199 1579 1336 1620; x_wconf 90' lang='lat' dir='ltr'><strong>denique</strong></span> <span class='ocrx_word' id='word_1_232' title='bbox 1362 1594 1364 1598; x_wconf 54' lang='grc'>’</span> 
     </span>
     <span class='ocr_line' id='line_1_33' title="bbox 378 1622 1335 1664; baseline 0 -10"><span class='ocrx_word' id='word_1_233' title='bbox 378 1623 484 1664; x_wconf 88' lang='lat' dir='ltr'><strong>opima</strong></span> <span class='ocrx_word' id='word_1_234' title='bbox 520 1622 663 1653; x_wconf 83' lang='lat' dir='ltr'><strong>hostibus</strong></span> <span class='ocrx_word' id='word_1_235' title='bbox 698 1622 839 1653; x_wconf 86' lang='lat' dir='ltr'><strong>detracta</strong></span> <span class='ocrx_word' id='word_1_236' title='bbox 879 1622 981 1662; x_wconf 87' lang='lat' dir='ltr'><strong>spolia</strong></span> <span class='ocrx_word' id='word_1_237' title='bbox 1020 1623 1238 1662; x_wconf 70' lang='lat' dir='ltr'><strong>conqueritur:</strong></span> <span class='ocrx_word' id='word_1_238' title='bbox 1281 1622 1335 1654; x_wconf 90' lang='lat' dir='ltr'><strong>sed</strong></span> 
     </span>
     <span class='ocr_line' id='line_1_34' title="bbox 379 1664 1334 1701; baseline 0 -5"><span class='ocrx_word' id='word_1_239' title='bbox 379 1667 476 1697; x_wconf 86' lang='lat' dir='ltr'><strong>verbo</strong></span> <span class='ocrx_word' id='word_1_240' title='bbox 502 1664 632 1696; x_wconf 82' lang='lat' dir='ltr'><strong>Saulem</strong></span> <span class='ocrx_word' id='word_1_241' title='bbox 663 1665 871 1696; x_wconf 86' lang='lat' dir='ltr'><strong>constrictum</strong></span> <span class='ocrx_word' id='word_1_242' title='bbox 901 1670 998 1701; x_wconf 89' lang='lat' dir='ltr'><strong>tenet,</strong></span> <span class='ocrx_word' id='word_1_243' title='bbox 1035 1670 1066 1695; x_wconf 92' lang='lat' dir='ltr'><strong>et</strong></span> <span class='ocrx_word' id='word_1_244' title='bbox 1096 1665 1134 1695; x_wconf 78' lang='lat' dir='ltr'><strong>ad</strong></span> <span class='ocrx_word' id='word_1_245' title='bbox 1168 1666 1334 1697; x_wconf 84' lang='lat' dir='ltr'><strong>veritatem</strong></span> 
     </span>
     <span class='ocr_line' id='line_1_35' title="bbox 377 1707 1335 1748; baseline -0.001 -8"><span class='ocrx_word' id='word_1_246' title='bbox 377 1707 556 1748; x_wconf 72' lang='lat' dir='ltr'><strong>compellit,</strong></span> <span class='ocrx_word' id='word_1_247' title='bbox 597 1707 657 1738; x_wconf 87' lang='lat' dir='ltr'><strong>etsi</strong></span> <span class='ocrx_word' id='word_1_248' title='bbox 691 1708 823 1738; x_wconf 92' lang='lat' dir='ltr'><strong>minime</strong></span> <span class='ocrx_word' id='word_1_249' title='bbox 857 1708 1011 1738; x_wconf 85' lang='lat' dir='ltr'><strong>fatentem</strong></span> <span class='ocrx_word' id='word_1_250' title='bbox 1046 1715 1077 1738; x_wconf 89' lang='lat' dir='ltr'><strong>et</strong></span> <span class='ocrx_word' id='word_1_251' title='bbox 1111 1714 1335 1748; x_wconf 83' lang='lat' dir='ltr'><strong>agnoscentem</strong></span> 
     </span>
     <span class='ocr_line' id='line_1_36' title="bbox 378 1750 1335 1791; baseline 0 -9"><span class='ocrx_word' id='word_1_252' title='bbox 378 1751 530 1783; x_wconf 89' lang='lat' dir='ltr'><strong>delictum</strong></span> <span class='ocrx_word' id='word_1_253' title='bbox 563 1750 684 1781; x_wconf 85' lang='lat' dir='ltr'><strong>habuit.</strong></span> <span class='ocrx_word' id='word_1_254' title='bbox 729 1750 811 1781; x_wconf 86' lang='lat' dir='ltr'><strong>Nam</strong></span> <span class='ocrx_word' id='word_1_255' title='bbox 842 1750 950 1782; x_wconf 89' lang='lat' dir='ltr'><strong>statim</strong></span> <span class='ocrx_word' id='word_1_256' title='bbox 983 1750 1021 1781; x_wconf 87' lang='lat' dir='ltr'><strong>ab</strong></span> <span class='ocrx_word' id='word_1_257' title='bbox 1053 1750 1210 1791; x_wconf 80' lang='lat' dir='ltr'><strong>hypocrisi</strong></span> <span class='ocrx_word' id='word_1_258' title='bbox 1242 1761 1335 1782; x_wconf 90' lang='lat' dir='ltr'><strong>suum</strong></span> 
     </span>
     <span class='ocr_line' id='line_1_37' title="bbox 380 1792 1337 1834; baseline -0.001 -9"><span class='ocrx_word' id='word_1_259' title='bbox 380 1803 569 1834; x_wconf 75' lang='lat' dir='ltr'><strong>responsum</strong></span> <span class='ocrx_word' id='word_1_260' title='bbox 594 1793 789 1833; x_wconf 84' lang='lat' dir='ltr'><strong>auspicatur,</strong></span> <span class='ocrx_word' id='word_1_261' title='bbox 812 1799 843 1824; x_wconf 87' lang='lat' dir='ltr'><strong>et</strong></span> <span class='ocrx_word' id='word_1_262' title='bbox 866 1793 920 1831; x_wconf 87' lang='lat' dir='ltr'><strong>ait,</strong></span> <span class='ocrx_word' id='word_1_263' title='bbox 952 1792 1104 1833; x_wconf 89' lang='lat' dir='ltr'><strong>populum</strong></span> <span class='ocrx_word' id='word_1_264' title='bbox 1130 1804 1243 1833; x_wconf 82' lang='lat' dir='ltr'><strong>greges</strong></span> <span class='ocrx_word' id='word_1_265' title='bbox 1266 1794 1337 1825; x_wconf 88' lang='lat' dir='ltr'><strong>illos</strong></span> 
     </span>
     <span class='ocr_line' id='line_1_38' title="bbox 379 1835 1336 1868; baseline 0 -1"><span class='ocrx_word' id='word_1_266' title='bbox 379 1838 410 1868; x_wconf 88' lang='lat' dir='ltr'><strong>in</strong></span> <span class='ocrx_word' id='word_1_267' title='bbox 437 1837 583 1867; x_wconf 82' lang='lat' dir='ltr'><strong>victimas</strong></span> <span class='ocrx_word' id='word_1_268' title='bbox 607 1842 638 1866; x_wconf 91' lang='lat' dir='ltr'><strong>et</strong></span> <span class='ocrx_word' id='word_1_269' title='bbox 662 1835 847 1866; x_wconf 81' lang='lat' dir='ltr'><strong>holocausta</strong></span> <span class='ocrx_word' id='word_1_270' title='bbox 871 1835 940 1866; x_wconf 88' lang='lat' dir='ltr'><strong>Deo</strong></span> <span class='ocrx_word' id='word_1_271' title='bbox 969 1846 1164 1867; x_wconf 84' lang='lat' dir='ltr'><strong>reservasse:</strong></span> <span class='ocrx_word' id='word_1_272' title='bbox 1198 1847 1230 1866; x_wconf 86' lang='lat' dir='ltr'><strong>se</strong></span> <span class='ocrx_word' id='word_1_273' title='bbox 1262 1847 1336 1867; x_wconf 84' lang='lat' dir='ltr'><strong>vero</strong></span> 
     </span>
     <span class='ocr_line' id='line_1_39' title="bbox 379 1878 1334 1918; baseline 0 -8"><span class='ocrx_word' id='word_1_274' title='bbox 379 1881 412 1910; x_wconf 92' lang='lat' dir='ltr'><strong>in</strong></span> <span class='ocrx_word' id='word_1_275' title='bbox 435 1879 563 1910; x_wconf 90' lang='lat' dir='ltr'><strong>illorum</strong></span> <span class='ocrx_word' id='word_1_276' title='bbox 589 1888 722 1909; x_wconf 89' lang='lat' dir='ltr'><strong>numero</strong></span> <span class='ocrx_word' id='word_1_277' title='bbox 746 1888 814 1909; x_wconf 90' lang='lat' dir='ltr'><strong>esse</strong></span> <span class='ocrx_word' id='word_1_278' title='bbox 839 1878 1030 1918; x_wconf 85' lang='lat' dir='ltr'><strong>dissimulat,</strong></span> <span class='ocrx_word' id='word_1_279' title='bbox 1061 1889 1158 1918; x_wconf 90' lang='lat' dir='ltr'><strong>quum</strong></span> <span class='ocrx_word' id='word_1_280' title='bbox 1184 1879 1261 1909; x_wconf 88' lang='lat' dir='ltr'><strong>nihil</strong></span> <span class='ocrx_word' id='word_1_281' title='bbox 1288 1885 1334 1910; x_wconf 87' lang='lat' dir='ltr'><strong>ta—</strong></span> 
     </span>
     <span class='ocr_line' id='line_1_40' title="bbox 380 1920 1337 1961; baseline -0.001 -8"><span class='ocrx_word' id='word_1_282' title='bbox 380 1932 453 1953; x_wconf 88' lang='lat' dir='ltr'><strong>men</strong></span> <span class='ocrx_word' id='word_1_283' title='bbox 478 1922 546 1953; x_wconf 88' lang='lat' dir='ltr'><strong>sine</strong></span> <span class='ocrx_word' id='word_1_284' title='bbox 569 1921 671 1961; x_wconf 81' lang='lat' dir='ltr'><strong>ipsius</strong></span> <span class='ocrx_word' id='word_1_285' title='bbox 695 1921 853 1961; x_wconf 88' lang='lat' dir='ltr'><strong>permissu</strong></span> <span class='ocrx_word' id='word_1_286' title='bbox 885 1920 936 1951; x_wconf 85' lang='lat' dir='ltr'><strong>hic</strong></span> <span class='ocrx_word' id='word_1_287' title='bbox 959 1926 1084 1961; x_wconf 87' lang='lat' dir='ltr'><strong>gestum</strong></span> <span class='ocrx_word' id='word_1_288' title='bbox 1109 1922 1158 1952; x_wconf 89' lang='lat' dir='ltr'><strong>sit.</strong></span> <span class='ocrx_word' id='word_1_289' title='bbox 1206 1922 1267 1953; x_wconf 86' lang='lat' dir='ltr'><strong>Sed</strong></span> <span class='ocrx_word' id='word_1_290' title='bbox 1291 1923 1337 1953; x_wconf 86' lang='lat' dir='ltr'><strong>ita</strong></span> 
     </span>
     <span class='ocr_line' id='line_1_41' title="bbox 380 1963 1336 2004; baseline 0 -8"><span class='ocrx_word' id='word_1_291' title='bbox 380 1965 482 1996; x_wconf 87' lang='lat' dir='ltr'><strong>solent</strong></span> <span class='ocrx_word' id='word_1_292' title='bbox 507 1965 560 2004; x_wconf 89' lang='lat' dir='ltr'><strong>qui</strong></span> <span class='ocrx_word' id='word_1_293' title='bbox 586 1964 697 1994; x_wconf 91' lang='lat' dir='ltr'><strong>nolunt</strong></span> <span class='ocrx_word' id='word_1_294' title='bbox 722 1965 830 1995; x_wconf 87' lang='lat' dir='ltr'><strong>statim</strong></span> <span class='ocrx_word' id='word_1_295' title='bbox 855 1963 894 1994; x_wconf 88' lang='lat' dir='ltr'><strong>ab</strong></span> <span class='ocrx_word' id='word_1_296' title='bbox 917 1963 1008 1994; x_wconf 79' lang='lat' dir='ltr'><strong>initio</strong></span> <span class='ocrx_word' id='word_1_297' title='bbox 1033 1974 1101 1995; x_wconf 86' lang='lat' dir='ltr'><strong>sese</strong></span> <span class='ocrx_word' id='word_1_298' title='bbox 1125 1964 1239 1995; x_wconf 87' lang='lat' dir='ltr'><strong>rationi</strong></span> <span class='ocrx_word' id='word_1_299' title='bbox 1264 1965 1336 1996; x_wconf 89' lang='lat' dir='ltr'><strong>sub-</strong></span> 
     </span>
     <span class='ocr_line' id='line_1_42' title="bbox 380 2002 1365 2047; baseline -0.001 -8"><span class='ocrx_word' id='word_1_300' title='bbox 380 2008 484 2044; x_wconf 89' lang='lat' dir='ltr'><strong>iicere,</strong></span> <span class='ocrx_word' id='word_1_301' title='bbox 521 2007 658 2038; x_wconf 86' lang='lat' dir='ltr'><strong>latebras</strong></span> <span class='ocrx_word' id='word_1_302' title='bbox 693 2013 723 2037; x_wconf 89' lang='lat' dir='ltr'><strong>et</strong></span> <span class='ocrx_word' id='word_1_303' title='bbox 757 2006 877 2047; x_wconf 88' lang='lat' dir='ltr'><strong>effugia</strong></span> <span class='ocrx_word' id='word_1_304' title='bbox 910 2016 1060 2046; x_wconf 82' lang='lat' dir='ltr'><strong>quaerere</strong></span> <span class='ocrx_word' id='word_1_305' title='bbox 1091 2017 1130 2037; x_wconf 90' lang='lat' dir='ltr'><strong>ne</strong></span> <span class='ocrx_word' id='word_1_306' title='bbox 1161 2006 1336 2046; x_wconf 82' lang='lat' dir='ltr'><strong>deprehen·</strong></span> <span class='ocrx_word' id='word_1_307' title='bbox 1363 2002 1365 2045; x_wconf 60' lang='lat'><strong>⁴,</strong></span> 
     </span>
     <span class='ocr_line' id='line_1_43' title="bbox 382 2048 1336 2089; baseline -0.001 -8"><span class='ocrx_word' id='word_1_308' title='bbox 382 2051 508 2081; x_wconf 87' lang='lat' dir='ltr'><strong>dantur.</strong></span> <span class='ocrx_word' id='word_1_309' title='bbox 563 2050 611 2080; x_wconf 77' lang='lat' dir='ltr'><strong>Ac</strong></span> <span class='ocrx_word' id='word_1_310' title='bbox 646 2048 778 2089; x_wconf 89' lang='lat' dir='ltr'><strong>proinde</strong></span> <span class='ocrx_word' id='word_1_311' title='bbox 813 2049 906 2089; x_wconf 89' lang='lat' dir='ltr'><strong>primi</strong></span> <span class='ocrx_word' id='word_1_312' title='bbox 942 2048 1027 2079; x_wconf 89' lang='lat' dir='ltr'><strong>illius</strong></span> <span class='ocrx_word' id='word_1_313' title='bbox 1061 2049 1203 2089; x_wconf 85' lang='lat' dir='ltr'><strong>parentis</strong></span> <span class='ocrx_word' id='word_1_314' title='bbox 1238 2051 1336 2080; x_wconf 91' lang='lat' dir='ltr'><strong>nostri</strong></span> 
     </span>
     <span class='ocr_line' id='line_1_44' title="bbox 382 2091 1336 2132; baseline -0.001 -9"><span class='ocrx_word' id='word_1_315' title='bbox 382 2099 530 2124; x_wconf 88' lang='lat' dir='ltr'><strong>naturam</strong></span> <span class='ocrx_word' id='word_1_316' title='bbox 565 2093 741 2123; x_wconf 78' lang='lat' dir='ltr'><strong>retinemus</strong></span> <span class='ocrx_word' id='word_1_317' title='bbox 776 2098 805 2122; x_wconf 91' lang='lat' dir='ltr'><strong>et</strong></span> <span class='ocrx_word' id='word_1_318' title='bbox 840 2091 984 2132; x_wconf 88' lang='lat' dir='ltr'><strong>vestigiis</strong></span> <span class='ocrx_word' id='word_1_319' title='bbox 1018 2091 1119 2132; x_wconf 87' lang='lat' dir='ltr'><strong>ipsius</strong></span> <span class='ocrx_word' id='word_1_320' title='bbox 1151 2092 1336 2130; x_wconf 70' lang='lat' dir='ltr'><strong>insistimus,</strong></span> 
     </span>
     <span class='ocr_line' id='line_1_45' title="bbox 381 2134 1336 2175; baseline 0 -10"><span class='ocrx_word' id='word_1_321' title='bbox 381 2136 433 2175; x_wconf 90' lang='lat' dir='ltr'><strong>qui</strong></span> <span class='ocrx_word' id='word_1_322' title='bbox 473 2135 612 2174; x_wconf 90' lang='lat' dir='ltr'><strong>primum</strong></span> <span class='ocrx_word' id='word_1_323' title='bbox 649 2134 729 2166; x_wconf 79' lang='lat' dir='ltr'><strong>foliis</strong></span> <span class='ocrx_word' id='word_1_324' title='bbox 768 2145 858 2165; x_wconf 84' lang='lat' dir='ltr'><strong>suam</strong></span> <span class='ocrx_word' id='word_1_325' title='bbox 898 2134 1128 2174; x_wconf 86' lang='lat' dir='ltr'><strong>turpitudinem</strong></span> <span class='ocrx_word' id='word_1_326' title='bbox 1169 2135 1336 2173; x_wconf 84' lang='lat' dir='ltr'><strong>occultare,</strong></span> 
     </span>
     <span class='ocr_line' id='line_1_46' title="bbox 383 2177 1337 2217; baseline 0 -9"><span class='ocrx_word' id='word_1_327' title='bbox 383 2177 497 2209; x_wconf 84' lang='lat' dir='ltr'><strong>deinde</strong></span> <span class='ocrx_word' id='word_1_328' title='bbox 526 2178 650 2217; x_wconf 87' lang='lat' dir='ltr'><strong>eulpam</strong></span> <span class='ocrx_word' id='word_1_329' title='bbox 682 2178 714 2207; x_wconf 91' lang='lat' dir='ltr'><strong>in</strong></span> <span class='ocrx_word' id='word_1_330' title='bbox 750 2187 882 2208; x_wconf 77' lang='lat' dir='ltr'><strong>uxorem</strong></span> <span class='ocrx_word' id='word_1_331' title='bbox 912 2187 1008 2217; x_wconf 89' lang='lat' dir='ltr'><strong>quam</strong></span> <span class='ocrx_word' id='word_1_332' title='bbox 1039 2187 1057 2208; x_wconf 90' lang='lat' dir='ltr'><strong>a</strong></span> <span class='ocrx_word' id='word_1_333' title='bbox 1081 2177 1149 2208; x_wconf 86' lang='lat' dir='ltr'><strong>Deo</strong></span> <span class='ocrx_word' id='word_1_334' title='bbox 1172 2184 1337 2217; x_wconf 84' lang='lat' dir='ltr'><strong>acceperat</strong></span> 
     </span>
     <span class='ocr_line' id='line_1_47' title="bbox 383 2219 1337 2260; baseline 0 -9"><span class='ocrx_word' id='word_1_335' title='bbox 383 2221 512 2252; x_wconf 75' lang='lat' dir='ltr'><strong>reiicei‘e</strong></span> <span class='ocrx_word' id='word_1_336' title='bbox 535 2227 667 2251; x_wconf 87' lang='lat' dir='ltr'><strong>conatus</strong></span> <span class='ocrx_word' id='word_1_337' title='bbox 691 2227 755 2251; x_wconf 86' lang='lat' dir='ltr'><strong>est:</strong></span> <span class='ocrx_word' id='word_1_338' title='bbox 789 2220 906 2250; x_wconf 88' lang='lat' dir='ltr'><strong>femina</strong></span> <span class='ocrx_word' id='word_1_339' title='bbox 938 2230 1012 2250; x_wconf 88' lang='lat' dir='ltr'><strong>vero</strong></span> <span class='ocrx_word' id='word_1_340' title='bbox 1036 2219 1069 2250; x_wconf 93' lang='lat' dir='ltr'><strong>in</strong></span> <span class='ocrx_word' id='word_1_341' title='bbox 1093 2225 1288 2260; x_wconf 88' lang='lat' dir='ltr'><strong>serpentem,</strong></span> <span class='ocrx_word' id='word_1_342' title='bbox 1321 2232 1337 2251; x_wconf 88' lang='lat' dir='ltr'><strong>a</strong></span> 
     </span>
     <span class='ocr_line' id='line_1_48' title="bbox 383 2262 1365 2303; baseline -0.001 -9"><span class='ocrx_word' id='word_1_343' title='bbox 383 2274 446 2303; x_wconf 92' lang='lat' dir='ltr'><strong>quo</strong></span> <span class='ocrx_word' id='word_1_344' title='bbox 469 2273 502 2293; x_wconf 87' lang='lat' dir='ltr'><strong>se</strong></span> <span class='ocrx_word' id='word_1_345' title='bbox 526 2262 689 2302; x_wconf 84' lang='lat' dir='ltr'><strong>deceptam</strong></span> <span class='ocrx_word' id='word_1_346' title='bbox 713 2270 743 2293; x_wconf 89' lang='lat' dir='ltr'><strong>et</strong></span> <span class='ocrx_word' id='word_1_347' title='bbox 768 2262 887 2293; x_wconf 85' lang='lat' dir='ltr'><strong>elusam</strong></span> <span class='ocrx_word' id='word_1_348' title='bbox 913 2263 1009 2293; x_wconf 85' lang='lat' dir='ltr'><strong>fuisse</strong></span> <span class='ocrx_word' id='word_1_349' title='bbox 1033 2263 1246 2302; x_wconf 84' lang='lat' dir='ltr'><strong>conqueritur.</strong></span> <span class='ocrx_word' id='word_1_350' title='bbox 1287 2263 1337 2293; x_wconf 86' lang='lat' dir='ltr'><strong>Ita</strong></span> <span class='ocrx_word' id='word_1_351' title='bbox 1364 2284 1365 2291; x_wconf 23' lang='grc' dir='ltr'><strong>κ</strong></span> 
     </span>
     <span class='ocr_line' id='line_1_49' title="bbox 382 2305 1365 2346; baseline -0.001 -9"><span class='ocrx_word' id='word_1_352' title='bbox 382 2306 516 2346; x_wconf 84' lang='lat' dir='ltr'><strong>quisque</strong></span> <span class='ocrx_word' id='word_1_353' title='bbox 540 2306 618 2337; x_wconf 87' lang='lat' dir='ltr'><strong>solet</strong></span> <span class='ocrx_word' id='word_1_354' title='bbox 643 2305 674 2336; x_wconf 89' lang='lat' dir='ltr'><strong>in</strong></span> <span class='ocrx_word' id='word_1_355' title='bbox 699 2305 797 2336; x_wconf 88' lang='lat' dir='ltr'><strong>alium</strong></span> <span class='ocrx_word' id='word_1_356' title='bbox 818 2311 946 2345; x_wconf 84' lang='lat' dir='ltr'><strong>peccata</strong></span> <span class='ocrx_word' id='word_1_357' title='bbox 969 2315 1026 2336; x_wconf 85' lang='lat' dir='ltr'><strong>sua</strong></span> <span class='ocrx_word' id='word_1_358' title='bbox 1045 2305 1211 2341; x_wconf 86' lang='lat' dir='ltr'><strong>coniicere,</strong></span> <span class='ocrx_word' id='word_1_359' title='bbox 1236 2315 1337 2345; x_wconf 86' lang='lat' dir='ltr'><strong>neque</strong></span> <span class='ocrx_word' id='word_1_360' title='bbox 1364 2339 1365 2342; x_wconf 14' lang='grc' dir='ltr'><strong>Ἰ</strong></span> 
     </span>
     <span class='ocr_line' id='line_1_50' title="bbox 383 2347 1365 2392; baseline -0.001 -13"><span class='ocrx_word' id='word_1_361' title='bbox 383 2355 487 2389; x_wconf 89' lang='lat' dir='ltr'><strong>potest</strong></span> <span class='ocrx_word' id='word_1_362' title='bbox 510 2359 543 2379; x_wconf 86' lang='lat' dir='ltr'><strong>se</strong></span> <span class='ocrx_word' id='word_1_363' title='bbox 568 2358 657 2379; x_wconf 91' lang='lat' dir='ltr'><strong>reum</strong></span> <span class='ocrx_word' id='word_1_364' title='bbox 682 2354 795 2387; x_wconf 87' lang='lat' dir='ltr'><strong>sponte</strong></span> <span class='ocrx_word' id='word_1_365' title='bbox 816 2348 915 2378; x_wconf 88' lang='lat' dir='ltr'><strong>fateri.</strong></span> <span class='ocrx_word' id='word_1_366' title='bbox 968 2347 1024 2379; x_wconf 84' lang='lat' dir='ltr'><strong>Sic</strong></span> <span class='ocrx_word' id='word_1_367' title='bbox 1043 2349 1104 2378; x_wconf 86' lang='lat' dir='ltr'><strong>iam</strong></span> <span class='ocrx_word' id='word_1_368' title='bbox 1125 2347 1219 2379; x_wconf 85' lang='lat' dir='ltr'><strong>Saul:</strong></span> <span class='ocrx_word' id='word_1_369' title='bbox 1244 2358 1336 2388; x_wconf 86' lang='lat' dir='ltr'><strong>quem</strong></span> <span class='ocrx_word' id='word_1_370' title='bbox 1363 2362 1365 2392; x_wconf 38' lang='grc' dir='ltr'><strong>ξ</strong></span> 
     </span>
     <span class='ocr_line' id='line_1_51' title="bbox 383 2390 1336 2430; baseline -0.001 -8"><span class='ocrx_word' id='word_1_371' title='bbox 383 2402 459 2422; x_wconf 88' lang='lat' dir='ltr'><strong>sane</strong></span> <span class='ocrx_word' id='word_1_372' title='bbox 483 2398 604 2422; x_wconf 88' lang='lat' dir='ltr'><strong>certum</strong></span> <span class='ocrx_word' id='word_1_373' title='bbox 630 2396 677 2421; x_wconf 88' lang='lat' dir='ltr'><strong>est</strong></span> <span class='ocrx_word' id='word_1_374' title='bbox 702 2390 837 2421; x_wconf 87' lang='lat' dir='ltr'><strong>voluisse</strong></span> <span class='ocrx_word' id='word_1_375' title='bbox 862 2390 940 2421; x_wconf 88' lang='lat' dir='ltr'><strong>haee</strong></span> <span class='ocrx_word' id='word_1_376' title='bbox 962 2390 1063 2430; x_wconf 88' lang='lat' dir='ltr'><strong>spolia</strong></span> <span class='ocrx_word' id='word_1_377' title='bbox 1086 2391 1117 2421; x_wconf 93' lang='lat' dir='ltr'><strong>in</strong></span> <span class='ocrx_word' id='word_1_378' title='bbox 1138 2390 1336 2430; x_wconf 86' lang='lat' dir='ltr'><strong>triumphum</strong></span> 
     </span>
     <span class='ocr_line' id='line_1_52' title="bbox 383 2432 1337 2473; baseline -0.002 -8"><span class='ocrx_word' id='word_1_379' title='bbox 383 2434 507 2472; x_wconf 86' lang='lat' dir='ltr'><strong>ducere,</strong></span> <span class='ocrx_word' id='word_1_380' title='bbox 530 2440 563 2464; x_wconf 92' lang='lat' dir='ltr'><strong>ut</strong></span> <span class='ocrx_word' id='word_1_381' title='bbox 588 2434 726 2473; x_wconf 90' lang='lat' dir='ltr'><strong>primum</strong></span> <span class='ocrx_word' id='word_1_382' title='bbox 750 2444 856 2473; x_wconf 81' lang='lat' dir='ltr'><strong>regem</strong></span> <span class='ocrx_word' id='word_1_383' title='bbox 882 2439 1066 2468; x_wconf 69' lang='lat' dir='ltr'><strong>ostentaret</strong></span> <span class='ocrx_word' id='word_1_384' title='bbox 1092 2432 1206 2464; x_wconf 91' lang='lat' dir='ltr'><strong>deinde</strong></span> <span class='ocrx_word' id='word_1_385' title='bbox 1228 2443 1337 2473; x_wconf 88' lang='lat' dir='ltr'><strong>seque·</strong></span> 
     </span>
     <span class='ocr_line' id='line_1_53' title="bbox 382 2476 1364 2516; baseline -0.001 -9"><span class='ocrx_word' id='word_1_386' title='bbox 382 2483 493 2508; x_wconf 84' lang='lat' dir='ltr'><strong>rentur</strong></span> <span class='ocrx_word' id='word_1_387' title='bbox 516 2487 599 2514; x_wconf 87' lang='lat' dir='ltr'><strong>oves</strong></span> <span class='ocrx_word' id='word_1_388' title='bbox 624 2483 690 2506; x_wconf 87' lang='lat' dir='ltr'><strong>tum</strong></span> <span class='ocrx_word' id='word_1_389' title='bbox 715 2476 819 2511; x_wconf 85' lang='lat' dir='ltr'><strong>boves,</strong></span> <span class='ocrx_word' id='word_1_390' title='bbox 845 2485 966 2513; x_wconf 86' lang='lat' dir='ltr'><strong>vaccae,</strong></span> <span class='ocrx_word' id='word_1_391' title='bbox 991 2482 1020 2506; x_wconf 89' lang='lat' dir='ltr'><strong>et</strong></span> <span class='ocrx_word' id='word_1_392' title='bbox 1040 2482 1174 2513; x_wconf 87' lang='lat' dir='ltr'><strong>caetera,</strong></span> <span class='ocrx_word' id='word_1_393' title='bbox 1199 2480 1336 2516; x_wconf 84' lang='lat' dir='ltr'><strong>praeter·</strong></span> <span class='ocrx_word' id='word_1_394' title='bbox 1363 2476 1364 2514; x_wconf 62' lang='lat'>1</span> 
     </span>
     <span class='ocr_line' id='line_1_54' title="bbox 381 2517 1337 2559; baseline -0.002 -9"><span class='ocrx_word' id='word_1_395' title='bbox 381 2529 476 2559; x_wconf 88' lang='lat' dir='ltr'><strong>quam</strong></span> <span class='ocrx_word' id='word_1_396' title='bbox 500 2518 583 2559; x_wconf 88' lang='lat' dir='ltr'><strong>quod</strong></span> <span class='ocrx_word' id='word_1_397' title='bbox 602 2519 725 2559; x_wconf 83' lang='lat' dir='ltr'><strong>optima</strong></span> <span class='ocrx_word' id='word_1_398' title='bbox 743 2529 886 2558; x_wconf 90' lang='lat' dir='ltr'><strong>quaeque</strong></span> <span class='ocrx_word' id='word_1_399' title='bbox 905 2517 1049 2558; x_wconf 83' lang='lat' dir='ltr'><strong>supellex</strong></span> <span class='ocrx_word' id='word_1_400' title='bbox 1069 2517 1205 2550; x_wconf 84' lang='lat' dir='ltr'><strong>abducta</strong></span> <span class='ocrx_word' id='word_1_401' title='bbox 1224 2518 1337 2549; x_wconf 83' lang='lat' dir='ltr'><strong>fuerat.</strong></span> 
     </span>
     <span class='ocr_line' id='line_1_55' title="bbox 382 2561 1336 2601; baseline -0.001 -9"><span class='ocrx_word' id='word_1_402' title='bbox 382 2562 490 2600; x_wconf 71' lang='lat' dir='ltr'><strong>Quare</strong></span> <span class='ocrx_word' id='word_1_403' title='bbox 514 2562 653 2592; x_wconf 81' lang='lat' dir='ltr'><strong>maxime</strong></span> <span class='ocrx_word' id='word_1_404' title='bbox 679 2571 784 2593; x_wconf 91' lang='lat' dir='ltr'><strong>coram</strong></span> <span class='ocrx_word' id='word_1_405' title='bbox 810 2561 878 2592; x_wconf 70' lang='lat' dir='ltr'><strong>Deo</strong></span> <span class='ocrx_word' id='word_1_406' title='bbox 902 2571 974 2592; x_wconf 90' lang='lat' dir='ltr'><strong>reus</strong></span> <span class='ocrx_word' id='word_1_407' title='bbox 998 2566 1066 2592; x_wconf 88' lang='lat' dir='ltr'><strong>erat</strong></span> <span class='ocrx_word' id='word_1_408' title='bbox 1090 2561 1182 2592; x_wconf 88' lang='lat' dir='ltr'><strong>istius</strong></span> <span class='ocrx_word' id='word_1_409' title='bbox 1205 2561 1336 2601; x_wconf 83' lang='lat' dir='ltr'><strong>peccati.</strong></span> 
     </span>
     <span class='ocr_line' id='line_1_56' title="bbox 382 2593 1364 2645; baseline 0 -11"><span class='ocrx_word' id='word_1_410' title='bbox 382 2604 410 2631; x_wconf 56' lang='grc' dir='ltr'>ἲ</span> <span class='ocrx_word' id='word_1_411' title='bbox 415 2615 503 2635; x_wconf 81' lang='lat' dir='ltr'><strong>crum</strong></span> <span class='ocrx_word' id='word_1_412' title='bbox 523 2604 557 2635; x_wconf 89' lang='lat' dir='ltr'><strong>in</strong></span> <span class='ocrx_word' id='word_1_413' title='bbox 571 2604 722 2645; x_wconf 89' lang='lat' dir='ltr'><strong>populum</strong></span> <span class='ocrx_word' id='word_1_414' title='bbox 743 2603 867 2644; x_wconf 87' lang='lat' dir='ltr'><strong>eulpam</strong></span> <span class='ocrx_word' id='word_1_415' title='bbox 888 2613 1017 2634; x_wconf 90' lang='lat' dir='ltr'><strong>omnem</strong></span> <span class='ocrx_word' id='word_1_416' title='bbox 1037 2603 1154 2641; x_wconf 84' lang='lat' dir='ltr'><strong>reiecit,</strong></span> <span class='ocrx_word' id='word_1_417' title='bbox 1179 2608 1215 2634; x_wconf 91' lang='lat' dir='ltr'><strong>ut</strong></span> <span class='ocrx_word' id='word_1_418' title='bbox 1234 2603 1337 2635; x_wconf 88' lang='lat' dir='ltr'><strong>solent</strong></span> <span class='ocrx_word' id='word_1_419' title='bbox 1362 2593 1364 2631; x_wconf 79' lang='lat' dir='ltr'><strong>l</strong></span> 
     </span>
     <span class='ocr_line' id='line_1_57' title="bbox 381 2645 1363 2686; baseline 0.001 -10"><span class='ocrx_word' id='word_1_420' title='bbox 381 2647 531 2678; x_wconf 77' lang='lat' dir='ltr'><strong>1·icinoris</strong></span> <span class='ocrx_word' id='word_1_421' title='bbox 562 2647 695 2678; x_wconf 81' lang='lat' dir='ltr'><strong>alicuius</strong></span> <span class='ocrx_word' id='word_1_422' title='bbox 727 2647 769 2677; x_wconf 86' lang='lat' dir='ltr'><strong>rei</strong></span> <span class='ocrx_word' id='word_1_423' title='bbox 804 2646 931 2686; x_wconf 88' lang='lat' dir='ltr'><strong>culpam</strong></span> <span class='ocrx_word' id='word_1_424' title='bbox 962 2646 1054 2677; x_wconf 89' lang='lat' dir='ltr'><strong>modo</strong></span> <span class='ocrx_word' id='word_1_425' title='bbox 1077 2646 1110 2677; x_wconf 93' lang='lat' dir='ltr'><strong>in</strong></span> <span class='ocrx_word' id='word_1_426' title='bbox 1136 2646 1222 2677; x_wconf 89' lang='lat' dir='ltr'><strong>hunc</strong></span> <span class='ocrx_word' id='word_1_427' title='bbox 1245 2645 1336 2677; x_wconf 91' lang='lat' dir='ltr'><strong>modo</strong></span> <span class='ocrx_word' id='word_1_428' title='bbox 1362 2649 1363 2663; x_wconf 66' lang='lat'>¹</span> 
     </span>
    </p>
   </div>
   <div class='ocr_carea' id='block_1_3' title="bbox 1361 485 1367 2330">
    <p class='ocr_par' dir='ltr' id='par_1_4' title="bbox 1361 485 1367 2330">
     <span class='ocr_line' id='line_1_58' title="bbox 1361 485 1367 2330; baseline 0 0"><span class='ocrx_word' id='word_1_429' title='bbox 1361 485 1367 2330; x_wconf 95' lang='lat' dir='ltr'><strong> </strong></span> 
     </span>
    </p>
   </div>
   <div class='ocr_carea' id='block_1_4' title="bbox 1204 203 1523 237">
    <p class='ocr_par' dir='ltr' id='par_1_5' title="bbox 1204 203 1523 237">
     <span class='ocr_line' id='line_1_59' title="bbox 1204 203 1523 237; baseline 0.003 -2"><span class='ocrx_word' id='word_1_430' title='bbox 1204 203 1407 237; x_wconf 83' lang='lat' dir='ltr'>HOMILIA</span> <span class='ocrx_word' id='word_1_431' title='bbox 1432 204 1523 236; x_wconf 86' lang='lat' dir='ltr'>LIII.</span> 
     </span>
    </p>
   </div>
   <div class='ocr_carea' id='block_1_5' title="bbox 2290 205 2350 236">
    <p class='ocr_par' dir='ltr' id='par_1_6' title="bbox 2290 205 2350 236">
     <span class='ocr_line' id='line_1_60' title="bbox 2290 205 2350 236; baseline 0 0"><span class='ocrx_word' id='word_1_432' title='bbox 2290 205 2350 236; x_wconf 79' lang='lat'><strong>104</strong></span> 
     </span>
    </p>
   </div>
   <div class='ocr_carea' id='block_1_6' title="bbox 1362 298 2352 340">
    <p class='ocr_par' dir='ltr' id='par_1_7' title="bbox 1362 298 2352 340">
     <span class='ocr_line' id='line_1_61' title="bbox 1362 298 2352 340; baseline 0.001 -11"><span class='ocrx_word' id='word_1_433' title='bbox 1362 303 1363 306; x_wconf 79' lang='grc'>’</span> <span class='ocrx_word' id='word_1_434' title='bbox 1389 299 1421 329; x_wconf 89' lang='lat' dir='ltr'><strong>in</strong></span> <span class='ocrx_word' id='word_1_435' title='bbox 1445 298 1535 330; x_wconf 88' lang='lat' dir='ltr'><strong>illum</strong></span> <span class='ocrx_word' id='word_1_436' title='bbox 1561 299 1700 336; x_wconf 77' lang='lat' dir='ltr'><strong>relicere,</strong></span> <span class='ocrx_word' id='word_1_437' title='bbox 1726 299 1957 340; x_wconf 89' lang='lat' dir='ltr'><strong>impunitatem</strong></span> <span class='ocrx_word' id='word_1_438' title='bbox 1982 298 2041 330; x_wconf 88' lang='lat' dir='ltr'><strong>hac</strong></span> <span class='ocrx_word' id='word_1_439' title='bbox 2061 298 2185 330; x_wconf 87' lang='lat' dir='ltr'><strong>ratione</strong></span> <span class='ocrx_word' id='word_1_440' title='bbox 2204 298 2263 330; x_wconf 85' lang='lat' dir='ltr'><strong>sibi</strong></span> <span class='ocrx_word' id='word_1_441' title='bbox 2284 299 2352 339; x_wconf 87' lang='lat' dir='ltr'><strong>pol-</strong></span> 
     </span>
    </p>
   </div>
   <div class='ocr_carea' id='block_1_7' title="bbox 1390 340 2351 383">
    <p class='ocr_par' dir='ltr' id='par_1_8' title="bbox 1390 340 2351 383">
     <span class='ocr_line' id='line_1_62' title="bbox 1390 340 2351 383; baseline 0.001 -11"><span class='ocrx_word' id='word_1_442' title='bbox 1390 341 1528 373; x_wconf 87' lang='lat' dir='ltr'><strong>licentes.</strong></span> <span class='ocrx_word' id='word_1_443' title='bbox 1570 341 1686 382; x_wconf 84' lang='lat' dir='ltr'><strong>Itaque</strong></span> <span class='ocrx_word' id='word_1_444' title='bbox 1711 352 1828 383; x_wconf 85' lang='lat' dir='ltr'><strong>magna</strong></span> <span class='ocrx_word' id='word_1_445' title='bbox 1853 341 1905 372; x_wconf 89' lang='lat' dir='ltr'><strong>hic</strong></span> <span class='ocrx_word' id='word_1_446' title='bbox 1931 341 2020 372; x_wconf 86' lang='lat' dir='ltr'><strong>nobis</strong></span> <span class='ocrx_word' id='word_1_447' title='bbox 2044 340 2225 372; x_wconf 84' lang='lat' dir='ltr'><strong>adhibenda</strong></span> <span class='ocrx_word' id='word_1_448' title='bbox 2247 342 2351 373; x_wconf 88' lang='lat' dir='ltr'><strong>cautio</strong></span> 
     </span>
    </p>
   </div>
   <div class='ocr_carea' id='block_1_8' title="bbox 1362 383 2351 424">
    <p class='ocr_par' dir='ltr' id='par_1_9' title="bbox 1362 383 2351 424">
     <span class='ocr_line' id='line_1_63' title="bbox 1362 383 2351 424; baseline 0 -10"><span class='ocrx_word' id='word_1_449' title='bbox 1362 397 1363 402; x_wconf 53' lang='lat'>¹</span> <span class='ocrx_word' id='word_1_450' title='bbox 1389 390 1446 419; x_wconf 88' lang='lat' dir='ltr'><strong>est,</strong></span> <span class='ocrx_word' id='word_1_451' title='bbox 1477 391 1511 415; x_wconf 88' lang='lat' dir='ltr'><strong>ut</strong></span> <span class='ocrx_word' id='word_1_452' title='bbox 1544 383 1582 415; x_wconf 88' lang='lat' dir='ltr'><strong>de</strong></span> <span class='ocrx_word' id='word_1_453' title='bbox 1613 385 1732 416; x_wconf 90' lang='lat' dir='ltr'><strong>nostris</strong></span> <span class='ocrx_word' id='word_1_454' title='bbox 1763 385 1900 424; x_wconf 88' lang='lat' dir='ltr'><strong>peccatis</strong></span> <span class='ocrx_word' id='word_1_455' title='bbox 1930 385 2013 415; x_wconf 81' lang='lat' dir='ltr'><strong>serio</strong></span> <span class='ocrx_word' id='word_1_456' title='bbox 2044 384 2233 424; x_wconf 83' lang='lat' dir='ltr'><strong>cogitantes,</strong></span> <span class='ocrx_word' id='word_1_457' title='bbox 2266 383 2351 415; x_wconf 92' lang='lat' dir='ltr'><strong>ultro</strong></span> 
     </span>
    </p>
   </div>
   <div class='ocr_carea' id='block_1_9' title="bbox 1389 425 2351 680">
    <p class='ocr_par' dir='ltr' id='par_1_10' title="bbox 1389 425 2351 680">
     <span class='ocr_line' id='line_1_64' title="bbox 1389 425 2350 465; baseline 0 -8"><span class='ocrx_word' id='word_1_458' title='bbox 1389 426 1690 458; x_wconf 75' lang='lat' dir='ltr'><strong>condemnationem</strong></span> <span class='ocrx_word' id='word_1_459' title='bbox 1715 428 1897 463; x_wconf 83' lang='lat' dir='ltr'><strong>subeamus,</strong></span> <span class='ocrx_word' id='word_1_460' title='bbox 1922 427 1955 457; x_wconf 94' lang='lat' dir='ltr'><strong>in</strong></span> <span class='ocrx_word' id='word_1_461' title='bbox 1980 426 2103 457; x_wconf 90' lang='lat' dir='ltr'><strong>nullum</strong></span> <span class='ocrx_word' id='word_1_462' title='bbox 2128 425 2254 465; x_wconf 88' lang='lat' dir='ltr'><strong>culpam</strong></span> <span class='ocrx_word' id='word_1_463' title='bbox 2278 426 2350 457; x_wconf 91' lang='lat' dir='ltr'><strong>reii-</strong></span> 
     </span>
     <span class='ocr_line' id='line_1_65' title="bbox 1389 468 2351 509; baseline -0.001 -9"><span class='ocrx_word' id='word_1_464' title='bbox 1389 469 1519 500; x_wconf 79' lang='lat' dir='ltr'><strong>cientes.</strong></span> <span class='ocrx_word' id='word_1_465' title='bbox 1567 469 1699 501; x_wconf 88' lang='lat' dir='ltr'><strong>Certum</strong></span> <span class='ocrx_word' id='word_1_466' title='bbox 1725 470 1810 501; x_wconf 91' lang='lat' dir='ltr'><strong>enim</strong></span> <span class='ocrx_word' id='word_1_467' title='bbox 1834 476 1881 501; x_wconf 91' lang='lat' dir='ltr'><strong>est</strong></span> <span class='ocrx_word' id='word_1_468' title='bbox 1907 480 1964 500; x_wconf 89' lang='lat' dir='ltr'><strong>nos</strong></span> <span class='ocrx_word' id='word_1_469' title='bbox 1987 469 2140 509; x_wconf 89' lang='lat' dir='ltr'><strong>quamdiu</strong></span> <span class='ocrx_word' id='word_1_470' title='bbox 2165 468 2228 499; x_wconf 91' lang='lat' dir='ltr'><strong>alio</strong></span> <span class='ocrx_word' id='word_1_471' title='bbox 2246 478 2351 509; x_wconf 87' lang='lat' dir='ltr'><strong>respe-</strong></span> 
     </span>
     <span class='ocr_line' id='line_1_66' title="bbox 1390 512 2351 552; baseline 0 -10"><span class='ocrx_word' id='word_1_472' title='bbox 1390 512 1542 547; x_wconf 68' lang='lat' dir='ltr'><strong>xerimus,</strong></span> <span class='ocrx_word' id='word_1_473' title='bbox 1576 512 1698 542; x_wconf 90' lang='lat' dir='ltr'><strong>tamdiu</strong></span> <span class='ocrx_word' id='word_1_474' title='bbox 1729 512 1849 552; x_wconf 84' lang='lat' dir='ltr'><strong>effugia</strong></span> <span class='ocrx_word' id='word_1_475' title='bbox 1885 522 1966 543; x_wconf 87' lang='lat' dir='ltr'><strong>vana</strong></span> <span class='ocrx_word' id='word_1_476' title='bbox 2001 512 2202 552; x_wconf 89' lang='lat' dir='ltr'><strong>quaesituros</strong></span> <span class='ocrx_word' id='word_1_477' title='bbox 2236 512 2351 551; x_wconf 91' lang='lat' dir='ltr'><strong>quibus</strong></span> 
     </span>
     <span class='ocr_line' id='line_1_67' title="bbox 1390 554 2350 594; baseline 0 -9"><span class='ocrx_word' id='word_1_478' title='bbox 1390 555 1451 585; x_wconf 94' lang='lat' dir='ltr'><strong>Dei</strong></span> <span class='ocrx_word' id='word_1_479' title='bbox 1475 555 1587 586; x_wconf 89' lang='lat' dir='ltr'><strong>iudicis</strong></span> <span class='ocrx_word' id='word_1_480' title='bbox 1611 555 1719 586; x_wconf 81' lang='lat' dir='ltr'><strong>oeulos</strong></span> <span class='ocrx_word' id='word_1_481' title='bbox 1742 555 1900 586; x_wconf 85' lang='lat' dir='ltr'><strong>fallamus.</strong></span> <span class='ocrx_word' id='word_1_482' title='bbox 1938 554 1999 586; x_wconf 88' lang='lat' dir='ltr'><strong>Sed</strong></span> <span class='ocrx_word' id='word_1_483' title='bbox 2024 556 2096 594; x_wconf 90' lang='lat' dir='ltr'><strong>quis</strong></span> <span class='ocrx_word' id='word_1_484' title='bbox 2121 554 2260 589; x_wconf 86' lang='lat' dir='ltr'><strong>tandem,</strong></span> <span class='ocrx_word' id='word_1_485' title='bbox 2285 564 2350 593; x_wconf 85' lang='lat' dir='ltr'><strong>oro,</strong></span> 
     </span>
     <span class='ocr_line' id='line_1_68' title="bbox 1389 596 2349 638; baseline 0 -10"><span class='ocrx_word' id='word_1_486' title='bbox 1389 597 1511 628; x_wconf 84' lang='lat' dir='ltr'><strong>fructus</strong></span> <span class='ocrx_word' id='word_1_487' title='bbox 1541 596 1626 627; x_wconf 86' lang='lat' dir='ltr'><strong>erit?</strong></span> <span class='ocrx_word' id='word_1_488' title='bbox 1671 597 1754 628; x_wconf 88' lang='lat' dir='ltr'><strong>Nam</strong></span> <span class='ocrx_word' id='word_1_489' title='bbox 1788 607 1995 637; x_wconf 89' lang='lat' dir='ltr'><strong>quaeeunque</strong></span> <span class='ocrx_word' id='word_1_490' title='bbox 2017 598 2136 638; x_wconf 86' lang='lat' dir='ltr'><strong>effugia</strong></span> <span class='ocrx_word' id='word_1_491' title='bbox 2155 597 2349 637; x_wconf 87' lang='lat' dir='ltr'><strong>quaesiveri-</strong></span> 
     </span>
     <span class='ocr_line' id='line_1_69' title="bbox 1390 639 2350 680; baseline 0.002 -11"><span class='ocrx_word' id='word_1_492' title='bbox 1390 650 1469 676; x_wconf 86' lang='lat' dir='ltr'><strong>mus,</strong></span> <span class='ocrx_word' id='word_1_493' title='bbox 1493 649 1660 678; x_wconf 89' lang='lat' dir='ltr'><strong>nunquam</strong></span> <span class='ocrx_word' id='word_1_494' title='bbox 1686 646 1792 670; x_wconf 89' lang='lat' dir='ltr'><strong>tamen</strong></span> <span class='ocrx_word' id='word_1_495' title='bbox 1816 639 1876 670; x_wconf 89' lang='lat' dir='ltr'><strong>Dei</strong></span> <span class='ocrx_word' id='word_1_496' title='bbox 1901 639 2053 671; x_wconf 88' lang='lat' dir='ltr'><strong>iudicium</strong></span> <span class='ocrx_word' id='word_1_497' title='bbox 2076 640 2286 680; x_wconf 87' lang='lat' dir='ltr'><strong>effugiemus:</strong></span> <span class='ocrx_word' id='word_1_498' title='bbox 2313 650 2350 672; x_wconf 91' lang='lat' dir='ltr'><strong>ae</strong></span> 
     </span>
    </p>
   </div>
   <div class='ocr_carea' id='block_1_10' title="bbox 1362 681 2349 722">
    <p class='ocr_par' dir='ltr' id='par_1_11' title="bbox 1362 681 2349 722">
     <span class='ocr_line' id='line_1_70' title="bbox 1362 681 2349 722; baseline 0.002 -10"><span class='ocrx_word' id='word_1_499' title='bbox 1362 684 1363 689; x_wconf 59' lang='lat'>¹</span> <span class='ocrx_word' id='word_1_500' title='bbox 1390 682 1463 713; x_wconf 88' lang='lat' dir='ltr'><strong>lieet</strong></span> <span class='ocrx_word' id='word_1_501' title='bbox 1486 682 1578 712; x_wconf 90' lang='lat' dir='ltr'><strong>modo</strong></span> <span class='ocrx_word' id='word_1_502' title='bbox 1602 682 1632 712; x_wconf 93' lang='lat' dir='ltr'><strong>in</strong></span> <span class='ocrx_word' id='word_1_503' title='bbox 1656 681 1751 717; x_wconf 88' lang='lat' dir='ltr'><strong>hunc,</strong></span> <span class='ocrx_word' id='word_1_504' title='bbox 1776 681 1870 712; x_wconf 89' lang='lat' dir='ltr'><strong>modo</strong></span> <span class='ocrx_word' id='word_1_505' title='bbox 1894 682 1928 712; x_wconf 92' lang='lat' dir='ltr'><strong>in</strong></span> <span class='ocrx_word' id='word_1_506' title='bbox 1952 682 2042 712; x_wconf 94' lang='lat' dir='ltr'><strong>illum</strong></span> <span class='ocrx_word' id='word_1_507' title='bbox 2066 683 2193 722; x_wconf 89' lang='lat' dir='ltr'><strong>eulpam</strong></span> <span class='ocrx_word' id='word_1_508' title='bbox 2218 682 2349 714; x_wconf 90' lang='lat' dir='ltr'><strong>reiicere</strong></span> 
     </span>
    </p>
   </div>
   <div class='ocr_carea' id='block_1_11' title="bbox 1389 723 2351 2218">
    <p class='ocr_par' dir='ltr' id='par_1_12' title="bbox 1389 723 2351 1358">
     <span class='ocr_line' id='line_1_71' title="bbox 1389 723 2349 764; baseline 0 -8"><span class='ocrx_word' id='word_1_509' title='bbox 1389 725 1494 756; x_wconf 88' lang='lat' dir='ltr'><strong>conati</strong></span> <span class='ocrx_word' id='word_1_510' title='bbox 1518 724 1682 759; x_wconf 73' lang='lat' dir='ltr'><strong>fuerimus,</strong></span> <span class='ocrx_word' id='word_1_511' title='bbox 1708 724 1786 754; x_wconf 88' lang='lat' dir='ltr'><strong>nihil</strong></span> <span class='ocrx_word' id='word_1_512' title='bbox 1811 723 1942 759; x_wconf 84' lang='lat' dir='ltr'><strong>iuvabit.</strong></span> <span class='ocrx_word' id='word_1_513' title='bbox 1967 724 2225 764; x_wconf 88' lang='lat' dir='ltr'><strong>quandoquidem</strong></span> <span class='ocrx_word' id='word_1_514' title='bbox 2246 725 2291 756; x_wconf 93' lang='lat' dir='ltr'><strong>illi</strong></span> <span class='ocrx_word' id='word_1_515' title='bbox 2311 725 2349 756; x_wconf 91' lang='lat' dir='ltr'><strong>de</strong></span> 
     </span>
     <span class='ocr_line' id='line_1_72' title="bbox 1389 767 2350 808; baseline 0.001 -10"><span class='ocrx_word' id='word_1_516' title='bbox 1389 768 1455 798; x_wconf 89' lang='lat' dir='ltr'><strong>suis</strong></span> <span class='ocrx_word' id='word_1_517' title='bbox 1478 767 1615 807; x_wconf 87' lang='lat' dir='ltr'><strong>peccatis</strong></span> <span class='ocrx_word' id='word_1_518' title='bbox 1639 776 1757 806; x_wconf 82' lang='lat' dir='ltr'><strong>poenas</strong></span> <span class='ocrx_word' id='word_1_519' title='bbox 1782 767 1892 798; x_wconf 91' lang='lat' dir='ltr'><strong>luituri</strong></span> <span class='ocrx_word' id='word_1_520' title='bbox 1916 774 2000 803; x_wconf 86' lang='lat' dir='ltr'><strong>sunt,</strong></span> <span class='ocrx_word' id='word_1_521' title='bbox 2025 773 2056 797; x_wconf 90' lang='lat' dir='ltr'><strong>et</strong></span> <span class='ocrx_word' id='word_1_522' title='bbox 2078 768 2213 807; x_wconf 90' lang='lat' dir='ltr'><strong>quisque</strong></span> <span class='ocrx_word' id='word_1_523' title='bbox 2236 778 2292 808; x_wconf 89' lang='lat' dir='ltr'><strong>pro</strong></span> <span class='ocrx_word' id='word_1_524' title='bbox 2316 778 2350 799; x_wconf 90' lang='lat' dir='ltr'><strong>se</strong></span> 
     </span>
     <span class='ocr_line' id='line_1_73' title="bbox 1391 808 2350 849; baseline 0.001 -9"><span class='ocrx_word' id='word_1_525' title='bbox 1391 810 1458 841; x_wconf 90' lang='lat' dir='ltr'><strong>luat</strong></span> <span class='ocrx_word' id='word_1_526' title='bbox 1488 820 1608 849; x_wconf 65' lang='lat' dir='ltr'><strong>poenas</strong></span> <span class='ocrx_word' id='word_1_527' title='bbox 1638 816 1771 849; x_wconf 91' lang='lat' dir='ltr'><strong>oportet.</strong></span> <span class='ocrx_word' id='word_1_528' title='bbox 1817 808 2034 848; x_wconf 85' lang='lat' dir='ltr'><strong>Quamobrem</strong></span> <span class='ocrx_word' id='word_1_529' title='bbox 2065 810 2146 840; x_wconf 81' lang='lat' dir='ltr'><strong>serio</strong></span> <span class='ocrx_word' id='word_1_530' title='bbox 2171 809 2209 841; x_wconf 88' lang='lat' dir='ltr'><strong>de</strong></span> <span class='ocrx_word' id='word_1_531' title='bbox 2231 811 2350 842; x_wconf 87' lang='lat' dir='ltr'><strong>nostris</strong></span> 
     </span>
     <span class='ocr_line' id='line_1_74' title="bbox 1390 852 2348 893; baseline 0.002 -11"><span class='ocrx_word' id='word_1_532' title='bbox 1390 853 1525 892; x_wconf 75' lang='lat' dir='ltr'><strong>peccatis</strong></span> <span class='ocrx_word' id='word_1_533' title='bbox 1559 852 1741 893; x_wconf 84' lang='lat' dir='ltr'><strong>cogitaturi.</strong></span> <span class='ocrx_word' id='word_1_534' title='bbox 1776 852 1891 883; x_wconf 85' lang='lat' dir='ltr'><strong>missos</strong></span> <span class='ocrx_word' id='word_1_535' title='bbox 1926 852 2079 883; x_wconf 87' lang='lat' dir='ltr'><strong>faciamus</strong></span> <span class='ocrx_word' id='word_1_536' title='bbox 2112 862 2165 883; x_wconf 75' lang='lat' dir='ltr'><strong>eos</strong></span> <span class='ocrx_word' id='word_1_537' title='bbox 2200 853 2254 892; x_wconf 90' lang='lat' dir='ltr'><strong>qui</strong></span> <span class='ocrx_word' id='word_1_538' title='bbox 2285 863 2348 884; x_wconf 89' lang='lat' dir='ltr'><strong>non</strong></span> 
     </span>
     <span class='ocr_line' id='line_1_75' title="bbox 1389 894 2350 935; baseline 0.002 -10"><span class='ocrx_word' id='word_1_539' title='bbox 1389 895 1499 926; x_wconf 86' lang='lat' dir='ltr'><strong>iisdem</strong></span> <span class='ocrx_word' id='word_1_540' title='bbox 1526 895 1689 926; x_wconf 87' lang='lat' dir='ltr'><strong>nobiseum</strong></span> <span class='ocrx_word' id='word_1_541' title='bbox 1715 895 1854 933; x_wconf 83' lang='lat' dir='ltr'><strong>peccatis</strong></span> <span class='ocrx_word' id='word_1_542' title='bbox 1878 895 2022 934; x_wconf 85' lang='lat' dir='ltr'><strong>impliciti</strong></span> <span class='ocrx_word' id='word_1_543' title='bbox 2048 900 2134 934; x_wconf 85' lang='lat' dir='ltr'><strong>sunt,</strong></span> <span class='ocrx_word' id='word_1_544' title='bbox 2158 902 2212 925; x_wconf 88' lang='lat' dir='ltr'><strong>aut</strong></span> <span class='ocrx_word' id='word_1_545' title='bbox 2234 894 2350 935; x_wconf 86' lang='lat' dir='ltr'><strong>quibus</strong></span> 
     </span>
     <span class='ocr_line' id='line_1_76' title="bbox 1389 937 2348 978; baseline 0.001 -10"><span class='ocrx_word' id='word_1_546' title='bbox 1389 938 1426 968; x_wconf 90' lang='lat' dir='ltr'><strong>ad</strong></span> <span class='ocrx_word' id='word_1_547' title='bbox 1448 938 1530 968; x_wconf 85' lang='lat' dir='ltr'><strong>male</strong></span> <span class='ocrx_word' id='word_1_548' title='bbox 1555 937 1734 969; x_wconf 82' lang='lat' dir='ltr'><strong>faciendum</strong></span> <span class='ocrx_word' id='word_1_549' title='bbox 1755 947 1818 968; x_wconf 91' lang='lat' dir='ltr'><strong>non</strong></span> <span class='ocrx_word' id='word_1_550' title='bbox 1833 937 1880 969; x_wconf 89' lang='lat' dir='ltr'><strong>usi</strong></span> <span class='ocrx_word' id='word_1_551' title='bbox 1900 948 2011 968; x_wconf 73' lang='lat' dir='ltr'><strong>sumus</strong></span> <span class='ocrx_word' id='word_1_552' title='bbox 2031 937 2230 975; x_wconf 89' lang='lat' dir='ltr'><strong>consiliariis,</strong></span> <span class='ocrx_word' id='word_1_553' title='bbox 2249 948 2348 978; x_wconf 84' lang='lat' dir='ltr'><strong>quan-</strong></span> 
     </span>
     <span class='ocr_line' id='line_1_77' title="bbox 1389 979 2350 1021; baseline 0.002 -11"><span class='ocrx_word' id='word_1_554' title='bbox 1389 980 1558 1020; x_wconf 87' lang='lat' dir='ltr'><strong>doquidem</strong></span> <span class='ocrx_word' id='word_1_555' title='bbox 1594 980 1736 1020; x_wconf 80' lang='lat' dir='ltr'><strong>alioquin</strong></span> <span class='ocrx_word' id='word_1_556' title='bbox 1771 980 1872 1021; x_wconf 76' lang='lat' dir='ltr'><strong>magis</strong></span> <span class='ocrx_word' id='word_1_557' title='bbox 1906 990 1940 1011; x_wconf 85' lang='lat' dir='ltr'><strong>ac</strong></span> <span class='ocrx_word' id='word_1_558' title='bbox 1974 981 2076 1019; x_wconf 86' lang='lat' dir='ltr'><strong>magis</strong></span> <span class='ocrx_word' id='word_1_559' title='bbox 2111 979 2350 1020; x_wconf 87' lang='lat' dir='ltr'><strong>implicaremur</strong></span> 
     </span>
     <span class='ocr_line' id='line_1_78' title="bbox 1389 1022 2350 1060; baseline 0 -6"><span class='ocrx_word' id='word_1_560' title='bbox 1389 1023 1564 1060; x_wconf 69' lang='lat' dir='ltr'><strong>mendacin,</strong></span> <span class='ocrx_word' id='word_1_561' title='bbox 1589 1029 1619 1054; x_wconf 92' lang='lat' dir='ltr'><strong>et</strong></span> <span class='ocrx_word' id='word_1_562' title='bbox 1637 1033 1744 1054; x_wconf 77' lang='lat' dir='ltr'><strong>eoram</strong></span> <span class='ocrx_word' id='word_1_563' title='bbox 1759 1022 1828 1054; x_wconf 90' lang='lat' dir='ltr'><strong>Deo</strong></span> <span class='ocrx_word' id='word_1_564' title='bbox 1847 1023 2066 1053; x_wconf 83' lang='lat' dir='ltr'><strong>confusionem</strong></span> <span class='ocrx_word' id='word_1_565' title='bbox 2086 1023 2238 1054; x_wconf 89' lang='lat' dir='ltr'><strong>maiorem</strong></span> <span class='ocrx_word' id='word_1_566' title='bbox 2260 1022 2350 1054; x_wconf 89' lang='lat' dir='ltr'><strong>nobis</strong></span> 
     </span>
     <span class='ocr_line' id='line_1_79' title="bbox 1389 1064 2350 1106; baseline 0.001 -10"><span class='ocrx_word' id='word_1_567' title='bbox 1389 1076 1634 1097; x_wconf 68' lang='lat' dir='ltr'><strong>accerseremus.</strong></span> <span class='ocrx_word' id='word_1_568' title='bbox 1680 1064 1824 1105; x_wconf 82' lang='lat' dir='ltr'><strong>Quisque</strong></span> <span class='ocrx_word' id='word_1_569' title='bbox 1854 1065 1954 1106; x_wconf 87' lang='lat' dir='ltr'><strong>igitur</strong></span> <span class='ocrx_word' id='word_1_570' title='bbox 1979 1073 2141 1105; x_wconf 84' lang='lat' dir='ltr'><strong>peccatum</strong></span> <span class='ocrx_word' id='word_1_571' title='bbox 2167 1076 2260 1096; x_wconf 80' lang='lat' dir='ltr'><strong>suum</strong></span> <span class='ocrx_word' id='word_1_572' title='bbox 2290 1067 2350 1097; x_wconf 88' lang='lat' dir='ltr'><strong>rite</strong></span> 
     </span>
     <span class='ocr_line' id='line_1_80' title="bbox 1389 1108 2350 1148; baseline 0 -9"><span class='ocrx_word' id='word_1_573' title='bbox 1389 1109 1559 1148; x_wconf 79' lang='lat' dir='ltr'><strong>expendat,</strong></span> <span class='ocrx_word' id='word_1_574' title='bbox 1591 1116 1620 1139; x_wconf 86' lang='lat' dir='ltr'><strong>et</strong></span> <span class='ocrx_word' id='word_1_575' title='bbox 1651 1108 1777 1148; x_wconf 86' lang='lat' dir='ltr'><strong>eulpam</strong></span> <span class='ocrx_word' id='word_1_576' title='bbox 1810 1118 1984 1147; x_wconf 75' lang='lat' dir='ltr'><strong>agnoscens</strong></span> <span class='ocrx_word' id='word_1_577' title='bbox 2008 1108 2198 1148; x_wconf 80' lang='lat' dir='ltr'><strong>suppliciter</strong></span> <span class='ocrx_word' id='word_1_578' title='bbox 2221 1108 2350 1139; x_wconf 78' lang='lat' dir='ltr'><strong>veniam</strong></span> 
     </span>
     <span class='ocr_line' id='line_1_81' title="bbox 1389 1149 2350 1191; baseline 0.001 -10"><span class='ocrx_word' id='word_1_579' title='bbox 1389 1151 1588 1190; x_wconf 79' lang='lat' dir='ltr'><strong>deprecetur.</strong></span> <span class='ocrx_word' id='word_1_580' title='bbox 1622 1151 1730 1191; x_wconf 79' lang='lat' dir='ltr'><strong>Atque</strong></span> <span class='ocrx_word' id='word_1_581' title='bbox 1754 1151 1815 1181; x_wconf 80' lang='lat' dir='ltr'><strong>ista</strong></span> <span class='ocrx_word' id='word_1_582' title='bbox 1837 1151 2003 1182; x_wconf 85' lang='lat' dir='ltr'><strong>referenda</strong></span> <span class='ocrx_word' id='word_1_583' title='bbox 2028 1151 2119 1181; x_wconf 89' lang='lat' dir='ltr'><strong>uobis</strong></span> <span class='ocrx_word' id='word_1_584' title='bbox 2143 1149 2287 1182; x_wconf 83' lang='lat' dir='ltr'><strong>doctrina</strong></span> <span class='ocrx_word' id='word_1_585' title='bbox 2309 1162 2350 1182; x_wconf 79' lang='lat' dir='ltr'><strong>cx</strong></span> 
     </span>
     <span class='ocr_line' id='line_1_82' title="bbox 1389 1194 2351 1234; baseline 0.001 -10"><span class='ocrx_word' id='word_1_586' title='bbox 1389 1194 1498 1225; x_wconf 86' lang='lat' dir='ltr'><strong>Saulis</strong></span> <span class='ocrx_word' id='word_1_587' title='bbox 1530 1194 1685 1234; x_wconf 75' lang='lat' dir='ltr'><strong>exemplo,</strong></span> <span class='ocrx_word' id='word_1_588' title='bbox 1714 1194 1747 1224; x_wconf 85' lang='lat' dir='ltr'><strong>iu</strong></span> <span class='ocrx_word' id='word_1_589' title='bbox 1778 1204 1839 1234; x_wconf 92' lang='lat' dir='ltr'><strong>quo</strong></span> <span class='ocrx_word' id='word_1_590' title='bbox 1871 1199 2022 1234; x_wconf 82' lang='lat' dir='ltr'><strong>tanquam</strong></span> <span class='ocrx_word' id='word_1_591' title='bbox 2055 1195 2085 1224; x_wconf 91' lang='lat' dir='ltr'><strong>in</strong></span> <span class='ocrx_word' id='word_1_592' title='bbox 2116 1194 2245 1234; x_wconf 85' lang='lat' dir='ltr'><strong>speculo</strong></span> <span class='ocrx_word' id='word_1_593' title='bbox 2277 1194 2351 1225; x_wconf 84' lang='lat' dir='ltr'><strong>licet</strong></span> 
     </span>
     <span class='ocr_line' id='line_1_83' title="bbox 1390 1236 2349 1277; baseline 0.001 -11"><span class='ocrx_word' id='word_1_594' title='bbox 1390 1245 1526 1267; x_wconf 84' lang='lat' dir='ltr'><strong>naturae</strong></span> <span class='ocrx_word' id='word_1_595' title='bbox 1552 1244 1681 1267; x_wconf 82' lang='lat' dir='ltr'><strong>nostrae</strong></span> <span class='ocrx_word' id='word_1_596' title='bbox 1705 1237 1860 1267; x_wconf 80' lang='lat' dir='ltr'><strong>malitiam</strong></span> <span class='ocrx_word' id='word_1_597' title='bbox 1885 1242 1917 1268; x_wconf 87' lang='lat' dir='ltr'><strong>et</strong></span> <span class='ocrx_word' id='word_1_598' title='bbox 1939 1237 2100 1268; x_wconf 89' lang='lat' dir='ltr'><strong>fictionem</strong></span> <span class='ocrx_word' id='word_1_599' title='bbox 2126 1236 2349 1277; x_wconf 87' lang='lat' dir='ltr'><strong>contemplari,</strong></span> 
     </span>
     <span class='ocr_line' id='line_1_84' title="bbox 1389 1278 2349 1319; baseline 0.001 -10"><span class='ocrx_word' id='word_1_600' title='bbox 1389 1281 1441 1319; x_wconf 91' lang='lat' dir='ltr'><strong>qui</strong></span> <span class='ocrx_word' id='word_1_601' title='bbox 1467 1291 1483 1310; x_wconf 78' lang='lat' dir='ltr'><strong>a</strong></span> <span class='ocrx_word' id='word_1_602' title='bbox 1508 1278 1660 1311; x_wconf 86' lang='lat' dir='ltr'><strong>Samuele</strong></span> <span class='ocrx_word' id='word_1_603' title='bbox 1690 1284 1857 1311; x_wconf 84' lang='lat' dir='ltr'><strong>accusatus</strong></span> <span class='ocrx_word' id='word_1_604' title='bbox 1888 1279 1920 1309; x_wconf 90' lang='lat' dir='ltr'><strong>in</strong></span> <span class='ocrx_word' id='word_1_605' title='bbox 1952 1279 2103 1319; x_wconf 91' lang='lat' dir='ltr'><strong>populum</strong></span> <span class='ocrx_word' id='word_1_606' title='bbox 2128 1279 2255 1319; x_wconf 88' lang='lat' dir='ltr'><strong>eulpam</strong></span> <span class='ocrx_word' id='word_1_607' title='bbox 2281 1289 2349 1310; x_wconf 88' lang='lat' dir='ltr'><strong>om-</strong></span> 
     </span>
     <span class='ocr_line' id='line_1_85' title="bbox 1391 1322 2348 1358; baseline 0.002 -6"><span class='ocrx_word' id='word_1_608' title='bbox 1391 1333 1463 1353; x_wconf 88' lang='lat' dir='ltr'><strong>nem</strong></span> <span class='ocrx_word' id='word_1_609' title='bbox 1490 1323 1628 1355; x_wconf 82' lang='lat' dir='ltr'><strong>reiieere,</strong></span> <span class='ocrx_word' id='word_1_610' title='bbox 1652 1326 1687 1352; x_wconf 92' lang='lat' dir='ltr'><strong>ut</strong></span> <span class='ocrx_word' id='word_1_611' title='bbox 1710 1333 1744 1353; x_wconf 90' lang='lat' dir='ltr'><strong>se</strong></span> <span class='ocrx_word' id='word_1_612' title='bbox 1763 1333 1780 1352; x_wconf 89' lang='lat' dir='ltr'><strong>a</strong></span> <span class='ocrx_word' id='word_1_613' title='bbox 1799 1322 1932 1352; x_wconf 86' lang='lat' dir='ltr'><strong>crimine</strong></span> <span class='ocrx_word' id='word_1_614' title='bbox 1952 1322 2111 1358; x_wconf 83' lang='lat' dir='ltr'><strong>liberaret,</strong></span> <span class='ocrx_word' id='word_1_615' title='bbox 2133 1330 2266 1353; x_wconf 80' lang='lat' dir='ltr'><strong>conatus</strong></span> <span class='ocrx_word' id='word_1_616' title='bbox 2291 1326 2348 1354; x_wconf 84' lang='lat' dir='ltr'><strong>est.</strong></span> 
     </span>
    </p>

    <p class='ocr_par' dir='ltr' id='par_1_13' title="bbox 1389 1363 2351 2218">
     <span class='ocr_line' id='line_1_86' title="bbox 1478 1363 2350 1404; baseline 0 -9"><span class='ocrx_word' id='word_1_617' title='bbox 1478 1365 1601 1395; x_wconf 82' lang='lat' dir='ltr'><strong>Deinde</strong></span> <span class='ocrx_word' id='word_1_618' title='bbox 1621 1375 1698 1395; x_wconf 88' lang='lat' dir='ltr'><strong>vero</strong></span> <span class='ocrx_word' id='word_1_619' title='bbox 1712 1363 1842 1397; x_wconf 86' lang='lat' dir='ltr'><strong>Samuel</strong></span> <span class='ocrx_word' id='word_1_620' title='bbox 1863 1365 2071 1395; x_wconf 82' lang='lat' dir='ltr'><strong>attentionem</strong></span> <span class='ocrx_word' id='word_1_621' title='bbox 2092 1364 2153 1395; x_wconf 85' lang='lat' dir='ltr'><strong>sibi</strong></span> <span class='ocrx_word' id='word_1_622' title='bbox 2177 1371 2350 1404; x_wconf 79' lang='lat' dir='ltr'><strong>comparat,</strong></span> 
     </span>
     <span class='ocr_line' id='line_1_87' title="bbox 1391 1406 2350 1447; baseline 0 -9"><span class='ocrx_word' id='word_1_623' title='bbox 1391 1408 1441 1438; x_wconf 87' lang='lat' dir='ltr'><strong>his</strong></span> <span class='ocrx_word' id='word_1_624' title='bbox 1465 1407 1588 1438; x_wconf 85' lang='lat' dir='ltr'><strong>verbis:</strong></span> <span class='ocrx_word' id='word_1_625' title='bbox 1625 1408 1700 1438; x_wconf 79' lang='lat' dir='ltr'><strong>Sine</strong></span> <span class='ocrx_word' id='word_1_626' title='bbox 1720 1417 1775 1447; x_wconf 87' lang='lat' dir='ltr'><strong>me,</strong></span> <span class='ocrx_word' id='word_1_627' title='bbox 1806 1410 1832 1438; x_wconf 75' lang='lat' dir='ltr'><strong>et</strong></span> <span class='ocrx_word' id='word_1_628' title='bbox 1861 1407 2002 1439; x_wconf 75' lang='lat' dir='ltr'><strong>indicabo</strong></span> <span class='ocrx_word' id='word_1_629' title='bbox 2029 1406 2085 1438; x_wconf 75' lang='lat' dir='ltr'><strong>tibi</strong></span> <span class='ocrx_word' id='word_1_630' title='bbox 2107 1417 2186 1447; x_wconf 78' lang='lat' dir='ltr'><strong>quae</strong></span> <span class='ocrx_word' id='word_1_631' title='bbox 2206 1407 2350 1446; x_wconf 80' lang='lat' dir='ltr'><strong>loquutus</strong></span> 
     </span>
     <span class='ocr_line' id='line_1_88' title="bbox 1389 1449 2350 1490; baseline 0.001 -9"><span class='ocrx_word' id='word_1_632' title='bbox 1389 1451 1429 1481; x_wconf 80' lang='lat' dir='ltr'><strong>sii</strong></span> <span class='ocrx_word' id='word_1_633' title='bbox 1453 1450 1494 1481; x_wconf 79' lang='lat' dir='ltr'><strong>ad</strong></span> <span class='ocrx_word' id='word_1_634' title='bbox 1515 1460 1562 1481; x_wconf 83' lang='lat' dir='ltr'><strong>me</strong></span> <span class='ocrx_word' id='word_1_635' title='bbox 1582 1449 1738 1482; x_wconf 77' lang='lat' dir='ltr'><strong>Dominus</strong></span> <span class='ocrx_word' id='word_1_636' title='bbox 1761 1452 1850 1481; x_wconf 80' lang='lat' dir='ltr'><strong>nocte.</strong></span> <span class='ocrx_word' id='word_1_637' title='bbox 1886 1450 1997 1481; x_wconf 81' lang='lat' dir='ltr'><strong>Nonne</strong></span> <span class='ocrx_word' id='word_1_638' title='bbox 2015 1460 2109 1489; x_wconf 78' lang='lat' dir='ltr'><strong>quum</strong></span> <span class='ocrx_word' id='word_1_639' title='bbox 2126 1459 2247 1490; x_wconf 68' lang='lat' dir='ltr'><strong>parvus</strong></span> <span class='ocrx_word' id='word_1_640' title='bbox 2268 1459 2350 1482; x_wconf 81' lang='lat' dir='ltr'><strong>esses</strong></span> 
     </span>
     <span class='ocr_line' id='line_1_89' title="bbox 1389 1492 2349 1532; baseline 0.001 -9"><span class='ocrx_word' id='word_1_641' title='bbox 1389 1493 1424 1524; x_wconf 72' lang='lat' dir='ltr'><strong>‘in</strong></span> <span class='ocrx_word' id='word_1_642' title='bbox 1454 1493 1550 1524; x_wconf 79' lang='lat' dir='ltr'><strong>oeulis</strong></span> <span class='ocrx_word' id='word_1_643' title='bbox 1583 1493 1654 1530; x_wconf 80' lang='lat' dir='ltr'><strong>tuis,</strong></span> <span class='ocrx_word' id='word_1_644' title='bbox 1688 1496 1780 1532; x_wconf 76' lang='lat' dir='ltr'><strong>caput</strong></span> <span class='ocrx_word' id='word_1_645' title='bbox 1812 1493 1846 1523; x_wconf 86' lang='lat' dir='ltr'><strong>in</strong></span> <span class='ocrx_word' id='word_1_646' title='bbox 1879 1492 2019 1524; x_wconf 78' lang='lat' dir='ltr'><strong>tribubus</strong></span> <span class='ocrx_word' id='word_1_647' title='bbox 2042 1492 2144 1524; x_wconf 72' lang='lat' dir='ltr'><strong>Israel</strong></span> <span class='ocrx_word' id='word_1_648' title='bbox 2175 1493 2276 1531; x_wconf 71' lang='lat' dir='ltr'><strong>factus</strong></span> <span class='ocrx_word' id='word_1_649' title='bbox 2308 1503 2349 1531; x_wconf 87' lang='lat' dir='ltr'><strong>es,</strong></span> 
     </span>
     <span class='ocr_line' id='line_1_90' title="bbox 1390 1534 2349 1576; baseline 0 -9"><span class='ocrx_word' id='word_1_650' title='bbox 1390 1536 1537 1575; x_wconf 70' lang='lat' dir='ltr'><strong>unxitque</strong></span> <span class='ocrx_word' id='word_1_651' title='bbox 1558 1538 1585 1566; x_wconf 78' lang='lat' dir='ltr'><strong>te</strong></span> <span class='ocrx_word' id='word_1_652' title='bbox 1606 1535 1764 1567; x_wconf 80' lang='lat' dir='ltr'><strong>Dominus</strong></span> <span class='ocrx_word' id='word_1_653' title='bbox 1785 1536 1819 1566; x_wconf 85' lang='lat' dir='ltr'><strong>in</strong></span> <span class='ocrx_word' id='word_1_654' title='bbox 1842 1545 1940 1576; x_wconf 76' lang='lat' dir='ltr'><strong>reqem</strong></span> <span class='ocrx_word' id='word_1_655' title='bbox 1962 1546 2055 1575; x_wconf 78' lang='lat' dir='ltr'><strong>super</strong></span> <span class='ocrx_word' id='word_1_656' title='bbox 2079 1535 2208 1566; x_wconf 64' lang='lat' dir='ltr'><strong>Israel?</strong></span> <span class='ocrx_word' id='word_1_657' title='bbox 2247 1534 2349 1574; x_wconf 79' lang='lat' dir='ltr'><strong>Quasi</strong></span> 
     </span>
     <span class='ocr_line' id='line_1_91' title="bbox 1390 1578 2350 1618; baseline 0 -8"><span class='ocrx_word' id='word_1_658' title='bbox 1390 1579 1488 1610; x_wconf 90' lang='lat' dir='ltr'><strong>dieat:</strong></span> <span class='ocrx_word' id='word_1_659' title='bbox 1514 1578 1623 1617; x_wconf 78' lang='lat' dir='ltr'><strong>Quum</strong></span> <span class='ocrx_word' id='word_1_660' title='bbox 1644 1579 1788 1618; x_wconf 86' lang='lat' dir='ltr'><strong>privatus</strong></span> <span class='ocrx_word' id='word_1_661' title='bbox 1808 1578 1913 1609; x_wconf 91' lang='lat' dir='ltr'><strong>adhuc</strong></span> <span class='ocrx_word' id='word_1_662' title='bbox 1931 1589 2010 1615; x_wconf 88' lang='lat' dir='ltr'><strong>eras,</strong></span> <span class='ocrx_word' id='word_1_663' title='bbox 2037 1584 2070 1608; x_wconf 91' lang='lat' dir='ltr'><strong>tu</strong></span> <span class='ocrx_word' id='word_1_664' title='bbox 2091 1584 2121 1609; x_wconf 92' lang='lat' dir='ltr'><strong>te</strong></span> <span class='ocrx_word' id='word_1_665' title='bbox 2141 1578 2231 1618; x_wconf 86' lang='lat' dir='ltr'><strong>parvi</strong></span> <span class='ocrx_word' id='word_1_666' title='bbox 2256 1579 2350 1610; x_wconf 74' lang='lat' dir='ltr'><strong>facie-</strong></span> 
     </span>
     <span class='ocr_line' id='line_1_92' title="bbox 1391 1620 2349 1661; baseline 0.001 -9"><span class='ocrx_word' id='word_1_667' title='bbox 1391 1622 1456 1658; x_wconf 84' lang='lat' dir='ltr'><strong>bas,</strong></span> <span class='ocrx_word' id='word_1_668' title='bbox 1491 1631 1594 1661; x_wconf 87' lang='lat' dir='ltr'><strong>neque</strong></span> <span class='ocrx_word' id='word_1_669' title='bbox 1618 1621 1704 1652; x_wconf 90' lang='lat' dir='ltr'><strong>enim</strong></span> <span class='ocrx_word' id='word_1_670' title='bbox 1737 1621 1890 1652; x_wconf 88' lang='lat' dir='ltr'><strong>efferendi</strong></span> <span class='ocrx_word' id='word_1_671' title='bbox 1915 1627 1946 1652; x_wconf 88' lang='lat' dir='ltr'><strong>te</strong></span> <span class='ocrx_word' id='word_1_672' title='bbox 1968 1621 2166 1652; x_wconf 78' lang='lat' dir='ltr'><strong>occasionem</strong></span> <span class='ocrx_word' id='word_1_673' title='bbox 2200 1620 2349 1659; x_wconf 81' lang='lat' dir='ltr'><strong>habebas,</strong></span> 
     </span>
     <span class='ocr_line' id='line_1_93' title="bbox 1390 1663 2350 1704; baseline 0 -9"><span class='ocrx_word' id='word_1_674' title='bbox 1390 1663 1648 1704; x_wconf 90' lang='lat' dir='ltr'><strong>quandoquidem</strong></span> <span class='ocrx_word' id='word_1_675' title='bbox 1668 1664 1763 1695; x_wconf 89' lang='lat' dir='ltr'><strong>homo</strong></span> <span class='ocrx_word' id='word_1_676' title='bbox 1782 1674 1852 1695; x_wconf 86' lang='lat' dir='ltr'><strong>eras</strong></span> <span class='ocrx_word' id='word_1_677' title='bbox 1873 1664 2008 1695; x_wconf 84' lang='lat' dir='ltr'><strong>rusticus</strong></span> <span class='ocrx_word' id='word_1_678' title='bbox 2028 1669 2059 1694; x_wconf 91' lang='lat' dir='ltr'><strong>et</strong></span> <span class='ocrx_word' id='word_1_679' title='bbox 2078 1663 2228 1704; x_wconf 85' lang='lat' dir='ltr'><strong>agrestis:</strong></span> <span class='ocrx_word' id='word_1_680' title='bbox 2251 1673 2350 1704; x_wconf 87' lang='lat' dir='ltr'><strong>quare</strong></span> 
     </span>
     <span class='ocr_line' id='line_1_94' title="bbox 1390 1706 2349 1748; baseline 0 -10"><span class='ocrx_word' id='word_1_681' title='bbox 1390 1717 1467 1748; x_wconf 84' lang='lat' dir='ltr'><strong>ergo</strong></span> <span class='ocrx_word' id='word_1_682' title='bbox 1508 1712 1637 1738; x_wconf 87' lang='lat' dir='ltr'><strong>evectus</strong></span> <span class='ocrx_word' id='word_1_683' title='bbox 1671 1717 1689 1738; x_wconf 91' lang='lat' dir='ltr'><strong>a</strong></span> <span class='ocrx_word' id='word_1_684' title='bbox 1723 1706 1864 1737; x_wconf 91' lang='lat' dir='ltr'><strong>Domino</strong></span> <span class='ocrx_word' id='word_1_685' title='bbox 1898 1706 1930 1737; x_wconf 88' lang='lat' dir='ltr'><strong>in</strong></span> <span class='ocrx_word' id='word_1_686' title='bbox 1966 1716 2074 1747; x_wconf 87' lang='lat' dir='ltr'><strong>regem</strong></span> <span class='ocrx_word' id='word_1_687' title='bbox 2110 1717 2173 1737; x_wconf 89' lang='lat' dir='ltr'><strong>non</strong></span> <span class='ocrx_word' id='word_1_688' title='bbox 2215 1707 2349 1746; x_wconf 84' lang='lat' dir='ltr'><strong>paruisti</strong></span> 
     </span>
     <span class='ocr_line' id='line_1_95' title="bbox 1390 1749 2350 1789; baseline 0.001 -9"><span class='ocrx_word' id='word_1_689' title='bbox 1390 1749 1549 1781; x_wconf 86' lang='lat' dir='ltr'><strong>mandatis</strong></span> <span class='ocrx_word' id='word_1_690' title='bbox 1572 1749 1696 1789; x_wconf 81' lang='lat' dir='ltr'><strong>ipsius?</strong></span> <span class='ocrx_word' id='word_1_691' title='bbox 1728 1749 1812 1780; x_wconf 90' lang='lat' dir='ltr'><strong>Nam</strong></span> <span class='ocrx_word' id='word_1_692' title='bbox 1836 1749 1908 1780; x_wconf 86' lang='lat' dir='ltr'><strong>misi</strong></span> <span class='ocrx_word' id='word_1_693' title='bbox 1932 1755 1962 1780; x_wconf 89' lang='lat' dir='ltr'><strong>te</strong></span> <span class='ocrx_word' id='word_1_694' title='bbox 1985 1754 2021 1780; x_wconf 89' lang='lat' dir='ltr'><strong>ut</strong></span> <span class='ocrx_word' id='word_1_695' title='bbox 2040 1759 2105 1779; x_wconf 86' lang='lat' dir='ltr'><strong>una</strong></span> <span class='ocrx_word' id='word_1_696' title='bbox 2128 1749 2350 1781; x_wconf 88' lang='lat' dir='ltr'><strong>internecione</strong></span> 
     </span>
     <span class='ocr_line' id='line_1_96' title="bbox 1392 1791 2351 1832; baseline -0.001 -8"><span class='ocrx_word' id='word_1_697' title='bbox 1392 1792 1587 1824; x_wconf 86' lang='lat' dir='ltr'><strong>Amaleeitas</strong></span> <span class='ocrx_word' id='word_1_698' title='bbox 1622 1791 1754 1828; x_wconf 84' lang='lat' dir='ltr'><strong>deleres,</strong></span> <span class='ocrx_word' id='word_1_699' title='bbox 1789 1801 1887 1832; x_wconf 89' lang='lat' dir='ltr'><strong>quare</strong></span> <span class='ocrx_word' id='word_1_700' title='bbox 1917 1801 1992 1832; x_wconf 89' lang='lat' dir='ltr'><strong>ergo</strong></span> <span class='ocrx_word' id='word_1_701' title='bbox 2023 1801 2131 1832; x_wconf 84' lang='lat' dir='ltr'><strong>regem</strong></span> <span class='ocrx_word' id='word_1_702' title='bbox 2166 1792 2351 1829; x_wconf 81' lang='lat' dir='ltr'><strong>reservasti,</strong></span> 
     </span>
     <span class='ocr_line' id='line_1_97' title="bbox 1391 1833 2348 1876; baseline 0 -10"><span class='ocrx_word' id='word_1_703' title='bbox 1391 1845 1484 1875; x_wconf 86' lang='lat' dir='ltr'><strong>quem</strong></span> <span class='ocrx_word' id='word_1_704' title='bbox 1508 1836 1647 1876; x_wconf 87' lang='lat' dir='ltr'><strong>primum</strong></span> <span class='ocrx_word' id='word_1_705' title='bbox 1667 1845 1685 1865; x_wconf 88' lang='lat' dir='ltr'><strong>a</strong></span> <span class='ocrx_word' id='word_1_706' title='bbox 1705 1839 1737 1866; x_wconf 92' lang='lat' dir='ltr'><strong>te</strong></span> <span class='ocrx_word' id='word_1_707' title='bbox 1756 1835 1827 1866; x_wconf 85' lang='lat' dir='ltr'><strong>neci</strong></span> <span class='ocrx_word' id='word_1_708' title='bbox 1850 1834 1918 1866; x_wconf 91' lang='lat' dir='ltr'><strong>dari</strong></span> <span class='ocrx_word' id='word_1_709' title='bbox 1942 1833 2106 1874; x_wconf 78' lang='lat' dir='ltr'><strong>oportuit?</strong></span> <span class='ocrx_word' id='word_1_710' title='bbox 2130 1833 2240 1873; x_wconf 81' lang='lat' dir='ltr'><strong>Quare</strong></span> <span class='ocrx_word' id='word_1_711' title='bbox 2252 1834 2348 1866; x_wconf 86' lang='lat' dir='ltr'><strong>etiam</strong></span> 
     </span>
     <span class='ocr_line' id='line_1_98' title="bbox 1391 1876 2348 1918; baseline -0.001 -9"><span class='ocrx_word' id='word_1_712' title='bbox 1391 1889 1503 1909; x_wconf 82' lang='lat' dir='ltr'><strong>versus</strong></span> <span class='ocrx_word' id='word_1_713' title='bbox 1527 1877 1567 1908; x_wconf 86' lang='lat' dir='ltr'><strong>ad</strong></span> <span class='ocrx_word' id='word_1_714' title='bbox 1591 1877 1741 1918; x_wconf 83' lang='lat' dir='ltr'><strong>praedam</strong></span> <span class='ocrx_word' id='word_1_715' title='bbox 1771 1878 1894 1918; x_wconf 86' lang='lat' dir='ltr'><strong>opimas</strong></span> <span class='ocrx_word' id='word_1_716' title='bbox 1917 1887 2057 1917; x_wconf 89' lang='lat' dir='ltr'><strong>quasque</strong></span> <span class='ocrx_word' id='word_1_717' title='bbox 2082 1876 2220 1917; x_wconf 86' lang='lat' dir='ltr'><strong>pecudes</strong></span> <span class='ocrx_word' id='word_1_718' title='bbox 2245 1887 2348 1908; x_wconf 87' lang='lat' dir='ltr'><strong>reser-</strong></span> 
     </span>
     <span class='ocr_line' id='line_1_99' title="bbox 1391 1918 2350 1961; baseline -0.002 -9"><span class='ocrx_word' id='word_1_719' title='bbox 1391 1921 1485 1957; x_wconf 87' lang='lat' dir='ltr'><strong>vasti,</strong></span> <span class='ocrx_word' id='word_1_720' title='bbox 1517 1931 1596 1961; x_wconf 88' lang='lat' dir='ltr'><strong>quas</strong></span> <span class='ocrx_word' id='word_1_721' title='bbox 1626 1920 1791 1952; x_wconf 89' lang='lat' dir='ltr'><strong>interdicti</strong></span> <span class='ocrx_word' id='word_1_722' title='bbox 1816 1930 1902 1951; x_wconf 90' lang='lat' dir='ltr'><strong>more</strong></span> <span class='ocrx_word' id='word_1_723' title='bbox 1925 1918 2014 1951; x_wconf 90' lang='lat' dir='ltr'><strong>Deus</strong></span> <span class='ocrx_word' id='word_1_724' title='bbox 2037 1919 2093 1951; x_wconf 90' lang='lat' dir='ltr'><strong>abs</strong></span> <span class='ocrx_word' id='word_1_725' title='bbox 2117 1924 2148 1950; x_wconf 88' lang='lat' dir='ltr'><strong>te</strong></span> <span class='ocrx_word' id='word_1_726' title='bbox 2172 1919 2271 1951; x_wconf 87' lang='lat' dir='ltr'><strong>deleri</strong></span> <span class='ocrx_word' id='word_1_727' title='bbox 2296 1930 2350 1951; x_wconf 85' lang='lat' dir='ltr'><strong>vo-</strong></span> 
     </span>
     <span class='ocr_line' id='line_1_100' title="bbox 1391 1962 2350 2003; baseline 0 -9"><span class='ocrx_word' id='word_1_728' title='bbox 1391 1963 1497 1995; x_wconf 77' lang='lat' dir='ltr'><strong>lebat?</strong></span> <span class='ocrx_word' id='word_1_729' title='bbox 1543 1963 1635 1994; x_wconf 84' lang='lat' dir='ltr'><strong>Itane</strong></span> <span class='ocrx_word' id='word_1_730' title='bbox 1666 1973 1742 1995; x_wconf 85' lang='lat' dir='ltr'><strong>vero</strong></span> <span class='ocrx_word' id='word_1_731' title='bbox 1766 1963 1834 1994; x_wconf 92' lang='lat' dir='ltr'><strong>Deo</strong></span> <span class='ocrx_word' id='word_1_732' title='bbox 1858 1969 1888 1994; x_wconf 87' lang='lat' dir='ltr'><strong>te</strong></span> <span class='ocrx_word' id='word_1_733' title='bbox 1910 1962 2107 2002; x_wconf 86' lang='lat' dir='ltr'><strong>morigerum</strong></span> <span class='ocrx_word' id='word_1_734' title='bbox 2131 1967 2163 1993; x_wconf 88' lang='lat' dir='ltr'><strong>et</strong></span> <span class='ocrx_word' id='word_1_735' title='bbox 2187 1962 2350 2003; x_wconf 87' lang='lat' dir='ltr'><strong>obtempe-</strong></span> 
     </span>
     <span class='ocr_line' id='line_1_101' title="bbox 1390 2004 2350 2046; baseline -0.002 -9"><span class='ocrx_word' id='word_1_736' title='bbox 1390 2013 1515 2038; x_wconf 89' lang='lat' dir='ltr'><strong>rantem</strong></span> <span class='ocrx_word' id='word_1_737' title='bbox 1540 2005 1735 2046; x_wconf 86' lang='lat' dir='ltr'><strong>praebuisti?</strong></span> <span class='ocrx_word' id='word_1_738' title='bbox 1781 2005 1961 2046; x_wconf 85' lang='lat' dir='ltr'><strong>Conspicua</strong></span> <span class='ocrx_word' id='word_1_739' title='bbox 1985 2005 2016 2036; x_wconf 90' lang='lat' dir='ltr'><strong>in</strong></span> <span class='ocrx_word' id='word_1_740' title='bbox 2049 2005 2118 2036; x_wconf 85' lang='lat' dir='ltr'><strong>istis</strong></span> <span class='ocrx_word' id='word_1_741' title='bbox 2141 2004 2295 2036; x_wconf 88' lang='lat' dir='ltr'><strong>fortitudo</strong></span> <span class='ocrx_word' id='word_1_742' title='bbox 2319 2012 2350 2036; x_wconf 88' lang='lat' dir='ltr'><strong>et</strong></span> 
     </span>
     <span class='ocr_line' id='line_1_102' title="bbox 1390 2047 2349 2090; baseline 0.001 -11"><span class='ocrx_word' id='word_1_743' title='bbox 1390 2049 1642 2090; x_wconf 82' lang='lat' dir='ltr'><strong>magnanimitas</strong></span> <span class='ocrx_word' id='word_1_744' title='bbox 1672 2049 1864 2089; x_wconf 82' lang='lat' dir='ltr'><strong>prophetae,</strong></span> <span class='ocrx_word' id='word_1_745' title='bbox 1895 2047 2026 2080; x_wconf 87' lang='lat' dir='ltr'><strong>Saulem</strong></span> <span class='ocrx_word' id='word_1_746' title='bbox 2051 2048 2170 2079; x_wconf 87' lang='lat' dir='ltr'><strong>acriter</strong></span> <span class='ocrx_word' id='word_1_747' title='bbox 2194 2048 2349 2088; x_wconf 85' lang='lat' dir='ltr'><strong>urgentis,</strong></span> 
     </span>
     <span class='ocr_line' id='line_1_103' title="bbox 1389 2090 2351 2127; baseline 0 -5"><span class='ocrx_word' id='word_1_748' title='bbox 1389 2099 1421 2123; x_wconf 79' lang='lat' dir='ltr'><strong>ct</strong></span> <span class='ocrx_word' id='word_1_749' title='bbox 1445 2102 1562 2123; x_wconf 84' lang='lat' dir='ltr'><strong>vanam</strong></span> <span class='ocrx_word' id='word_1_750' title='bbox 1587 2091 1674 2123; x_wconf 88' lang='lat' dir='ltr'><strong>illius</strong></span> <span class='ocrx_word' id='word_1_751' title='bbox 1693 2091 1930 2123; x_wconf 83' lang='lat' dir='ltr'><strong>excusationem</strong></span> <span class='ocrx_word' id='word_1_752' title='bbox 1950 2090 2172 2127; x_wconf 86' lang='lat' dir='ltr'><strong>monstrantis,</strong></span> <span class='ocrx_word' id='word_1_753' title='bbox 2193 2094 2227 2121; x_wconf 89' lang='lat' dir='ltr'><strong>ut</strong></span> <span class='ocrx_word' id='word_1_754' title='bbox 2246 2090 2351 2122; x_wconf 86' lang='lat' dir='ltr'><strong>solent</strong></span> 
     </span>
     <span class='ocr_line' id='line_1_104' title="bbox 1391 2132 2351 2175; baseline -0.003 -9"><span class='ocrx_word' id='word_1_755' title='bbox 1391 2135 1499 2166; x_wconf 86' lang='lat' dir='ltr'><strong>inania</strong></span> <span class='ocrx_word' id='word_1_756' title='bbox 1529 2134 1649 2175; x_wconf 83' lang='lat' dir='ltr'><strong>effugia</strong></span> <span class='ocrx_word' id='word_1_757' title='bbox 1681 2144 1834 2175; x_wconf 86' lang='lat' dir='ltr'><strong>quaerere</strong></span> <span class='ocrx_word' id='word_1_758' title='bbox 1863 2134 1916 2174; x_wconf 90' lang='lat' dir='ltr'><strong>qui</strong></span> <span class='ocrx_word' id='word_1_759' title='bbox 1947 2143 1980 2164; x_wconf 91' lang='lat' dir='ltr'><strong>se</strong></span> <span class='ocrx_word' id='word_1_760' title='bbox 2010 2132 2060 2164; x_wconf 84' lang='lat' dir='ltr'><strong>vel</strong></span> <span class='ocrx_word' id='word_1_761' title='bbox 2085 2133 2172 2164; x_wconf 91' lang='lat' dir='ltr'><strong>omni</strong></span> <span class='ocrx_word' id='word_1_762' title='bbox 2197 2143 2235 2164; x_wconf 83' lang='lat' dir='ltr'><strong>ex</strong></span> <span class='ocrx_word' id='word_1_763' title='bbox 2259 2138 2351 2173; x_wconf 88' lang='lat' dir='ltr'><strong>parte</strong></span> 
     </span>
     <span class='ocr_line' id='line_1_105' title="bbox 1390 2175 2349 2218; baseline -0.001 -9"><span class='ocrx_word' id='word_1_764' title='bbox 1390 2178 1484 2218; x_wconf 87' lang='lat' dir='ltr'><strong>eulpa</strong></span> <span class='ocrx_word' id='word_1_765' title='bbox 1507 2177 1643 2208; x_wconf 81' lang='lat' dir='ltr'><strong>liberare</strong></span> <span class='ocrx_word' id='word_1_766' title='bbox 1667 2177 1791 2214; x_wconf 85' lang='lat' dir='ltr'><strong>volunt,</strong></span> <span class='ocrx_word' id='word_1_767' title='bbox 1824 2176 1874 2208; x_wconf 89' lang='lat' dir='ltr'><strong>vel</strong></span> <span class='ocrx_word' id='word_1_768' title='bbox 1905 2175 2018 2207; x_wconf 87' lang='lat' dir='ltr'><strong>saltem</strong></span> <span class='ocrx_word' id='word_1_769' title='bbox 2049 2175 2205 2206; x_wconf 90' lang='lat' dir='ltr'><strong>minorem</strong></span> <span class='ocrx_word' id='word_1_770' title='bbox 2229 2176 2349 2208; x_wconf 85' lang='lat' dir='ltr'><strong>facere:</strong></span> 
     </span>
    </p>
   </div>
   <div class='ocr_carea' id='block_1_12' title="bbox 1364 2217 2349 2260">
    <p class='ocr_par' dir='ltr' id='par_1_14' title="bbox 1364 2217 2349 2260">
     <span class='ocr_line' id='line_1_106' title="bbox 1364 2217 2349 2260; baseline -0.001 -9"><span class='ocrx_word' id='word_1_771' title='bbox 1364 2222 1365 2246; x_wconf 71' lang='lat'>1</span> <span class='ocrx_word' id='word_1_772' title='bbox 1390 2221 1504 2260; x_wconf 83' lang='lat' dir='ltr'><strong>quibus</strong></span> <span class='ocrx_word' id='word_1_773' title='bbox 1534 2225 1641 2250; x_wconf 87' lang='lat' dir='ltr'><strong>tamon</strong></span> <span class='ocrx_word' id='word_1_774' title='bbox 1673 2219 1761 2250; x_wconf 91' lang='lat' dir='ltr'><strong>nullo</strong></span> <span class='ocrx_word' id='word_1_775' title='bbox 1790 2218 1883 2250; x_wconf 88' lang='lat' dir='ltr'><strong>modo</strong></span> <span class='ocrx_word' id='word_1_776' title='bbox 1913 2217 2090 2250; x_wconf 82' lang='lat' dir='ltr'><strong>cedendum</strong></span> <span class='ocrx_word' id='word_1_777' title='bbox 2115 2224 2174 2258; x_wconf 89' lang='lat' dir='ltr'><strong>est,</strong></span> <span class='ocrx_word' id='word_1_778' title='bbox 2197 2218 2252 2249; x_wconf 87' lang='lat' dir='ltr'><strong>sed</strong></span> <span class='ocrx_word' id='word_1_779' title='bbox 2276 2228 2349 2260; x_wconf 86' lang='lat' dir='ltr'><strong>gra-</strong></span> 
     </span>
    </p>
   </div>
   <div class='ocr_carea' id='block_1_13' title="bbox 1390 2260 2348 2439">
    <p class='ocr_par' dir='ltr' id='par_1_15' title="bbox 1390 2260 2348 2431">
     <span class='ocr_line' id='line_1_107' title="bbox 1392 2260 2348 2303; baseline -0.001 -10"><span class='ocrx_word' id='word_1_780' title='bbox 1392 2264 1474 2293; x_wconf 85' lang='lat' dir='ltr'><strong>viter</strong></span> <span class='ocrx_word' id='word_1_781' title='bbox 1496 2270 1573 2294; x_wconf 89' lang='lat' dir='ltr'><strong>sunt</strong></span> <span class='ocrx_word' id='word_1_782' title='bbox 1596 2262 1764 2303; x_wconf 88' lang='lat' dir='ltr'><strong>arguendi</strong></span> <span class='ocrx_word' id='word_1_783' title='bbox 1809 2262 1852 2293; x_wconf 89' lang='lat' dir='ltr'><strong>Et</strong></span> <span class='ocrx_word' id='word_1_784' title='bbox 1873 2261 1920 2292; x_wconf 88' lang='lat' dir='ltr'><strong>illi</strong></span> <span class='ocrx_word' id='word_1_785' title='bbox 1943 2260 2082 2301; x_wconf 86' lang='lat' dir='ltr'><strong>quidem,</strong></span> <span class='ocrx_word' id='word_1_786' title='bbox 2111 2261 2222 2299; x_wconf 86' lang='lat' dir='ltr'><strong>fateor,</strong></span> <span class='ocrx_word' id='word_1_787' title='bbox 2245 2261 2348 2293; x_wconf 86' lang='lat' dir='ltr'><strong>maxi-</strong></span> 
     </span>
     <span class='ocr_line' id='line_1_108' title="bbox 1391 2303 2348 2344; baseline 0 -8"><span class='ocrx_word' id='word_1_788' title='bbox 1391 2316 1473 2336; x_wconf 89' lang='lat' dir='ltr'><strong>mam</strong></span> <span class='ocrx_word' id='word_1_789' title='bbox 1494 2306 1563 2337; x_wconf 86' lang='lat' dir='ltr'><strong>fieri</strong></span> <span class='ocrx_word' id='word_1_790' title='bbox 1584 2305 1642 2336; x_wconf 86' lang='lat' dir='ltr'><strong>sibi</strong></span> <span class='ocrx_word' id='word_1_791' title='bbox 1663 2305 1814 2336; x_wconf 86' lang='lat' dir='ltr'><strong>iniuriam</strong></span> <span class='ocrx_word' id='word_1_792' title='bbox 1835 2308 2084 2344; x_wconf 87' lang='lat' dir='ltr'><strong>conquerentur.</strong></span> <span class='ocrx_word' id='word_1_793' title='bbox 2102 2303 2164 2334; x_wconf 86' lang='lat' dir='ltr'><strong>nisi</strong></span> <span class='ocrx_word' id='word_1_794' title='bbox 2183 2304 2348 2336; x_wconf 82' lang='lat' dir='ltr'><strong>excusatio</strong></span> 
     </span>
     <span class='ocr_line' id='line_1_109' title="bbox 1390 2346 2348 2388; baseline -0.001 -9"><span class='ocrx_word' id='word_1_795' title='bbox 1390 2349 1531 2388; x_wconf 87' lang='lat' dir='ltr'><strong>ipsorum</strong></span> <span class='ocrx_word' id='word_1_796' title='bbox 1564 2348 1768 2379; x_wconf 85' lang='lat' dir='ltr'><strong>admittatur:</strong></span> <span class='ocrx_word' id='word_1_797' title='bbox 1800 2346 1855 2379; x_wconf 85' lang='lat' dir='ltr'><strong>sed</strong></span> <span class='ocrx_word' id='word_1_798' title='bbox 1885 2351 1951 2378; x_wconf 86' lang='lat' dir='ltr'><strong>toto</strong></span> <span class='ocrx_word' id='word_1_799' title='bbox 1979 2346 2066 2377; x_wconf 85' lang='lat' dir='ltr'><strong>coelo</strong></span> <span class='ocrx_word' id='word_1_800' title='bbox 2099 2353 2218 2377; x_wconf 89' lang='lat' dir='ltr'><strong>errant.</strong></span> <span class='ocrx_word' id='word_1_801' title='bbox 2264 2346 2348 2378; x_wconf 86' lang='lat' dir='ltr'><strong>Nam</strong></span> 
     </span>
     <span class='ocr_line' id='line_1_110' title="bbox 1391 2390 2346 2439; baseline 0 -18"><span class='ocrx_word' id='word_1_802' title='bbox 1391 2391 1451 2422; x_wconf 75' lang='lat' dir='ltr'><strong>nisi</strong></span> <span class='ocrx_word' id='word_1_803' title='bbox 1475 2390 1799 2439; x_wconf 81' lang='lat' dir='ltr'><strong>reprehenderentur,</strong></span> <span class='ocrx_word' id='word_1_804' title='bbox 1820 2390 1851 2421; x_wconf 91' lang='lat' dir='ltr'><strong>in</strong></span> <span class='ocrx_word' id='word_1_805' title='bbox 1876 2395 2003 2429; x_wconf 90' lang='lat' dir='ltr'><strong>stupore</strong></span> <span class='ocrx_word' id='word_1_806' title='bbox 2027 2394 2059 2419; x_wconf 89' lang='lat' dir='ltr'><strong>et</strong></span> <span class='ocrx_word' id='word_1_807' title='bbox 2084 2395 2214 2420; x_wconf 86' lang='lat' dir='ltr'><strong>veterno</strong></span> <span class='ocrx_word' id='word_1_808' title='bbox 2230 2390 2346 2421; x_wconf 89' lang='lat' dir='ltr'><strong>retine-</strong></span> 
     </span>
    </p>
   </div>
   <div class='ocr_carea' id='block_1_14' title="bbox 1363 2431 2346 2473">
    <p class='ocr_par' dir='ltr' id='par_1_16' title="bbox 1363 2431 2346 2473">
     <span class='ocr_line' id='line_1_111' title="bbox 1363 2431 2346 2473; baseline 0 -9"><span class='ocrx_word' id='word_1_809' title='bbox 1363 2435 1364 2438; x_wconf 76' lang='grc'>’</span> <span class='ocrx_word' id='word_1_810' title='bbox 1390 2439 1515 2464; x_wconf 87' lang='lat' dir='ltr'><strong>rentur:</strong></span> <span class='ocrx_word' id='word_1_811' title='bbox 1539 2435 1637 2464; x_wconf 85' lang='lat' dir='ltr'><strong>immo</strong></span> <span class='ocrx_word' id='word_1_812' title='bbox 1662 2434 1693 2464; x_wconf 91' lang='lat' dir='ltr'><strong>in</strong></span> <span class='ocrx_word' id='word_1_813' title='bbox 1719 2434 1798 2464; x_wconf 86' lang='lat' dir='ltr'><strong>vitia</strong></span> <span class='ocrx_word' id='word_1_814' title='bbox 1820 2431 2024 2473; x_wconf 85' lang='lat' dir='ltr'><strong>procliviores</strong></span> <span class='ocrx_word' id='word_1_815' title='bbox 2046 2432 2115 2463; x_wconf 87' lang='lat' dir='ltr'><strong>sine</strong></span> <span class='ocrx_word' id='word_1_816' title='bbox 2139 2431 2205 2463; x_wconf 93' lang='lat' dir='ltr'><strong>ullo</strong></span> <span class='ocrx_word' id='word_1_817' title='bbox 2223 2431 2346 2472; x_wconf 86' lang='lat' dir='ltr'><strong>pudore</strong></span> 
     </span>
    </p>
   </div>
   <div class='ocr_carea' id='block_1_15' title="bbox 1390 2473 2346 2523">
    <p class='ocr_par' dir='ltr' id='par_1_17' title="bbox 1390 2473 2346 2523">
     <span class='ocr_line' id='line_1_112' title="bbox 1390 2473 2346 2523; baseline 0.001 -17"><span class='ocrx_word' id='word_1_818' title='bbox 1390 2475 1618 2508; x_wconf 86' lang='lat' dir='ltr'><strong>redderentur.</strong></span> <span class='ocrx_word' id='word_1_819' title='bbox 1653 2482 1685 2508; x_wconf 90' lang='lat' dir='ltr'><strong>et</strong></span> <span class='ocrx_word' id='word_1_820' title='bbox 1709 2486 1870 2516; x_wconf 85' lang='lat' dir='ltr'><strong>uunquam</strong></span> <span class='ocrx_word' id='word_1_821' title='bbox 1895 2473 1933 2505; x_wconf 89' lang='lat' dir='ltr'><strong>de</strong></span> <span class='ocrx_word' id='word_1_822' title='bbox 1962 2474 2099 2523; x_wconf 76' lang='lat' dir='ltr'><strong>petenda</strong></span> <span class='ocrx_word' id='word_1_823' title='bbox 2120 2475 2215 2506; x_wconf 89' lang='lat' dir='ltr'><strong>venia</strong></span> <span class='ocrx_word' id='word_1_824' title='bbox 2237 2485 2256 2506; x_wconf 87' lang='lat' dir='ltr'><strong>a</strong></span> <span class='ocrx_word' id='word_1_825' title='bbox 2279 2475 2346 2507; x_wconf 92' lang='lat' dir='ltr'><strong>Do-</strong></span> 
     </span>
    </p>
   </div>
   <div class='ocr_carea' id='block_1_16' title="bbox 1362 2515 2346 2602">
    <p class='ocr_par' dir='ltr' id='par_1_18' title="bbox 1362 2515 2346 2602">
     <span class='ocr_line' id='line_1_113' title="bbox 1363 2515 2346 2570; baseline -0.001 -20"><span class='ocrx_word' id='word_1_826' title='bbox 1363 2529 1364 2570; x_wconf 38' lang='lat'><strong>,</strong></span> <span class='ocrx_word' id='word_1_827' title='bbox 1390 2519 1475 2550; x_wconf 91' lang='lat' dir='ltr'><strong>mino</strong></span> <span class='ocrx_word' id='word_1_828' title='bbox 1500 2529 1557 2559; x_wconf 90' lang='lat' dir='ltr'><strong>pro</strong></span> <span class='ocrx_word' id='word_1_829' title='bbox 1581 2519 1705 2550; x_wconf 85' lang='lat' dir='ltr'><strong>delictis</strong></span> <span class='ocrx_word' id='word_1_830' title='bbox 1729 2519 1924 2559; x_wconf 84' lang='lat' dir='ltr'><strong>cogitarent.</strong></span> <span class='ocrx_word' id='word_1_831' title='bbox 1950 2515 2004 2547; x_wconf 87' lang='lat' dir='ltr'><strong>sed</strong></span> <span class='ocrx_word' id='word_1_832' title='bbox 2028 2516 2252 2556; x_wconf 85' lang='lat' dir='ltr'><strong>impunitatem</strong></span> <span class='ocrx_word' id='word_1_833' title='bbox 2276 2527 2346 2566; x_wconf 80' lang='lat' dir='ltr'><strong>per-</strong></span> 
     </span>
     <span class='ocr_line' id='line_1_114' title="bbox 1362 2559 2345 2602; baseline 0 -11"><span class='ocrx_word' id='word_1_834' title='bbox 1362 2579 1364 2583; x_wconf 58' lang='lat'>&gt;</span> <span class='ocrx_word' id='word_1_835' title='bbox 1389 2568 1518 2600; x_wconf 87' lang='lat' dir='ltr'><strong>petuam</strong></span> <span class='ocrx_word' id='word_1_836' title='bbox 1548 2567 1714 2602; x_wconf 86' lang='lat' dir='ltr'><strong>sperantes</strong></span> <span class='ocrx_word' id='word_1_837' title='bbox 1743 2561 1782 2592; x_wconf 90' lang='lat' dir='ltr'><strong>ad</strong></span> <span class='ocrx_word' id='word_1_838' title='bbox 1806 2570 1899 2592; x_wconf 85' lang='lat' dir='ltr'><strong>omne</strong></span> <span class='ocrx_word' id='word_1_839' title='bbox 1923 2559 2044 2590; x_wconf 83' lang='lat' dir='ltr'><strong>malum</strong></span> <span class='ocrx_word' id='word_1_840' title='bbox 2069 2559 2211 2592; x_wconf 85' lang='lat' dir='ltr'><strong>habenas</strong></span> <span class='ocrx_word' id='word_1_841' title='bbox 2235 2560 2345 2592; x_wconf 89' lang='lat' dir='ltr'><strong>remit-</strong></span> 
     </span>
    </p>
   </div>
   <div class='ocr_carea' id='block_1_17' title="bbox 1388 2601 2343 2688">
    <p class='ocr_par' dir='ltr' id='par_1_19' title="bbox 1388 2601 2343 2688">
     <span class='ocr_line' id='line_1_115' title="bbox 1390 2601 2343 2643; baseline 0 -9"><span class='ocrx_word' id='word_1_842' title='bbox 1390 2609 1503 2635; x_wconf 85' lang='lat' dir='ltr'><strong>terent.</strong></span> <span class='ocrx_word' id='word_1_843' title='bbox 1538 2603 1754 2643; x_wconf 82' lang='lat' dir='ltr'><strong>Quamobrem</strong></span> <span class='ocrx_word' id='word_1_844' title='bbox 1775 2603 1803 2635; x_wconf 84' lang='lat' dir='ltr'><strong>si</strong></span> <span class='ocrx_word' id='word_1_845' title='bbox 1821 2613 1878 2635; x_wconf 89' lang='lat' dir='ltr'><strong>nos</strong></span> <span class='ocrx_word' id='word_1_846' title='bbox 1896 2602 1929 2633; x_wconf 92' lang='lat' dir='ltr'><strong>in</strong></span> <span class='ocrx_word' id='word_1_847' title='bbox 1949 2601 2059 2633; x_wconf 79' lang='lat' dir='ltr'><strong>multis</strong></span> <span class='ocrx_word' id='word_1_848' title='bbox 2082 2601 2143 2633; x_wconf 85' lang='lat' dir='ltr'><strong>labi</strong></span> <span class='ocrx_word' id='word_1_849' title='bbox 2163 2602 2343 2643; x_wconf 86' lang='lat' dir='ltr'><strong>eontigerit,</strong></span> 
     </span>
     <span class='ocr_line' id='line_1_116' title="bbox 1388 2645 2343 2688; baseline 0 -11"><span class='ocrx_word' id='word_1_850' title='bbox 1388 2651 1419 2677; x_wconf 86' lang='lat' dir='ltr'><strong>et</strong></span> <span class='ocrx_word' id='word_1_851' title='bbox 1453 2646 1490 2678; x_wconf 87' lang='lat' dir='ltr'><strong>de</strong></span> <span class='ocrx_word' id='word_1_852' title='bbox 1524 2647 1587 2678; x_wconf 88' lang='lat' dir='ltr'><strong>illis</strong></span> <span class='ocrx_word' id='word_1_853' title='bbox 1621 2645 1823 2688; x_wconf 88' lang='lat' dir='ltr'><strong>reprehendi,</strong></span> <span class='ocrx_word' id='word_1_854' title='bbox 1857 2653 2057 2685; x_wconf 86' lang='lat' dir='ltr'><strong>summopere</strong></span> <span class='ocrx_word' id='word_1_855' title='bbox 2091 2645 2267 2677; x_wconf 88' lang='lat' dir='ltr'><strong>cavendum</strong></span> <span class='ocrx_word' id='word_1_856' title='bbox 2302 2656 2343 2677; x_wconf 91' lang='lat' dir='ltr'><strong>ne</strong></span> 
     </span>
    </p>
   </div>
  </div>
 </body>
</html>
