<?xml version="1.0" encoding="UTF-8"?>
<!DOCTYPE html PUBLIC "-//W3C//DTD XHTML 1.0 Transitional//EN"
    "http://www.w3.org/TR/xhtml1/DTD/xhtml1-transitional.dtd">
<html xmlns="http://www.w3.org/1999/xhtml" xml:lang="en" lang="en">
 <head>
  <title>
</title>
<meta http-equiv="Content-Type" content="text/html;charset=utf-8" />
  <meta name='ocr-system' content='tesseract 3.04.00' />
  <meta name='ocr-capabilities' content='ocr_page ocr_carea ocr_par ocr_line ocrx_word'/>
</head>
<body>
  <div class='ocr_page' id='page_1' title='image "./ioanniscalviniop30calv_0064.png"; bbox 0 0 2551 3044; ppageno 0'>
   <div class='ocr_carea' id='block_1_1' title="bbox 342 196 401 228">
    <p class='ocr_par' dir='ltr' id='par_1_1' title="bbox 342 196 401 228">
     <span class='ocr_line' id='line_1_1' title="bbox 342 196 401 228; baseline -0.034 0"><span class='ocrx_word' id='word_1_1' title='bbox 342 196 401 228; x_wconf 71' lang='lat'>107</span> 
     </span>
    </p>
   </div>
   <div class='ocr_carea' id='block_1_2' title="bbox 343 285 1301 369">
    <p class='ocr_par' dir='ltr' id='par_1_2' title="bbox 343 285 1301 369">
     <span class='ocr_line' id='line_1_2' title="bbox 343 285 1298 328; baseline -0.003 -9"><span class='ocrx_word' id='word_1_2' title='bbox 343 290 466 320; x_wconf 89' lang='lat' dir='ltr'>nimum</span> <span class='ocrx_word' id='word_1_3' title='bbox 491 298 559 318; x_wconf 78' lang='lat' dir='ltr'>reos</span> <span class='ocrx_word' id='word_1_4' title='bbox 581 297 648 318; x_wconf 82' lang='grc'>0550</span> <span class='ocrx_word' id='word_1_5' title='bbox 667 296 771 318; x_wconf 81' lang='lat' dir='ltr'>corani</span> <span class='ocrx_word' id='word_1_6' title='bbox 787 285 865 322; x_wconf 89' lang='lat' dir='ltr'>Deo,</span> <span class='ocrx_word' id='word_1_7' title='bbox 890 286 998 318; x_wconf 90' lang='lat' dir='ltr'>nullus</span> <span class='ocrx_word' id='word_1_8' title='bbox 1021 295 1166 328; x_wconf 73' lang='lat' dir='ltr'>superest</span> <span class='ocrx_word' id='word_1_9' title='bbox 1191 295 1298 326; x_wconf 88' lang='lat' dir='ltr'>quaes-</span> 
     </span>
     <span class='ocr_line' id='line_1_3' title="bbox 344 327 1301 369; baseline -0.003 -8"><span class='ocrx_word' id='word_1_10' title='bbox 344 331 423 362; x_wconf 78' lang='lat' dir='ltr'>timi</span> <span class='ocrx_word' id='word_1_11' title='bbox 459 331 560 366; x_wconf 85' lang='grc'>100115,</span> <span class='ocrx_word' id='word_1_12' title='bbox 602 340 700 369; x_wconf 83' lang='lat' dir='ltr'>quare</span> <span class='ocrx_word' id='word_1_13' title='bbox 743 327 830 359; x_wconf 87' lang='lat' dir='ltr'>Deus</span> <span class='ocrx_word' id='word_1_14' title='bbox 863 328 1058 361; x_wconf 82' lang='lat' dir='ltr'>Amalecitas</span> <span class='ocrx_word' id='word_1_15' title='bbox 1095 330 1194 360; x_wconf 75' lang='lat' dir='ltr'>multa</span> <span class='ocrx_word' id='word_1_16' title='bbox 1228 333 1301 368; x_wconf 81' lang='lat' dir='ltr'>post</span> 
     </span>
    </p>
   </div>
   <div class='ocr_carea' id='block_1_3' title="bbox 345 369 1327 413">
    <p class='ocr_par' dir='ltr' id='par_1_3' title="bbox 345 369 1327 413">
     <span class='ocr_line' id='line_1_4' title="bbox 345 369 1327 413; baseline -0.002 -10"><span class='ocrx_word' id='word_1_17' title='bbox 345 381 472 413; x_wconf 70' lang='lat' dir='ltr'>putrum</span> <span class='ocrx_word' id='word_1_18' title='bbox 498 372 786 412; x_wconf 62' lang='lat' dir='ltr'>transgreSSissDUUl</span> <span class='ocrx_word' id='word_1_19' title='bbox 811 371 937 402; x_wconf 68' lang='lat' dir='ltr'>saeelssa</span> <span class='ocrx_word' id='word_1_20' title='bbox 958 380 1056 406; x_wconf 64' lang='lat' dir='ltr'>nutus,</span> <span class='ocrx_word' id='word_1_21' title='bbox 1083 384 1128 402; x_wconf 75' lang='lat' dir='ltr'>V.o</span> <span class='ocrx_word' id='word_1_22' title='bbox 1125 372 1217 402; x_wconf 76' lang='lat' dir='ltr'>&#39;uerit</span> <span class='ocrx_word' id='word_1_23' title='bbox 1237 382 1300 402; x_wconf 64' lang='lat' dir='ltr'>una</span> <span class='ocrx_word' id='word_1_24' title='bbox 1324 369 1327 400; x_wconf 82' lang='grc'>1</span> 
     </span>
    </p>
   </div>
   <div class='ocr_carea' id='block_1_4' title="bbox 344 413 1313 2670">
    <p class='ocr_par' dir='ltr' id='par_1_4' title="bbox 344 413 1313 2670">
     <span class='ocr_line' id='line_1_5' title="bbox 344 413 1300 454; baseline -0.001 -8"><span class='ocrx_word' id='word_1_25' title='bbox 344 426 454 447; x_wconf 85' lang='grc'>01111105</span> <span class='ocrx_word' id='word_1_26' title='bbox 486 415 702 445; x_wconf 80' lang='lat' dir='ltr'>internecione</span> <span class='ocrx_word' id='word_1_27' title='bbox 732 414 830 444; x_wconf 79' lang='lat' dir='ltr'>semel</span> <span class='ocrx_word' id='word_1_28' title='bbox 861 413 976 446; x_wconf 87' lang='lat' dir='ltr'>delere.</span> <span class='ocrx_word' id='word_1_29' title='bbox 1022 414 1300 454; x_wconf 76' lang='lat' dir='ltr'>Quemadmodum</span> 
     </span>
     <span class='ocr_line' id='line_1_6' title="bbox 344 456 1301 497; baseline 0 -11"><span class='ocrx_word' id='word_1_30' title='bbox 344 468 448 497; x_wconf 74' lang='lat' dir='ltr'>neque</span> <span class='ocrx_word' id='word_1_31' title='bbox 483 465 512 488; x_wconf 84' lang='lat' dir='ltr'>et</span> <span class='ocrx_word' id='word_1_32' title='bbox 548 457 586 489; x_wconf 85' lang='lat' dir='ltr'>de</span> <span class='ocrx_word' id='word_1_33' title='bbox 620 456 800 488; x_wconf 76' lang='lat' dir='ltr'>Cananaeis</span> <span class='ocrx_word' id='word_1_34' title='bbox 835 457 1064 496; x_wconf 83' lang='lat' dir='ltr'>quaerendum,</span> <span class='ocrx_word' id='word_1_35' title='bbox 1099 468 1195 497; x_wconf 84' lang='lat' dir='ltr'>quare</span> <span class='ocrx_word' id='word_1_36' title='bbox 1229 463 1301 497; x_wconf 84' lang='lat' dir='ltr'>post</span> 
     </span>
     <span class='ocr_line' id='line_1_7' title="bbox 345 499 1299 540; baseline 0 -10"><span class='ocrx_word' id='word_1_37' title='bbox 345 500 598 540; x_wconf 85' lang='lat' dir='ltr'>quadringentos</span> <span class='ocrx_word' id='word_1_38' title='bbox 628 511 728 529; x_wconf 66' lang='lat' dir='ltr'>unnns</span> <span class='ocrx_word' id='word_1_39' title='bbox 760 509 853 538; x_wconf 81' lang='lat' dir='ltr'>quam</span> <span class='ocrx_word' id='word_1_40' title='bbox 877 499 1061 531; x_wconf 81' lang='lat' dir='ltr'>Abrahamo</span> <span class='ocrx_word' id='word_1_41' title='bbox 1086 499 1208 530; x_wconf 70' lang='lat' dir='ltr'>molt-sti</span> <span class='ocrx_word' id='word_1_42' title='bbox 1232 499 1299 530; x_wconf 82' lang='lat' dir='ltr'>fue·</span> 
     </span>
     <span class='ocr_line' id='line_1_8' title="bbox 345 541 1300 582; baseline -0.001 -9"><span class='ocrx_word' id='word_1_43' title='bbox 345 552 425 578; x_wconf 83' lang='lat' dir='ltr'>rant,</span> <span class='ocrx_word' id='word_1_44' title='bbox 451 553 567 582; x_wconf 78' lang='lat' dir='ltr'>poenus</span> <span class='ocrx_word' id='word_1_45' title='bbox 592 543 728 572; x_wconf 81' lang='lat' dir='ltr'>luerunt.</span> <span class='ocrx_word' id='word_1_46' title='bbox 775 541 899 582; x_wconf 83' lang='lat' dir='ltr'><strong>Nempe</strong></span> <span class='ocrx_word' id='word_1_47' title='bbox 917 543 1006 574; x_wconf 84' lang='lat' dir='ltr'>Deus</span> <span class='ocrx_word' id='word_1_48' title='bbox 1031 544 1060 574; x_wconf 91' lang='lat' dir='ltr'>in</span> <span class='ocrx_word' id='word_1_49' title='bbox 1085 553 1181 573; x_wconf 89' lang='lat' dir='ltr'>manu</span> <span class='ocrx_word' id='word_1_50' title='bbox 1205 543 1300 573; x_wconf 82' lang='lat' dir='ltr'>sitam</span> 
     </span>
     <span class='ocr_line' id='line_1_9' title="bbox 346 585 1301 625; baseline -0.001 -9"><span class='ocrx_word' id='word_1_51' title='bbox 346 585 441 617; x_wconf 88' lang='lat' dir='ltr'>habet</span> <span class='ocrx_word' id='word_1_52' title='bbox 477 595 657 625; x_wconf 68' lang='lat' dir='ltr'>temporum</span> <span class='ocrx_word' id='word_1_53' title='bbox 691 586 980 624; x_wconf 77' lang='lat' dir='ltr'>opportunitatem:</span> <span class='ocrx_word' id='word_1_54' title='bbox 1022 586 1115 616; x_wconf 81' lang='lat' dir='ltr'>sicuti</span> <span class='ocrx_word' id='word_1_55' title='bbox 1159 597 1196 615; x_wconf 76' lang='lat' dir='ltr'>cx</span> <span class='ocrx_word' id='word_1_56' title='bbox 1233 591 1301 615; x_wconf 88' lang='lat' dir='ltr'>tota</span> 
     </span>
     <span class='ocr_line' id='line_1_10' title="bbox 345 626 1299 669; baseline -0.001 -10"><span class='ocrx_word' id='word_1_57' title='bbox 345 629 461 669; x_wconf 72' lang='lat' dir='ltr'>passim</span> <span class='ocrx_word' id='word_1_58' title='bbox 493 633 626 668; x_wconf 80' lang='lat' dir='ltr'>apparet</span> <span class='ocrx_word' id='word_1_59' title='bbox 655 627 822 666; x_wconf 82' lang='lat' dir='ltr'>scriptura,</span> <span class='ocrx_word' id='word_1_60' title='bbox 857 639 936 667; x_wconf 88' lang='lat' dir='ltr'>quae</span> <span class='ocrx_word' id='word_1_61' title='bbox 963 628 1098 659; x_wconf 89' lang='lat' dir='ltr'>subinde</span> <span class='ocrx_word' id='word_1_62' title='bbox 1127 628 1208 658; x_wconf 88' lang='lat' dir='ltr'>diem</span> <span class='ocrx_word' id='word_1_63' title='bbox 1234 626 1299 658; x_wconf 82' lang='lat' dir='ltr'>Do—</span> 
     </span>
     <span class='ocr_line' id='line_1_11' title="bbox 346 670 1300 706; baseline -0.001 -4"><span class='ocrx_word' id='word_1_64' title='bbox 346 672 432 706; x_wconf 81' lang='lat' dir='ltr'>mini,</span> <span class='ocrx_word' id='word_1_65' title='bbox 457 670 539 701; x_wconf 82' lang='lat' dir='ltr'>diem</span> <span class='ocrx_word' id='word_1_66' title='bbox 568 670 695 701; x_wconf 82' lang='lat' dir='ltr'>Domini</span> <span class='ocrx_word' id='word_1_67' title='bbox 721 670 874 701; x_wconf 75' lang='lat' dir='ltr'>inculcat:</span> <span class='ocrx_word' id='word_1_68' title='bbox 904 679 937 701; x_wconf 90' lang='lat' dir='ltr'>ut</span> <span class='ocrx_word' id='word_1_69' title='bbox 966 671 1111 701; x_wconf 80' lang='lat' dir='ltr'>ostendat</span> <span class='ocrx_word' id='word_1_70' title='bbox 1145 682 1208 701; x_wconf 69' lang='lat' dir='ltr'>non</span> <span class='ocrx_word' id='word_1_71' title='bbox 1232 680 1300 701; x_wconf 83' lang='grc'>0550</span> 
     </span>
     <span class='ocr_line' id='line_1_12' title="bbox 346 713 1299 753; baseline -0.003 -8"><span class='ocrx_word' id='word_1_72' title='bbox 346 715 379 745; x_wconf 88' lang='grc'>111</span> <span class='ocrx_word' id='word_1_73' title='bbox 403 713 570 744; x_wconf 84' lang='lat' dir='ltr'>hominum</span> <span class='ocrx_word' id='word_1_74' title='bbox 603 719 758 752; x_wconf 68' lang='lat' dir='ltr'>potestate</span> <span class='ocrx_word' id='word_1_75' title='bbox 790 713 925 752; x_wconf 86' lang='lat' dir='ltr'>positum</span> <span class='ocrx_word' id='word_1_76' title='bbox 958 714 1055 753; x_wconf 81' lang='lat' dir='ltr'>ipsius</span> <span class='ocrx_word' id='word_1_77' title='bbox 1079 713 1195 744; x_wconf 88' lang='lat' dir='ltr'>iudicia</span> <span class='ocrx_word' id='word_1_78' title='bbox 1218 713 1299 743; x_wconf 91' lang='lat' dir='ltr'>limi-</span> 
     </span>
     <span class='ocr_line' id='line_1_13' title="bbox 347 755 1302 796; baseline -0.002 -9"><span class='ocrx_word' id='word_1_79' title='bbox 347 757 431 787; x_wconf 85' lang='lat' dir='ltr'>tibus</span> <span class='ocrx_word' id='word_1_80' title='bbox 455 755 648 795; x_wconf 80' lang='lat' dir='ltr'>quibusdam</span> <span class='ocrx_word' id='word_1_81' title='bbox 671 761 834 786; x_wconf 73' lang='lat' dir='ltr'>coercere:</span> <span class='ocrx_word' id='word_1_82' title='bbox 866 766 947 795; x_wconf 83' lang='lat' dir='ltr'>quae</span> <span class='ocrx_word' id='word_1_83' title='bbox 970 757 1074 796; x_wconf 78' lang='lat' dir='ltr'>potius</span> <span class='ocrx_word' id='word_1_84' title='bbox 1101 755 1246 786; x_wconf 82' lang='lat' dir='ltr'>venerari</span> <span class='ocrx_word' id='word_1_85' title='bbox 1269 762 1302 785; x_wconf 84' lang='lat' dir='ltr'>et</span> 
     </span>
     <span class='ocr_line' id='line_1_14' title="bbox 346 798 1300 839; baseline -0.001 -10"><span class='ocrx_word' id='word_1_86' title='bbox 346 799 478 830; x_wconf 79' lang='lat' dir='ltr'>adorare</span> <span class='ocrx_word' id='word_1_87' title='bbox 503 798 628 834; x_wconf 85' lang='lat' dir='ltr'>debent,</span> <span class='ocrx_word' id='word_1_88' title='bbox 646 808 681 827; x_wconf 81' lang='lat' dir='ltr'>:tc</span> <span class='ocrx_word' id='word_1_89' title='bbox 700 798 859 837; x_wconf 79' lang='lat' dir='ltr'>patienter</span> <span class='ocrx_word' id='word_1_90' title='bbox 879 798 1076 830; x_wconf 82' lang='lat' dir='ltr'>voluntatem</span> <span class='ocrx_word' id='word_1_91' title='bbox 1097 799 1194 839; x_wconf 81' lang='lat' dir='ltr'>ipsius</span> <span class='ocrx_word' id='word_1_92' title='bbox 1215 808 1300 838; x_wconf 84' lang='lat' dir='ltr'>prae-</span> 
     </span>
     <span class='ocr_line' id='line_1_15' title="bbox 348 840 1301 880; baseline -0.002 -7"><span class='ocrx_word' id='word_1_93' title='bbox 348 842 466 873; x_wconf 65' lang='lat' dir='ltr'>stolari⁴</span> <span class='ocrx_word' id='word_1_94' title='bbox 513 840 632 879; x_wconf 80' lang='lat' dir='ltr'>Quare,</span> <span class='ocrx_word' id='word_1_95' title='bbox 672 851 770 880; x_wconf 90' lang='lat' dir='ltr'>quum</span> <span class='ocrx_word' id='word_1_96' title='bbox 806 840 910 871; x_wconf 89' lang='lat' dir='ltr'>Deum</span> <span class='ocrx_word' id='word_1_97' title='bbox 945 842 1073 873; x_wconf 73' lang='lat' dir='ltr'>iussisse</span> <span class='ocrx_word' id='word_1_98' title='bbox 1109 841 1301 872; x_wconf 77' lang='lat' dir='ltr'>Amaleeitas</span> 
     </span>
     <span class='ocr_line' id='line_1_16' title="bbox 349 883 1302 924; baseline -0.001 -9"><span class='ocrx_word' id='word_1_99' title='bbox 349 895 411 915; x_wconf 87' lang='lat' dir='ltr'>una</span> <span class='ocrx_word' id='word_1_100' title='bbox 435 883 654 914; x_wconf 78' lang='lat' dir='ltr'>internecione</span> <span class='ocrx_word' id='word_1_101' title='bbox 678 883 841 923; x_wconf 85' lang='lat' dir='ltr'>profligari</span> <span class='ocrx_word' id='word_1_102' title='bbox 873 884 1028 919; x_wconf 76' lang='lat' dir='ltr'>audimus.</span> <span class='ocrx_word' id='word_1_103' title='bbox 1060 892 1091 915; x_wconf 86' lang='lat' dir='ltr'>et</span> <span class='ocrx_word' id='word_1_104' title='bbox 1122 890 1302 924; x_wconf 77' lang='lat' dir='ltr'>peccatores</span> 
     </span>
     <span class='ocr_line' id='line_1_17' title="bbox 349 925 1302 966; baseline -0.001 -9"><span class='ocrx_word' id='word_1_105' title='bbox 349 927 387 957; x_wconf 70' lang='lat' dir='ltr'>ab</span> <span class='ocrx_word' id='word_1_106' title='bbox 411 927 477 966; x_wconf 90' lang='lat' dir='ltr'>ipso</span> <span class='ocrx_word' id='word_1_107' title='bbox 501 925 571 965; x_wconf 88' lang='lat' dir='ltr'>dici,</span> <span class='ocrx_word' id='word_1_108' title='bbox 601 936 678 956; x_wconf 80' lang='lat' dir='ltr'>sane</span> <span class='ocrx_word' id='word_1_109' title='bbox 709 925 802 956; x_wconf 88' lang='lat' dir='ltr'>debet</span> <span class='ocrx_word' id='word_1_110' title='bbox 833 937 895 956; x_wconf 90' lang='lat' dir='ltr'>una</span> <span class='ocrx_word' id='word_1_111' title='bbox 924 926 1002 958; x_wconf 91' lang='lat' dir='ltr'>haec</span> <span class='ocrx_word' id='word_1_112' title='bbox 1031 928 1131 957; x_wconf 85' lang='lat' dir='ltr'>instar</span> <span class='ocrx_word' id='word_1_113' title='bbox 1159 926 1302 957; x_wconf 88' lang='lat' dir='ltr'>omnium</span> 
     </span>
     <span class='ocr_line' id='line_1_18' title="bbox 345 968 1301 1008; baseline -0.002 -7"><span class='ocrx_word' id='word_1_114' title='bbox 345 979 517 1001; x_wconf 79' lang='lat' dir='ltr'>causarum</span> <span class='ocrx_word' id='word_1_115' title='bbox 543 979 620 1005; x_wconf 81' lang='lat' dir='ltr'>csse,</span> <span class='ocrx_word' id='word_1_116' title='bbox 651 978 751 1008; x_wconf 88' lang='lat' dir='ltr'>neque</span> <span class='ocrx_word' id='word_1_117' title='bbox 781 975 906 1008; x_wconf 81' lang='lat' dir='ltr'>oportet</span> <span class='ocrx_word' id='word_1_118' title='bbox 939 970 1082 1000; x_wconf 85' lang='lat' dir='ltr'>homiues</span> <span class='ocrx_word' id='word_1_119' title='bbox 1106 970 1136 1000; x_wconf 93' lang='lat' dir='ltr'>in</span> <span class='ocrx_word' id='word_1_120' title='bbox 1162 969 1217 1000; x_wconf 86' lang='lat' dir='ltr'>illa</span> <span class='ocrx_word' id='word_1_121' title='bbox 1240 968 1301 999; x_wconf 88' lang='lat' dir='ltr'>Dei</span> 
     </span>
     <span class='ocr_line' id='line_1_19' title="bbox 346 1011 1303 1052; baseline -0.002 -9"><span class='ocrx_word' id='word_1_122' title='bbox 346 1011 462 1043; x_wconf 86' lang='lat' dir='ltr'>iudicia</span> <span class='ocrx_word' id='word_1_123' title='bbox 497 1011 630 1042; x_wconf 82' lang='lat' dir='ltr'>ulterius</span> <span class='ocrx_word' id='word_1_124' title='bbox 661 1011 839 1050; x_wconf 84' lang='lat' dir='ltr'>inquirere:</span> <span class='ocrx_word' id='word_1_125' title='bbox 869 1012 952 1051; x_wconf 84' lang='lat' dir='ltr'>quod</span> <span class='ocrx_word' id='word_1_126' title='bbox 983 1023 1019 1043; x_wconf 89' lang='lat' dir='ltr'>ca</span> <span class='ocrx_word' id='word_1_127' title='bbox 1050 1013 1089 1043; x_wconf 83' lang='lat' dir='ltr'>sit</span> <span class='ocrx_word' id='word_1_128' title='bbox 1120 1011 1303 1052; x_wconf 79' lang='lat' dir='ltr'>arrogantia</span> 
     </span>
     <span class='ocr_line' id='line_1_20' title="bbox 346 1054 1302 1096; baseline -0.001 -11"><span class='ocrx_word' id='word_1_129' title='bbox 346 1055 417 1096; x_wconf 84' lang='lat' dir='ltr'>plus</span> <span class='ocrx_word' id='word_1_130' title='bbox 441 1063 537 1094; x_wconf 89' lang='lat' dir='ltr'>quam</span> <span class='ocrx_word' id='word_1_131' title='bbox 561 1054 724 1090; x_wconf 84' lang='lat' dir='ltr'>diabolica,</span> <span class='ocrx_word' id='word_1_132' title='bbox 749 1061 783 1083; x_wconf 90' lang='lat' dir='ltr'>ut</span> <span class='ocrx_word' id='word_1_133' title='bbox 806 1064 904 1093; x_wconf 87' lang='lat' dir='ltr'>quum</span> <span class='ocrx_word' id='word_1_134' title='bbox 919 1054 1008 1086; x_wconf 87' lang='lat' dir='ltr'>Deus</span> <span class='ocrx_word' id='word_1_135' title='bbox 1027 1054 1187 1086; x_wconf 88' lang='lat' dir='ltr'>decretum</span> <span class='ocrx_word' id='word_1_136' title='bbox 1210 1064 1302 1086; x_wconf 86' lang='lat' dir='ltr'>suum</span> 
     </span>
     <span class='ocr_line' id='line_1_21' title="bbox 346 1096 1303 1136; baseline -0.001 -8"><span class='ocrx_word' id='word_1_137' title='bbox 346 1097 555 1129; x_wconf 84' lang='lat' dir='ltr'>irrevocabile</span> <span class='ocrx_word' id='word_1_138' title='bbox 589 1096 864 1136; x_wconf 77' lang='lat' dir='ltr'>pronuntiaverit,</span> <span class='ocrx_word' id='word_1_139' title='bbox 900 1098 1049 1129; x_wconf 75' lang='lat' dir='ltr'>mortales</span> <span class='ocrx_word' id='word_1_140' title='bbox 1080 1097 1117 1127; x_wconf 74' lang='lat' dir='ltr'>dc</span> <span class='ocrx_word' id='word_1_141' title='bbox 1147 1109 1182 1128; x_wconf 86' lang='lat' dir='ltr'>co</span> <span class='ocrx_word' id='word_1_142' title='bbox 1213 1107 1303 1128; x_wconf 90' lang='lat' dir='ltr'>suam</span> 
     </span>
     <span class='ocr_line' id='line_1_22' title="bbox 346 1138 1303 1180; baseline -0.002 -9"><span class='ocrx_word' id='word_1_143' title='bbox 346 1140 539 1172; x_wconf 87' lang='lat' dir='ltr'>sententiam</span> <span class='ocrx_word' id='word_1_144' title='bbox 575 1139 656 1169; x_wconf 84' lang='lat' dir='ltr'>ferre</span> <span class='ocrx_word' id='word_1_145' title='bbox 690 1138 840 1170; x_wconf 85' lang='lat' dir='ltr'>audeant.</span> <span class='ocrx_word' id='word_1_146' title='bbox 895 1138 982 1179; x_wconf 84' lang='lat' dir='ltr'>Quid</span> <span class='ocrx_word' id='word_1_147' title='bbox 1023 1141 1124 1180; x_wconf 82' lang='lat' dir='ltr'>enim,</span> <span class='ocrx_word' id='word_1_148' title='bbox 1165 1140 1303 1176; x_wconf 83' lang='lat' dir='ltr'>ebsecro,</span> 
     </span>
     <span class='ocr_line' id='line_1_23' title="bbox 347 1181 1304 1223; baseline -0.001 -9"><span class='ocrx_word' id='word_1_149' title='bbox 347 1181 562 1223; x_wconf 79' lang='lat' dir='ltr'>praetexunt?</span> <span class='ocrx_word' id='word_1_150' title='bbox 609 1182 736 1212; x_wconf 90' lang='lat' dir='ltr'>Bonum</span> <span class='ocrx_word' id='word_1_151' title='bbox 768 1192 837 1213; x_wconf 79' lang='lat' dir='ltr'>esse</span> <span class='ocrx_word' id='word_1_152' title='bbox 868 1182 899 1212; x_wconf 94' lang='lat' dir='ltr'>in</span> <span class='ocrx_word' id='word_1_153' title='bbox 930 1193 1043 1214; x_wconf 85' lang='lat' dir='ltr'>causas</span> <span class='ocrx_word' id='word_1_154' title='bbox 1067 1183 1234 1222; x_wconf 82' lang='lat' dir='ltr'>inquirere.</span> <span class='ocrx_word' id='word_1_155' title='bbox 1265 1182 1304 1213; x_wconf 92' lang='lat' dir='ltr'>ob</span> 
     </span>
     <span class='ocr_line' id='line_1_24' title="bbox 345 1224 1305 1266; baseline 0 -10"><span class='ocrx_word' id='word_1_156' title='bbox 345 1235 424 1266; x_wconf 86' lang='lat' dir='ltr'>quas</span> <span class='ocrx_word' id='word_1_157' title='bbox 455 1224 530 1265; x_wconf 89' lang='lat' dir='ltr'>quid</span> <span class='ocrx_word' id='word_1_158' title='bbox 560 1224 675 1264; x_wconf 89' lang='lat' dir='ltr'>cuique</span> <span class='ocrx_word' id='word_1_159' title='bbox 705 1224 880 1265; x_wconf 89' lang='lat' dir='ltr'>contingat.</span> <span class='ocrx_word' id='word_1_160' title='bbox 926 1225 1017 1256; x_wconf 91' lang='lat' dir='ltr'>Itane</span> <span class='ocrx_word' id='word_1_161' title='bbox 1050 1236 1122 1256; x_wconf 88' lang='lat' dir='ltr'>vero</span> <span class='ocrx_word' id='word_1_162' title='bbox 1155 1225 1305 1256; x_wconf 82' lang='lat' dir='ltr'>mortales</span> 
     </span>
     <span class='ocr_line' id='line_1_25' title="bbox 346 1266 1305 1308; baseline -0.001 -9"><span class='ocrx_word' id='word_1_163' title='bbox 346 1269 470 1299; x_wconf 87' lang='lat' dir='ltr'>coelum</span> <span class='ocrx_word' id='word_1_164' title='bbox 493 1275 524 1298; x_wconf 90' lang='lat' dir='ltr'>et</span> <span class='ocrx_word' id='word_1_165' title='bbox 549 1272 668 1298; x_wconf 87' lang='lat' dir='ltr'>terram</span> <span class='ocrx_word' id='word_1_166' title='bbox 691 1266 839 1298; x_wconf 89' lang='lat' dir='ltr'>manibus</span> <span class='ocrx_word' id='word_1_167' title='bbox 861 1268 1164 1308; x_wconf 86' lang='lat' dir='ltr'>complecterentur.</span> <span class='ocrx_word' id='word_1_168' title='bbox 1190 1269 1305 1299; x_wconf 89' lang='lat' dir='ltr'>lucem-</span> 
     </span>
     <span class='ocr_line' id='line_1_26' title="bbox 347 1309 1303 1352; baseline -0.001 -10"><span class='ocrx_word' id='word_1_169' title='bbox 347 1322 409 1352; x_wconf 83' lang='lat' dir='ltr'>que</span> <span class='ocrx_word' id='word_1_170' title='bbox 434 1310 520 1341; x_wconf 76' lang='lat' dir='ltr'>illam</span> <span class='ocrx_word' id='word_1_171' title='bbox 536 1309 595 1341; x_wconf 87' lang='lat' dir='ltr'>Dei</span> <span class='ocrx_word' id='word_1_172' title='bbox 615 1309 869 1341; x_wconf 77' lang='lat' dir='ltr'>inaccessibilem</span> <span class='ocrx_word' id='word_1_173' title='bbox 892 1315 922 1341; x_wconf 86' lang='lat' dir='ltr'>et</span> <span class='ocrx_word' id='word_1_174' title='bbox 945 1311 1303 1351; x_wconf 74' lang='lat' dir='ltr'>incomprehensibilem</span> 
     </span>
     <span class='ocr_line' id='line_1_27' title="bbox 347 1351 1305 1392; baseline 0 -7"><span class='ocrx_word' id='word_1_175' title='bbox 347 1353 387 1386; x_wconf 91' lang='lat' dir='ltr'>ad</span> <span class='ocrx_word' id='word_1_176' title='bbox 427 1364 460 1384; x_wconf 88' lang='grc'>50</span> <span class='ocrx_word' id='word_1_177' title='bbox 493 1352 728 1384; x_wconf 77' lang='lat' dir='ltr'>transferrent?</span> <span class='ocrx_word' id='word_1_178' title='bbox 778 1351 996 1392; x_wconf 78' lang='lat' dir='ltr'>Quamobrem</span> <span class='ocrx_word' id='word_1_179' title='bbox 1030 1353 1180 1385; x_wconf 86' lang='lat' dir='ltr'>discenda</span> <span class='ocrx_word' id='word_1_180' title='bbox 1213 1353 1305 1385; x_wconf 89' lang='lat' dir='ltr'>nobis</span> 
     </span>
     <span class='ocr_line' id='line_1_28' title="bbox 347 1395 1306 1436; baseline -0.001 -8"><span class='ocrx_word' id='word_1_181' title='bbox 347 1397 502 1428; x_wconf 75' lang='lat' dir='ltr'>sobrietas</span> <span class='ocrx_word' id='word_1_182' title='bbox 526 1403 557 1426; x_wconf 88' lang='lat' dir='ltr'>et</span> <span class='ocrx_word' id='word_1_183' title='bbox 580 1395 744 1432; x_wconf 84' lang='lat' dir='ltr'>modestia,</span> <span class='ocrx_word' id='word_1_184' title='bbox 770 1405 810 1426; x_wconf 91' lang='lat' dir='ltr'>ne</span> <span class='ocrx_word' id='word_1_185' title='bbox 832 1395 867 1426; x_wconf 91' lang='lat' dir='ltr'>in</span> <span class='ocrx_word' id='word_1_186' title='bbox 886 1406 923 1427; x_wconf 86' lang='lat' dir='ltr'>ea</span> <span class='ocrx_word' id='word_1_187' title='bbox 941 1406 1021 1436; x_wconf 89' lang='lat' dir='ltr'>quae</span> <span class='ocrx_word' id='word_1_188' title='bbox 1040 1407 1136 1436; x_wconf 88' lang='lat' dir='ltr'>supra</span> <span class='ocrx_word' id='word_1_189' title='bbox 1156 1408 1210 1428; x_wconf 88' lang='lat' dir='ltr'>nos</span> <span class='ocrx_word' id='word_1_190' title='bbox 1229 1401 1306 1428; x_wconf 86' lang='lat' dir='ltr'>sunt</span> 
     </span>
     <span class='ocr_line' id='line_1_29' title="bbox 345 1437 1304 1480; baseline -0.001 -9"><span class='ocrx_word' id='word_1_191' title='bbox 345 1439 504 1471; x_wconf 85' lang='lat' dir='ltr'>curiosius</span> <span class='ocrx_word' id='word_1_192' title='bbox 533 1438 745 1478; x_wconf 84' lang='lat' dir='ltr'>inquiramus.</span> <span class='ocrx_word' id='word_1_193' title='bbox 793 1437 880 1469; x_wconf 81' lang='lat' dir='ltr'>Sane</span> <span class='ocrx_word' id='word_1_194' title='bbox 912 1439 1012 1470; x_wconf 88' lang='lat' dir='ltr'>solem</span> <span class='ocrx_word' id='word_1_195' title='bbox 1047 1439 1304 1480; x_wconf 85' lang='lat' dir='ltr'>limpidissimum</span> 
     </span>
     <span class='ocr_line' id='line_1_30' title="bbox 348 1481 1304 1523; baseline 0 -10"><span class='ocrx_word' id='word_1_196' title='bbox 348 1488 380 1514; x_wconf 87' lang='lat' dir='ltr'>et</span> <span class='ocrx_word' id='word_1_197' title='bbox 410 1481 646 1512; x_wconf 86' lang='lat' dir='ltr'>lucidissimum</span> <span class='ocrx_word' id='word_1_198' title='bbox 676 1492 744 1512; x_wconf 87' lang='lat' dir='ltr'>esse</span> <span class='ocrx_word' id='word_1_199' title='bbox 774 1486 898 1513; x_wconf 86' lang='lat' dir='ltr'>certum</span> <span class='ocrx_word' id='word_1_200' title='bbox 927 1488 990 1513; x_wconf 87' lang='lat' dir='ltr'>est:</span> <span class='ocrx_word' id='word_1_201' title='bbox 1025 1482 1097 1521; x_wconf 90' lang='lat' dir='ltr'>quis</span> <span class='ocrx_word' id='word_1_202' title='bbox 1132 1492 1206 1523; x_wconf 86' lang='lat' dir='ltr'>ergo</span> <span class='ocrx_word' id='word_1_203' title='bbox 1243 1492 1304 1513; x_wconf 86' lang='lat' dir='ltr'>uon</span> 
     </span>
     <span class='ocr_line' id='line_1_31' title="bbox 349 1523 1304 1565; baseline -0.001 -9"><span class='ocrx_word' id='word_1_204' title='bbox 349 1529 508 1556; x_wconf 86' lang='lat' dir='ltr'>amentem</span> <span class='ocrx_word' id='word_1_205' title='bbox 532 1533 605 1554; x_wconf 90' lang='lat' dir='ltr'>eum</span> <span class='ocrx_word' id='word_1_206' title='bbox 629 1523 828 1561; x_wconf 84' lang='lat' dir='ltr'>iudicaverit,</span> <span class='ocrx_word' id='word_1_207' title='bbox 857 1524 911 1564; x_wconf 88' lang='lat' dir='ltr'>qui</span> <span class='ocrx_word' id='word_1_208' title='bbox 934 1524 1017 1564; x_wconf 91' lang='lat' dir='ltr'>quod</span> <span class='ocrx_word' id='word_1_209' title='bbox 1041 1525 1178 1565; x_wconf 84' lang='lat' dir='ltr'>caligare</span> <span class='ocrx_word' id='word_1_210' title='bbox 1200 1525 1304 1565; x_wconf 87' lang='lat' dir='ltr'>ipsum</span> 
     </span>
     <span class='ocr_line' id='line_1_32' title="bbox 350 1566 1304 1608; baseline -0.001 -9"><span class='ocrx_word' id='word_1_211' title='bbox 350 1568 453 1604; x_wconf 87' lang='lat' dir='ltr'>faciat,</span> <span class='ocrx_word' id='word_1_212' title='bbox 476 1566 648 1597; x_wconf 88' lang='lat' dir='ltr'>obscurum</span> <span class='ocrx_word' id='word_1_213' title='bbox 671 1576 740 1598; x_wconf 88' lang='grc'>0550</span> <span class='ocrx_word' id='word_1_214' title='bbox 764 1566 909 1598; x_wconf 77' lang='lat' dir='ltr'>dixerit?</span> <span class='ocrx_word' id='word_1_215' title='bbox 954 1568 1007 1599; x_wconf 87' lang='lat' dir='ltr'>An</span> <span class='ocrx_word' id='word_1_216' title='bbox 1038 1567 1108 1598; x_wconf 93' lang='lat' dir='ltr'>idco</span> <span class='ocrx_word' id='word_1_217' title='bbox 1131 1567 1213 1608; x_wconf 90' lang='lat' dir='ltr'>quod</span> <span class='ocrx_word' id='word_1_218' title='bbox 1235 1567 1304 1607; x_wconf 88' lang='lat' dir='ltr'>qui-</span> 
     </span>
     <span class='ocr_line' id='line_1_33' title="bbox 349 1608 1305 1648; baseline -0.001 -6"><span class='ocrx_word' id='word_1_219' title='bbox 349 1611 422 1642; x_wconf 88' lang='lat' dir='ltr'>dam</span> <span class='ocrx_word' id='word_1_220' title='bbox 447 1610 477 1640; x_wconf 90' lang='lat' dir='ltr'>in</span> <span class='ocrx_word' id='word_1_221' title='bbox 502 1608 579 1639; x_wconf 87' lang='lat' dir='ltr'>solis</span> <span class='ocrx_word' id='word_1_222' title='bbox 602 1608 790 1648; x_wconf 86' lang='lat' dir='ltr'>purissimos</span> <span class='ocrx_word' id='word_1_223' title='bbox 820 1609 926 1641; x_wconf 87' lang='lat' dir='ltr'>radios</span> <span class='ocrx_word' id='word_1_224' title='bbox 955 1610 1064 1641; x_wconf 87' lang='lat' dir='ltr'>oculos</span> <span class='ocrx_word' id='word_1_225' title='bbox 1092 1610 1305 1647; x_wconf 68' lang='lat' dir='ltr'>conficientes,</span> 
     </span>
     <span class='ocr_line' id='line_1_34' title="bbox 348 1652 1306 1693; baseline -0.001 -9"><span class='ocrx_word' id='word_1_226' title='bbox 348 1653 388 1684; x_wconf 91' lang='lat' dir='ltr'>iis</span> <span class='ocrx_word' id='word_1_227' title='bbox 411 1653 456 1684; x_wconf 86' lang='lat' dir='ltr'>sic</span> <span class='ocrx_word' id='word_1_228' title='bbox 475 1652 656 1682; x_wconf 86' lang='lat' dir='ltr'>afficiantur</span> <span class='ocrx_word' id='word_1_229' title='bbox 677 1657 710 1682; x_wconf 90' lang='lat' dir='ltr'>ut</span> <span class='ocrx_word' id='word_1_230' title='bbox 733 1652 817 1683; x_wconf 88' lang='lat' dir='ltr'>ferre</span> <span class='ocrx_word' id='word_1_231' title='bbox 835 1658 1000 1692; x_wconf 90' lang='lat' dir='ltr'>aspectum</span> <span class='ocrx_word' id='word_1_232' title='bbox 1020 1653 1119 1693; x_wconf 87' lang='lat' dir='ltr'>ipsius</span> <span class='ocrx_word' id='word_1_233' title='bbox 1139 1657 1306 1693; x_wconf 87' lang='lat' dir='ltr'>nequeant,</span> 
     </span>
     <span class='ocr_line' id='line_1_35' title="bbox 349 1694 1307 1736; baseline 0.001 -10"><span class='ocrx_word' id='word_1_234' title='bbox 349 1701 522 1736; x_wconf 88' lang='lat' dir='ltr'>propterea</span> <span class='ocrx_word' id='word_1_235' title='bbox 556 1694 761 1725; x_wconf 80' lang='lat' dir='ltr'>imbecillitas</span> <span class='ocrx_word' id='word_1_236' title='bbox 795 1694 849 1725; x_wconf 88' lang='lat' dir='ltr'>illa</span> <span class='ocrx_word' id='word_1_237' title='bbox 885 1696 1036 1727; x_wconf 89' lang='lat' dir='ltr'>virtutem</span> <span class='ocrx_word' id='word_1_238' title='bbox 1070 1695 1158 1726; x_wconf 87' lang='lat' dir='ltr'>illius</span> <span class='ocrx_word' id='word_1_239' title='bbox 1193 1701 1307 1727; x_wconf 87' lang='lat' dir='ltr'>natura</span> 
     </span>
     <span class='ocr_line' id='line_1_36' title="bbox 349 1737 1307 1777; baseline -0.001 -7"><span class='ocrx_word' id='word_1_240' title='bbox 349 1749 407 1770; x_wconf 87' lang='lat' dir='ltr'>sua</span> <span class='ocrx_word' id='word_1_241' title='bbox 431 1737 545 1769; x_wconf 83' lang='lat' dir='ltr'>bonam</span> <span class='ocrx_word' id='word_1_242' title='bbox 569 1737 724 1777; x_wconf 83' lang='lat' dir='ltr'>infringet</span> <span class='ocrx_word' id='word_1_243' title='bbox 746 1743 778 1768; x_wconf 88' lang='lat' dir='ltr'>et</span> <span class='ocrx_word' id='word_1_244' title='bbox 802 1737 1002 1769; x_wconf 80' lang='lat' dir='ltr'>debilitabit?</span> <span class='ocrx_word' id='word_1_245' title='bbox 1027 1738 1072 1769; x_wconf 90' lang='lat' dir='ltr'>At</span> <span class='ocrx_word' id='word_1_246' title='bbox 1094 1739 1121 1769; x_wconf 85' lang='lat' dir='ltr'>si</span> <span class='ocrx_word' id='word_1_247' title='bbox 1146 1744 1235 1769; x_wconf 85' lang='lat' dir='ltr'>tanta</span> <span class='ocrx_word' id='word_1_248' title='bbox 1260 1738 1307 1770; x_wconf 92' lang='lat' dir='ltr'>vis</span> 
     </span>
     <span class='ocr_line' id='line_1_37' title="bbox 350 1779 1307 1821; baseline 0 -9"><span class='ocrx_word' id='word_1_249' title='bbox 350 1787 399 1813; x_wconf 90' lang='lat' dir='ltr'>est</span> <span class='ocrx_word' id='word_1_250' title='bbox 422 1779 616 1811; x_wconf 88' lang='lat' dir='ltr'>insensibilis</span> <span class='ocrx_word' id='word_1_251' title='bbox 638 1784 811 1818; x_wconf 86' lang='lat' dir='ltr'>creaturae,</span> <span class='ocrx_word' id='word_1_252' title='bbox 830 1786 865 1810; x_wconf 88' lang='lat' dir='ltr'>ut</span> <span class='ocrx_word' id='word_1_253' title='bbox 888 1781 1006 1812; x_wconf 86' lang='lat' dir='ltr'>nostris</span> <span class='ocrx_word' id='word_1_254' title='bbox 1025 1780 1126 1813; x_wconf 88' lang='lat' dir='ltr'>oculis</span> <span class='ocrx_word' id='word_1_255' title='bbox 1145 1787 1307 1821; x_wconf 83' lang='lat' dir='ltr'>stuporem</span> 
     </span>
     <span class='ocr_line' id='line_1_38' title="bbox 350 1821 1308 1864; baseline 0 -9"><span class='ocrx_word' id='word_1_256' title='bbox 350 1823 483 1861; x_wconf 83' lang='lat' dir='ltr'>adferat,</span> <span class='ocrx_word' id='word_1_257' title='bbox 507 1829 538 1853; x_wconf 92' lang='lat' dir='ltr'>ct</span> <span class='ocrx_word' id='word_1_258' title='bbox 560 1821 698 1862; x_wconf 86' lang='lat' dir='ltr'>caligine</span> <span class='ocrx_word' id='word_1_259' title='bbox 718 1823 927 1863; x_wconf 85' lang='lat' dir='ltr'>perstringat,</span> <span class='ocrx_word' id='word_1_260' title='bbox 950 1823 1026 1863; x_wconf 89' lang='lat' dir='ltr'>quid</span> <span class='ocrx_word' id='word_1_261' title='bbox 1050 1825 1192 1855; x_wconf 86' lang='lat' dir='ltr'>futurum</span> <span class='ocrx_word' id='word_1_262' title='bbox 1216 1829 1308 1864; x_wconf 85' lang='lat' dir='ltr'>puta-</span> 
     </span>
     <span class='ocr_line' id='line_1_39' title="bbox 351 1865 1308 1907; baseline 0.001 -10"><span class='ocrx_word' id='word_1_263' title='bbox 351 1876 422 1897; x_wconf 88' lang='lat' dir='ltr'>mus</span> <span class='ocrx_word' id='word_1_264' title='bbox 445 1866 472 1897; x_wconf 92' lang='lat' dir='ltr'>si</span> <span class='ocrx_word' id='word_1_265' title='bbox 497 1865 559 1896; x_wconf 91' lang='lat' dir='ltr'>Dei</span> <span class='ocrx_word' id='word_1_266' title='bbox 592 1865 689 1896; x_wconf 87' lang='lat' dir='ltr'>veluti</span> <span class='ocrx_word' id='word_1_267' title='bbox 724 1866 902 1905; x_wconf 85' lang='lat' dir='ltr'>penetralia</span> <span class='ocrx_word' id='word_1_268' title='bbox 934 1866 1070 1898; x_wconf 88' lang='lat' dir='ltr'>scrutari</span> <span class='ocrx_word' id='word_1_269' title='bbox 1103 1866 1308 1907; x_wconf 86' lang='lat' dir='ltr'>voluerimus,</span> 
     </span>
     <span class='ocr_line' id='line_1_40' title="bbox 351 1907 1308 1949; baseline 0 -9"><span class='ocrx_word' id='word_1_270' title='bbox 351 1915 387 1940; x_wconf 91' lang='lat' dir='ltr'>ut</span> <span class='ocrx_word' id='word_1_271' title='bbox 419 1909 557 1940; x_wconf 83' lang='lat' dir='ltr'>rationes</span> <span class='ocrx_word' id='word_1_272' title='bbox 589 1907 777 1939; x_wconf 89' lang='lat' dir='ltr'>iudiciorum</span> <span class='ocrx_word' id='word_1_273' title='bbox 810 1909 911 1947; x_wconf 87' lang='lat' dir='ltr'>ipsius</span> <span class='ocrx_word' id='word_1_274' title='bbox 940 1919 1019 1949; x_wconf 88' lang='lat' dir='ltr'>quas</span> <span class='ocrx_word' id='word_1_275' title='bbox 1051 1918 1120 1940; x_wconf 87' lang='lat' dir='ltr'>esse</span> <span class='ocrx_word' id='word_1_276' title='bbox 1144 1909 1233 1940; x_wconf 74' lang='lat' dir='ltr'>nobis</span> <span class='ocrx_word' id='word_1_277' title='bbox 1257 1920 1308 1940; x_wconf 90' lang='lat' dir='ltr'>oc-</span> 
     </span>
     <span class='ocr_line' id='line_1_41' title="bbox 351 1950 1308 1990; baseline -0.001 -7"><span class='ocrx_word' id='word_1_278' title='bbox 351 1951 454 1984; x_wconf 87' lang='lat' dir='ltr'>cultas</span> <span class='ocrx_word' id='word_1_279' title='bbox 478 1950 586 1989; x_wconf 87' lang='lat' dir='ltr'>voluit,</span> <span class='ocrx_word' id='word_1_280' title='bbox 614 1950 828 1990; x_wconf 81' lang='lat' dir='ltr'>exploremus,</span> <span class='ocrx_word' id='word_1_281' title='bbox 859 1956 890 1981; x_wconf 88' lang='lat' dir='ltr'>et</span> <span class='ocrx_word' id='word_1_282' title='bbox 920 1951 959 1983; x_wconf 90' lang='lat' dir='ltr'>ad</span> <span class='ocrx_word' id='word_1_283' title='bbox 989 1951 1087 1983; x_wconf 88' lang='lat' dir='ltr'>nostri</span> <span class='ocrx_word' id='word_1_284' title='bbox 1112 1951 1218 1982; x_wconf 91' lang='lat' dir='ltr'>iudicii</span> <span class='ocrx_word' id='word_1_285' title='bbox 1243 1962 1308 1982; x_wconf 94' lang='lat' dir='ltr'>mo-</span> 
     </span>
     <span class='ocr_line' id='line_1_42' title="bbox 351 1992 1309 2034; baseline -0.001 -9"><span class='ocrx_word' id='word_1_286' title='bbox 351 1994 462 2025; x_wconf 90' lang='lat' dir='ltr'>dulum</span> <span class='ocrx_word' id='word_1_287' title='bbox 494 1992 737 2034; x_wconf 84' lang='lat' dir='ltr'>appendamus?</span> <span class='ocrx_word' id='word_1_288' title='bbox 784 1992 894 2032; x_wconf 84' lang='lat' dir='ltr'>Quare</span> <span class='ocrx_word' id='word_1_289' title='bbox 918 2004 981 2025; x_wconf 90' lang='lat' dir='ltr'>una</span> <span class='ocrx_word' id='word_1_290' title='bbox 1004 1993 1082 2026; x_wconf 86' lang='lat' dir='ltr'>haee</span> <span class='ocrx_word' id='word_1_291' title='bbox 1106 1994 1185 2025; x_wconf 81' lang='lat' dir='ltr'>ratio</span> <span class='ocrx_word' id='word_1_292' title='bbox 1209 1995 1309 2025; x_wconf 81' lang='lat' dir='ltr'>instar</span> 
     </span>
     <span class='ocr_line' id='line_1_43' title="bbox 350 2034 1310 2077; baseline 0 -10"><span class='ocrx_word' id='word_1_293' title='bbox 350 2037 494 2068; x_wconf 77' lang='lat' dir='ltr'>omnium</span> <span class='ocrx_word' id='word_1_294' title='bbox 529 2041 612 2074; x_wconf 87' lang='lat' dir='ltr'>esto,</span> <span class='ocrx_word' id='word_1_295' title='bbox 648 2034 754 2066; x_wconf 87' lang='lat' dir='ltr'>Deum</span> <span class='ocrx_word' id='word_1_296' title='bbox 790 2036 956 2067; x_wconf 87' lang='lat' dir='ltr'>iubentem</span> <span class='ocrx_word' id='word_1_297' title='bbox 991 2036 1099 2077; x_wconf 87' lang='lat' dir='ltr'>puniri</span> <span class='ocrx_word' id='word_1_298' title='bbox 1130 2043 1310 2076; x_wconf 87' lang='lat' dir='ltr'>peccatores</span> 
     </span>
     <span class='ocr_line' id='line_1_44' title="bbox 350 2079 1310 2119; baseline -0.001 -8"><span class='ocrx_word' id='word_1_299' title='bbox 350 2090 479 2111; x_wconf 89' lang='lat' dir='ltr'>suorum</span> <span class='ocrx_word' id='word_1_300' title='bbox 504 2079 694 2110; x_wconf 89' lang='lat' dir='ltr'>iudiciorum</span> <span class='ocrx_word' id='word_1_301' title='bbox 719 2088 816 2118; x_wconf 85' lang='lat' dir='ltr'>penes</span> <span class='ocrx_word' id='word_1_302' title='bbox 840 2089 873 2110; x_wconf 90' lang='grc'>50</span> <span class='ocrx_word' id='word_1_303' title='bbox 897 2089 1008 2111; x_wconf 81' lang='lat' dir='ltr'>causas</span> <span class='ocrx_word' id='word_1_304' title='bbox 1029 2079 1154 2115; x_wconf 87' lang='lat' dir='ltr'>habere,</span> <span class='ocrx_word' id='word_1_305' title='bbox 1180 2079 1210 2109; x_wconf 93' lang='lat' dir='ltr'>in</span> <span class='ocrx_word' id='word_1_306' title='bbox 1231 2090 1310 2119; x_wconf 85' lang='lat' dir='ltr'>quae</span> 
     </span>
     <span class='ocr_line' id='line_1_45' title="bbox 351 2120 1310 2162; baseline -0.002 -9"><span class='ocrx_word' id='word_1_307' title='bbox 351 2122 523 2162; x_wconf 83' lang='lat' dir='ltr'>inquirere,</span> <span class='ocrx_word' id='word_1_308' title='bbox 553 2127 586 2152; x_wconf 90' lang='lat' dir='ltr'>et</span> <span class='ocrx_word' id='word_1_309' title='bbox 608 2120 721 2152; x_wconf 87' lang='lat' dir='ltr'>iisdem</span> <span class='ocrx_word' id='word_1_310' title='bbox 745 2120 872 2161; x_wconf 91' lang='lat' dir='ltr'>obloqui</span> <span class='ocrx_word' id='word_1_311' title='bbox 897 2122 986 2153; x_wconf 84' lang='lat' dir='ltr'>nefas</span> <span class='ocrx_word' id='word_1_312' title='bbox 1010 2122 1060 2153; x_wconf 89' lang='lat' dir='ltr'>sit.</span> <span class='ocrx_word' id='word_1_313' title='bbox 1105 2121 1212 2153; x_wconf 90' lang='lat' dir='ltr'>Hodie</span> <span class='ocrx_word' id='word_1_314' title='bbox 1237 2133 1310 2152; x_wconf 86' lang='lat' dir='ltr'>vero</span> 
     </span>
     <span class='ocr_line' id='line_1_46' title="bbox 352 2163 1310 2205; baseline -0.002 -9"><span class='ocrx_word' id='word_1_315' title='bbox 352 2165 426 2196; x_wconf 90' lang='lat' dir='ltr'>licet</span> <span class='ocrx_word' id='word_1_316' title='bbox 456 2174 521 2195; x_wconf 90' lang='lat' dir='ltr'>non</span> <span class='ocrx_word' id='word_1_317' title='bbox 553 2164 668 2194; x_wconf 89' lang='lat' dir='ltr'>dentur</span> <span class='ocrx_word' id='word_1_318' title='bbox 698 2163 878 2195; x_wconf 84' lang='lat' dir='ltr'>istiusmodi</span> <span class='ocrx_word' id='word_1_319' title='bbox 910 2165 1066 2205; x_wconf 87' lang='lat' dir='ltr'>speciales</span> <span class='ocrx_word' id='word_1_320' title='bbox 1090 2164 1310 2204; x_wconf 77' lang='lat' dir='ltr'>revelationes,</span> 
     </span>
     <span class='ocr_line' id='line_1_47' title="bbox 352 2206 1310 2247; baseline -0.001 -9"><span class='ocrx_word' id='word_1_321' title='bbox 352 2207 467 2247; x_wconf 85' lang='lat' dir='ltr'>quibus</span> <span class='ocrx_word' id='word_1_322' title='bbox 492 2207 577 2237; x_wconf 88' lang='lat' dir='ltr'>hunc</span> <span class='ocrx_word' id='word_1_323' title='bbox 600 2206 651 2237; x_wconf 88' lang='lat' dir='ltr'>vel</span> <span class='ocrx_word' id='word_1_324' title='bbox 676 2206 766 2237; x_wconf 93' lang='lat' dir='ltr'>illum</span> <span class='ocrx_word' id='word_1_325' title='bbox 791 2207 842 2237; x_wconf 89' lang='lat' dir='ltr'>vel</span> <span class='ocrx_word' id='word_1_326' title='bbox 867 2206 950 2237; x_wconf 89' lang='lat' dir='ltr'>bello</span> <span class='ocrx_word' id='word_1_327' title='bbox 974 2206 1238 2247; x_wconf 87' lang='lat' dir='ltr'>persequendum,</span> <span class='ocrx_word' id='word_1_328' title='bbox 1260 2207 1310 2238; x_wconf 90' lang='lat' dir='ltr'>vel</span> 
     </span>
     <span class='ocr_line' id='line_1_48' title="bbox 352 2249 1310 2291; baseline -0.002 -10"><span class='ocrx_word' id='word_1_329' title='bbox 352 2249 576 2290; x_wconf 88' lang='lat' dir='ltr'>castigandum</span> <span class='ocrx_word' id='word_1_330' title='bbox 599 2260 667 2280; x_wconf 86' lang='grc'>0550</span> <span class='ocrx_word' id='word_1_331' title='bbox 689 2249 777 2281; x_wconf 88' lang='lat' dir='ltr'>Deus</span> <span class='ocrx_word' id='word_1_332' title='bbox 802 2249 960 2288; x_wconf 88' lang='lat' dir='ltr'>ostendat,</span> <span class='ocrx_word' id='word_1_333' title='bbox 984 2250 1096 2291; x_wconf 86' lang='lat' dir='ltr'>regula</span> <span class='ocrx_word' id='word_1_334' title='bbox 1121 2256 1225 2280; x_wconf 89' lang='lat' dir='ltr'>tamen</span> <span class='ocrx_word' id='word_1_335' title='bbox 1251 2250 1310 2280; x_wconf 74' lang='lat' dir='ltr'>ista</span> 
     </span>
     <span class='ocr_line' id='line_1_49' title="bbox 354 2291 1310 2332; baseline -0.003 -7"><span class='ocrx_word' id='word_1_336' title='bbox 354 2292 519 2325; x_wconf 80' lang='lat' dir='ltr'>communi</span> <span class='ocrx_word' id='word_1_337' title='bbox 542 2298 710 2323; x_wconf 82' lang='lat' dir='ltr'>contentos</span> <span class='ocrx_word' id='word_1_338' title='bbox 734 2302 803 2323; x_wconf 84' lang='grc'>0550</span> <span class='ocrx_word' id='word_1_339' title='bbox 827 2303 884 2323; x_wconf 88' lang='grc'>1105</span> <span class='ocrx_word' id='word_1_340' title='bbox 907 2299 1042 2332; x_wconf 88' lang='lat' dir='ltr'>oportet,</span> <span class='ocrx_word' id='word_1_341' title='bbox 1067 2302 1180 2332; x_wconf 87' lang='lat' dir='ltr'>nempe</span> <span class='ocrx_word' id='word_1_342' title='bbox 1207 2291 1310 2323; x_wconf 86' lang='lat' dir='ltr'>Deum</span> 
     </span>
     <span class='ocr_line' id='line_1_50' title="bbox 354 2334 1311 2376; baseline -0.001 -10"><span class='ocrx_word' id='word_1_343' title='bbox 354 2335 433 2367; x_wconf 84' lang='lat' dir='ltr'>satis</span> <span class='ocrx_word' id='word_1_344' title='bbox 456 2339 565 2375; x_wconf 84' lang='lat' dir='ltr'>aperte</span> <span class='ocrx_word' id='word_1_345' title='bbox 590 2340 654 2365; x_wconf 86' lang='lat' dir='ltr'>tam</span> <span class='ocrx_word' id='word_1_346' title='bbox 679 2335 711 2365; x_wconf 89' lang='lat' dir='ltr'>in</span> <span class='ocrx_word' id='word_1_347' title='bbox 737 2334 900 2376; x_wconf 85' lang='lat' dir='ltr'>Decalogo</span> <span class='ocrx_word' id='word_1_348' title='bbox 923 2345 1017 2375; x_wconf 91' lang='lat' dir='ltr'>quam</span> <span class='ocrx_word' id='word_1_349' title='bbox 1043 2341 1108 2366; x_wconf 90' lang='lat' dir='ltr'>toto</span> <span class='ocrx_word' id='word_1_350' title='bbox 1132 2335 1230 2366; x_wconf 89' lang='lat' dir='ltr'>verbo</span> <span class='ocrx_word' id='word_1_351' title='bbox 1254 2345 1311 2365; x_wconf 90' lang='lat' dir='ltr'>suo</span> 
     </span>
     <span class='ocr_line' id='line_1_51' title="bbox 354 2376 1311 2418; baseline -0.002 -9"><span class='ocrx_word' id='word_1_352' title='bbox 354 2378 473 2418; x_wconf 81' lang='lat' dir='ltr'>passim</span> <span class='ocrx_word' id='word_1_353' title='bbox 498 2376 686 2414; x_wconf 85' lang='lat' dir='ltr'>declarasse,</span> <span class='ocrx_word' id='word_1_354' title='bbox 711 2377 888 2417; x_wconf 90' lang='lat' dir='ltr'>puniendos</span> <span class='ocrx_word' id='word_1_355' title='bbox 912 2385 1106 2418; x_wconf 82' lang='lat' dir='ltr'>peccatores,</span> <span class='ocrx_word' id='word_1_356' title='bbox 1135 2384 1167 2409; x_wconf 85' lang='lat' dir='ltr'>et</span> <span class='ocrx_word' id='word_1_357' title='bbox 1189 2377 1311 2408; x_wconf 84' lang='lat' dir='ltr'>facino-</span> 
     </span>
     <span class='ocr_line' id='line_1_52' title="bbox 354 2419 1311 2460; baseline -0.002 -8"><span class='ocrx_word' id='word_1_358' title='bbox 354 2431 442 2452; x_wconf 86' lang='lat' dir='ltr'>rosos</span> <span class='ocrx_word' id='word_1_359' title='bbox 472 2430 489 2451; x_wconf 86' lang='lat' dir='ltr'>e</span> <span class='ocrx_word' id='word_1_360' title='bbox 523 2419 626 2451; x_wconf 87' lang='lat' dir='ltr'>medio</span> <span class='ocrx_word' id='word_1_361' title='bbox 661 2419 826 2457; x_wconf 85' lang='lat' dir='ltr'>tollendos,</span> <span class='ocrx_word' id='word_1_362' title='bbox 862 2431 964 2460; x_wconf 89' lang='lat' dir='ltr'>neque</span> <span class='ocrx_word' id='word_1_363' title='bbox 993 2421 1057 2452; x_wconf 90' lang='lat' dir='ltr'>illis</span> <span class='ocrx_word' id='word_1_364' title='bbox 1090 2420 1155 2451; x_wconf 84' lang='lat' dir='ltr'>ulla</span> <span class='ocrx_word' id='word_1_365' title='bbox 1188 2420 1311 2451; x_wconf 85' lang='lat' dir='ltr'>ratione</span> 
     </span>
     <span class='ocr_line' id='line_1_53' title="bbox 354 2462 1312 2503; baseline -0.002 -9"><span class='ocrx_word' id='word_1_366' title='bbox 354 2463 566 2503; x_wconf 85' lang='lat' dir='ltr'>parcendum:</span> <span class='ocrx_word' id='word_1_367' title='bbox 599 2468 630 2493; x_wconf 90' lang='lat' dir='ltr'>et</span> <span class='ocrx_word' id='word_1_368' title='bbox 661 2463 841 2494; x_wconf 87' lang='lat' dir='ltr'>revocanda</span> <span class='ocrx_word' id='word_1_369' title='bbox 864 2463 898 2494; x_wconf 92' lang='lat' dir='ltr'>in</span> <span class='ocrx_word' id='word_1_370' title='bbox 922 2464 1107 2495; x_wconf 87' lang='lat' dir='ltr'>memoriam</span> <span class='ocrx_word' id='word_1_371' title='bbox 1131 2462 1312 2495; x_wconf 86' lang='lat' dir='ltr'>Solomonis</span> 
     </span>
     <span class='ocr_line' id='line_1_54' title="bbox 355 2504 1313 2546; baseline -0.001 -10"><span class='ocrx_word' id='word_1_372' title='bbox 355 2506 409 2536; x_wconf 90' lang='lat' dir='ltr'>illa</span> <span class='ocrx_word' id='word_1_373' title='bbox 438 2505 615 2537; x_wconf 88' lang='lat' dir='ltr'>sententia:</span> <span class='ocrx_word' id='word_1_374' title='bbox 645 2505 731 2536; x_wconf 89' lang='lat' dir='ltr'>Eum</span> <span class='ocrx_word' id='word_1_375' title='bbox 762 2506 816 2545; x_wconf 91' lang='lat' dir='ltr'>qui</span> <span class='ocrx_word' id='word_1_376' title='bbox 845 2505 998 2537; x_wconf 87' lang='lat' dir='ltr'>iustificat</span> <span class='ocrx_word' id='word_1_377' title='bbox 1028 2506 1172 2546; x_wconf 86' lang='lat' dir='ltr'>impium,</span> <span class='ocrx_word' id='word_1_378' title='bbox 1203 2504 1313 2545; x_wconf 85' lang='lat' dir='ltr'>etqui</span> 
     </span>
     <span class='ocr_line' id='line_1_55' title="bbox 356 2547 1311 2588; baseline -0.001 -9"><span class='ocrx_word' id='word_1_379' title='bbox 356 2548 488 2579; x_wconf 85' lang='lat' dir='ltr'>damnat</span> <span class='ocrx_word' id='word_1_380' title='bbox 510 2549 642 2586; x_wconf 90' lang='lat' dir='ltr'>iustum,</span> <span class='ocrx_word' id='word_1_381' title='bbox 662 2552 834 2588; x_wconf 89' lang='lat' dir='ltr'>utrumque</span> <span class='ocrx_word' id='word_1_382' title='bbox 853 2559 922 2580; x_wconf 86' lang='lat' dir='ltr'>esse</span> <span class='ocrx_word' id='word_1_383' title='bbox 940 2547 1187 2580; x_wconf 88' lang='lat' dir='ltr'>abominabilem</span> <span class='ocrx_word' id='word_1_384' title='bbox 1205 2557 1311 2580; x_wconf 83' lang='lat' dir='ltr'>coram</span> 
     </span>
     <span class='ocr_line' id='line_1_56' title="bbox 359 2589 1312 2632; baseline 0 -11"><span class='ocrx_word' id='word_1_385' title='bbox 359 2590 435 2622; x_wconf 84' lang='lat' dir='ltr'>Deo.</span> <span class='ocrx_word' id='word_1_386' title='bbox 481 2591 568 2622; x_wconf 83' lang='lat' dir='ltr'>Sane</span> <span class='ocrx_word' id='word_1_387' title='bbox 592 2591 762 2623; x_wconf 87' lang='lat' dir='ltr'>fatebimur</span> <span class='ocrx_word' id='word_1_388' title='bbox 784 2601 905 2632; x_wconf 87' lang='lat' dir='ltr'>omnes,</span> <span class='ocrx_word' id='word_1_389' title='bbox 928 2591 954 2623; x_wconf 88' lang='lat' dir='ltr'>si</span> <span class='ocrx_word' id='word_1_390' title='bbox 977 2591 1048 2631; x_wconf 92' lang='lat' dir='ltr'>quis</span> <span class='ocrx_word' id='word_1_391' title='bbox 1070 2592 1180 2622; x_wconf 87' lang='lat' dir='ltr'>insons</span> <span class='ocrx_word' id='word_1_392' title='bbox 1203 2589 1312 2630; x_wconf 90' lang='lat' dir='ltr'>punia-</span> 
     </span>
     <span class='ocr_line' id='line_1_57' title="bbox 357 2632 1311 2670; baseline 0 -6"><span class='ocrx_word' id='word_1_393' title='bbox 357 2638 418 2670; x_wconf 91' lang='lat' dir='ltr'>tur,</span> <span class='ocrx_word' id='word_1_394' title='bbox 448 2633 672 2665; x_wconf 88' lang='lat' dir='ltr'>crudelitatem</span> <span class='ocrx_word' id='word_1_395' title='bbox 703 2638 736 2665; x_wconf 89' lang='lat' dir='ltr'>et</span> <span class='ocrx_word' id='word_1_396' title='bbox 766 2634 934 2665; x_wconf 87' lang='lat' dir='ltr'>saevitiam</span> <span class='ocrx_word' id='word_1_397' title='bbox 957 2634 1094 2666; x_wconf 91' lang='lat' dir='ltr'>nimium</span> <span class='ocrx_word' id='word_1_398' title='bbox 1117 2632 1311 2666; x_wconf 88' lang='lat' dir='ltr'>insolentem</span> 
     </span>
    </p>
   </div>
   <div class='ocr_carea' id='block_1_5' title="bbox 1169 190 1484 223">
    <p class='ocr_par' dir='ltr' id='par_1_5' title="bbox 1169 190 1484 223">
     <span class='ocr_line' id='line_1_58' title="bbox 1169 190 1484 223; baseline -0.003 -1"><span class='ocrx_word' id='word_1_399' title='bbox 1169 190 1367 223; x_wconf 75' lang='lat' dir='ltr'>HOMILIA</span> <span class='ocrx_word' id='word_1_400' title='bbox 1391 190 1484 223; x_wconf 89' lang='lat' dir='ltr'>LIII.</span> 
     </span>
    </p>
   </div>
   <div class='ocr_carea' id='block_1_6' title="bbox 1326 709 1332 1304">
    <p class='ocr_par' dir='ltr' id='par_1_6' title="bbox 1326 709 1332 1304">
     <span class='ocr_line' id='line_1_59' title="bbox 1326 709 1332 1304; baseline 0 0"><span class='ocrx_word' id='word_1_401' title='bbox 1326 709 1332 1304; x_wconf 95' lang='lat' dir='ltr'> </span> 
     </span>
    </p>
   </div>
   <div class='ocr_carea' id='block_1_7' title="bbox 1331 1625 1340 2610">
    <p class='ocr_par' dir='ltr' id='par_1_7' title="bbox 1331 1625 1340 2610">
     <span class='ocr_line' id='line_1_60' title="bbox 1331 1625 1340 2610; baseline 0 0"><span class='ocrx_word' id='word_1_402' title='bbox 1331 1625 1340 2610; x_wconf 95' lang='lat' dir='ltr'> </span> 
     </span>
    </p>
   </div>
   <div class='ocr_carea' id='block_1_8' title="bbox 2247 189 2306 223">
    <p class='ocr_par' dir='ltr' id='par_1_8' title="bbox 2247 189 2306 223">
     <span class='ocr_line' id='line_1_61' title="bbox 2247 189 2306 223; baseline 0.034 -2"><span class='ocrx_word' id='word_1_403' title='bbox 2247 189 2306 223; x_wconf 85' lang='lat'>108</span> 
     </span>
    </p>
   </div>
   <div class='ocr_carea' id='block_1_9' title="bbox 1352 283 2318 2674">
    <p class='ocr_par' dir='ltr' id='par_1_9' title="bbox 1352 283 2313 1005">
     <span class='ocr_line' id='line_1_62' title="bbox 1352 283 2308 324; baseline -0.002 -9"><span class='ocrx_word' id='word_1_404' title='bbox 1352 284 1498 316; x_wconf 84' lang='lat' dir='ltr'>admitti:</span> <span class='ocrx_word' id='word_1_405' title='bbox 1528 283 1582 314; x_wconf 86' lang='lat' dir='ltr'>sed</span> <span class='ocrx_word' id='word_1_406' title='bbox 1612 293 1675 314; x_wconf 91' lang='lat' dir='ltr'>non</span> <span class='ocrx_word' id='word_1_407' title='bbox 1706 294 1831 324; x_wconf 70' lang='lat' dir='ltr'>semper</span> <span class='ocrx_word' id='word_1_408' title='bbox 1854 284 2110 316; x_wconf 81' lang='lat' dir='ltr'>existimabimus</span> <span class='ocrx_word' id='word_1_409' title='bbox 2133 291 2308 324; x_wconf 83' lang='lat' dir='ltr'>peccatum,</span> 
     </span>
     <span class='ocr_line' id='line_1_63' title="bbox 1352 326 2306 367; baseline -0.002 -9"><span class='ocrx_word' id='word_1_410' title='bbox 1352 329 1378 358; x_wconf 84' lang='lat' dir='ltr'>si</span> <span class='ocrx_word' id='word_1_411' title='bbox 1393 328 1463 367; x_wconf 84' lang='lat' dir='ltr'>quis</span> <span class='ocrx_word' id='word_1_412' title='bbox 1477 327 1594 367; x_wconf 68' lang='lat' dir='ltr'>impius</span> <span class='ocrx_word' id='word_1_413' title='bbox 1618 333 1648 356; x_wconf 89' lang='lat' dir='ltr'>et</span> <span class='ocrx_word' id='word_1_414' title='bbox 1672 326 1855 358; x_wconf 85' lang='lat' dir='ltr'>incredulus</span> <span class='ocrx_word' id='word_1_415' title='bbox 1879 326 2007 357; x_wconf 87' lang='lat' dir='ltr'>tollatur</span> <span class='ocrx_word' id='word_1_416' title='bbox 2030 335 2086 358; x_wconf 90' lang='lat' dir='ltr'>aut</span> <span class='ocrx_word' id='word_1_417' title='bbox 2108 326 2306 358; x_wconf 84' lang='lat' dir='ltr'>iustificetur.</span> 
     </span>
     <span class='ocr_line' id='line_1_64' title="bbox 1352 368 2306 410; baseline -0.002 -9"><span class='ocrx_word' id='word_1_418' title='bbox 1352 370 1462 410; x_wconf 81' lang='lat' dir='ltr'>Atqui,</span> <span class='ocrx_word' id='word_1_419' title='bbox 1485 370 1587 409; x_wconf 87' lang='lat' dir='ltr'>iuquit</span> <span class='ocrx_word' id='word_1_420' title='bbox 1612 368 1774 405; x_wconf 69' lang='grc'>8010111011,</span> <span class='ocrx_word' id='word_1_421' title='bbox 1806 369 1914 401; x_wconf 84' lang='lat' dir='ltr'>eodeni</span> <span class='ocrx_word' id='word_1_422' title='bbox 1948 370 2075 409; x_wconf 90' lang='lat' dir='ltr'>utrique</span> <span class='ocrx_word' id='word_1_423' title='bbox 2105 369 2238 401; x_wconf 88' lang='lat' dir='ltr'>crimine</span> <span class='ocrx_word' id='word_1_424' title='bbox 2262 369 2306 400; x_wconf 89' lang='lat' dir='ltr'>rei</span> 
     </span>
     <span class='ocr_line' id='line_1_65' title="bbox 1353 411 2305 453; baseline -0.002 -10"><span class='ocrx_word' id='word_1_425' title='bbox 1353 420 1512 443; x_wconf 89' lang='lat' dir='ltr'>tenentur.</span> <span class='ocrx_word' id='word_1_426' title='bbox 1550 411 1632 442; x_wconf 81' lang='lat' dir='ltr'>Nam</span> <span class='ocrx_word' id='word_1_427' title='bbox 1657 411 1730 442; x_wconf 85' lang='lat' dir='ltr'>alibi</span> <span class='ocrx_word' id='word_1_428' title='bbox 1751 411 1826 442; x_wconf 89' lang='lat' dir='ltr'>dicit</span> <span class='ocrx_word' id='word_1_429' title='bbox 1842 412 1998 443; x_wconf 75' lang='lat' dir='ltr'>Dominus</span> <span class='ocrx_word' id='word_1_430' title='bbox 2023 423 2078 452; x_wconf 86' lang='lat' dir='ltr'>per</span> <span class='ocrx_word' id='word_1_431' title='bbox 2102 411 2305 453; x_wconf 87' lang='lat' dir='ltr'>prophetam:</span> 
     </span>
     <span class='ocr_line' id='line_1_66' title="bbox 1352 453 2307 494; baseline 0.001 -10"><span class='ocrx_word' id='word_1_432' title='bbox 1352 454 1422 486; x_wconf 87' lang='lat' dir='ltr'>Vae</span> <span class='ocrx_word' id='word_1_433' title='bbox 1446 454 1567 485; x_wconf 87' lang='lat' dir='ltr'>homini</span> <span class='ocrx_word' id='word_1_434' title='bbox 1592 455 1644 494; x_wconf 85' lang='lat' dir='ltr'>qui</span> <span class='ocrx_word' id='word_1_435' title='bbox 1665 454 1741 485; x_wconf 87' lang='lat' dir='ltr'>dicit</span> <span class='ocrx_word' id='word_1_436' title='bbox 1761 455 1878 485; x_wconf 86' lang='lat' dir='ltr'>malum</span> <span class='ocrx_word' id='word_1_437' title='bbox 1900 465 1968 486; x_wconf 84' lang='lat' dir='ltr'>esse</span> <span class='ocrx_word' id='word_1_438' title='bbox 1988 455 2116 493; x_wconf 80' lang='lat' dir='ltr'>bonum,</span> <span class='ocrx_word' id='word_1_439' title='bbox 2140 461 2171 486; x_wconf 85' lang='lat' dir='ltr'>et</span> <span class='ocrx_word' id='word_1_440' title='bbox 2190 453 2307 485; x_wconf 83' lang='lat' dir='ltr'>bonum</span> 
     </span>
     <span class='ocr_line' id='line_1_67' title="bbox 1352 497 2308 537; baseline 0 -9"><span class='ocrx_word' id='word_1_441' title='bbox 1352 497 1484 529; x_wconf 88' lang='lat' dir='ltr'>malum.</span> <span class='ocrx_word' id='word_1_442' title='bbox 1520 498 1606 528; x_wconf 69' lang='lat' dir='ltr'>Sane</span> <span class='ocrx_word' id='word_1_443' title='bbox 1626 505 1835 536; x_wconf 82' lang='lat' dir='ltr'>utrorumque</span> <span class='ocrx_word' id='word_1_444' title='bbox 1850 508 1906 537; x_wconf 88' lang='lat' dir='ltr'>par</span> <span class='ocrx_word' id='word_1_445' title='bbox 1925 506 1973 528; x_wconf 86' lang='lat' dir='ltr'>est</span> <span class='ocrx_word' id='word_1_446' title='bbox 1992 498 2151 529; x_wconf 88' lang='lat' dir='ltr'>iudicium.</span> <span class='ocrx_word' id='word_1_447' title='bbox 2189 497 2308 536; x_wconf 80' lang='lat' dir='ltr'>Quem-</span> 
     </span>
     <span class='ocr_line' id='line_1_68' title="bbox 1353 539 2307 579; baseline -0.001 -8"><span class='ocrx_word' id='word_1_448' title='bbox 1353 539 1524 571; x_wconf 81' lang='lat' dir='ltr'>admodum</span> <span class='ocrx_word' id='word_1_449' title='bbox 1556 540 1640 570; x_wconf 83' lang='lat' dir='ltr'>cnim</span> <span class='ocrx_word' id='word_1_450' title='bbox 1672 539 1791 570; x_wconf 73' lang='lat' dir='ltr'>malum</span> <span class='ocrx_word' id='word_1_451' title='bbox 1821 540 1924 571; x_wconf 67' lang='lat' dir='ltr'>odisse</span> <span class='ocrx_word' id='word_1_452' title='bbox 1953 540 2114 579; x_wconf 81' lang='lat' dir='ltr'>debemus,</span> <span class='ocrx_word' id='word_1_453' title='bbox 2147 547 2178 570; x_wconf 90' lang='lat' dir='ltr'>et</span> <span class='ocrx_word' id='word_1_454' title='bbox 2208 550 2261 571; x_wconf 87' lang='grc'>005</span> <span class='ocrx_word' id='word_1_455' title='bbox 2289 549 2307 570; x_wconf 84' lang='lat' dir='ltr'>a</span> 
     </span>
     <span class='ocr_line' id='line_1_69' title="bbox 1352 581 2306 623; baseline 0.001 -10"><span class='ocrx_word' id='word_1_456' title='bbox 1352 581 1467 623; x_wconf 91' lang='lat' dir='ltr'>quibus</span> <span class='ocrx_word' id='word_1_457' title='bbox 1490 582 1687 613; x_wconf 81' lang='lat' dir='ltr'>admittitur:</span> <span class='ocrx_word' id='word_1_458' title='bbox 1714 582 1758 612; x_wconf 80' lang='lat' dir='ltr'>sic</span> <span class='ocrx_word' id='word_1_459' title='bbox 1782 583 1877 613; x_wconf 81' lang='lat' dir='ltr'>etiam</span> <span class='ocrx_word' id='word_1_460' title='bbox 1901 583 1981 614; x_wconf 82' lang='lat' dir='ltr'>scire</span> <span class='ocrx_word' id='word_1_461' title='bbox 2005 583 2112 614; x_wconf 87' lang='lat' dir='ltr'>Deum</span> <span class='ocrx_word' id='word_1_462' title='bbox 2136 593 2237 622; x_wconf 85' lang='lat' dir='ltr'>neque</span> <span class='ocrx_word' id='word_1_463' title='bbox 2262 589 2306 614; x_wconf 88' lang='lat' dir='ltr'>to-</span> 
     </span>
     <span class='ocr_line' id='line_1_70' title="bbox 1353 624 2306 666; baseline 0 -10"><span class='ocrx_word' id='word_1_464' title='bbox 1353 626 1539 662; x_wconf 86' lang='lat' dir='ltr'>leraturum,</span> <span class='ocrx_word' id='word_1_465' title='bbox 1564 634 1665 664; x_wconf 88' lang='lat' dir='ltr'>neque</span> <span class='ocrx_word' id='word_1_466' title='bbox 1689 624 1864 664; x_wconf 84' lang='lat' dir='ltr'>impunitos</span> <span class='ocrx_word' id='word_1_467' title='bbox 1888 625 2073 656; x_wconf 89' lang='lat' dir='ltr'>relicturum</span> <span class='ocrx_word' id='word_1_468' title='bbox 2098 636 2152 658; x_wconf 88' lang='lat' dir='ltr'>eos</span> <span class='ocrx_word' id='word_1_469' title='bbox 2169 627 2222 666; x_wconf 92' lang='lat' dir='ltr'>qui</span> <span class='ocrx_word' id='word_1_470' title='bbox 2247 625 2306 656; x_wconf 91' lang='lat' dir='ltr'>im-</span> 
     </span>
     <span class='ocr_line' id='line_1_71' title="bbox 1353 667 2306 709; baseline -0.001 -11"><span class='ocrx_word' id='word_1_471' title='bbox 1353 669 1422 708; x_wconf 90' lang='lat' dir='ltr'>pios</span> <span class='ocrx_word' id='word_1_472' title='bbox 1453 667 1646 698; x_wconf 78' lang='lat' dir='ltr'>iustificam:</span> <span class='ocrx_word' id='word_1_473' title='bbox 1678 672 1710 696; x_wconf 86' lang='lat' dir='ltr'>et</span> <span class='ocrx_word' id='word_1_474' title='bbox 1740 669 1927 706; x_wconf 85' lang='lat' dir='ltr'>praesertim</span> <span class='ocrx_word' id='word_1_475' title='bbox 1959 668 1998 698; x_wconf 87' lang='lat' dir='ltr'>ab</span> <span class='ocrx_word' id='word_1_476' title='bbox 2026 670 2062 699; x_wconf 80' lang='lat' dir='ltr'>iis</span> <span class='ocrx_word' id='word_1_477' title='bbox 2092 669 2144 709; x_wconf 91' lang='lat' dir='ltr'>qui</span> <span class='ocrx_word' id='word_1_478' title='bbox 2177 669 2236 699; x_wconf 92' lang='lat' dir='ltr'>iuri</span> <span class='ocrx_word' id='word_1_479' title='bbox 2261 668 2306 698; x_wconf 79' lang='lat' dir='ltr'>di-</span> 
     </span>
     <span class='ocr_line' id='line_1_72' title="bbox 1353 709 2306 750; baseline 0 -9"><span class='ocrx_word' id='word_1_480' title='bbox 1353 710 1457 742; x_wconf 89' lang='lat' dir='ltr'>cundo</span> <span class='ocrx_word' id='word_1_481' title='bbox 1482 709 1630 749; x_wconf 80' lang='lat' dir='ltr'>praefecti</span> <span class='ocrx_word' id='word_1_482' title='bbox 1655 717 1729 740; x_wconf 89' lang='lat' dir='ltr'>sunt</span> <span class='ocrx_word' id='word_1_483' title='bbox 1761 710 1915 740; x_wconf 78' lang='lat' dir='ltr'>rationem</span> <span class='ocrx_word' id='word_1_484' title='bbox 1949 712 2169 750; x_wconf 81' lang='lat' dir='ltr'>repetiturum,</span> <span class='ocrx_word' id='word_1_485' title='bbox 2199 712 2224 741; x_wconf 78' lang='grc'>51</span> <span class='ocrx_word' id='word_1_486' title='bbox 2250 712 2306 741; x_wconf 86' lang='grc'>1111-</span> 
     </span>
     <span class='ocr_line' id='line_1_73' title="bbox 1353 751 2307 794; baseline 0.001 -10"><span class='ocrx_word' id='word_1_487' title='bbox 1353 753 1422 794; x_wconf 85' lang='lat' dir='ltr'>pios</span> <span class='ocrx_word' id='word_1_488' title='bbox 1446 752 1651 783; x_wconf 84' lang='lat' dir='ltr'>toleraverint</span> <span class='ocrx_word' id='word_1_489' title='bbox 1683 760 1712 782; x_wconf 86' lang='lat' dir='ltr'>et</span> <span class='ocrx_word' id='word_1_490' title='bbox 1742 751 1790 782; x_wconf 83' lang='lat' dir='ltr'>ius</span> <span class='ocrx_word' id='word_1_491' title='bbox 1821 755 2043 793; x_wconf 82' lang='lat' dir='ltr'>perverterint,</span> <span class='ocrx_word' id='word_1_492' title='bbox 2072 764 2174 794; x_wconf 83' lang='lat' dir='ltr'>neque</span> <span class='ocrx_word' id='word_1_493' title='bbox 2199 764 2307 794; x_wconf 86' lang='lat' dir='ltr'>passu-</span> 
     </span>
     <span class='ocr_line' id='line_1_74' title="bbox 1354 794 2309 835; baseline 0 -8"><span class='ocrx_word' id='word_1_494' title='bbox 1354 807 1423 827; x_wconf 90' lang='lat' dir='ltr'>rum</span> <span class='ocrx_word' id='word_1_495' title='bbox 1449 803 1483 826; x_wconf 92' lang='lat' dir='ltr'>ut</span> <span class='ocrx_word' id='word_1_496' title='bbox 1505 794 1596 826; x_wconf 79' lang='lat' dir='ltr'>sedes</span> <span class='ocrx_word' id='word_1_497' title='bbox 1620 794 1675 825; x_wconf 88' lang='lat' dir='ltr'>illa</span> <span class='ocrx_word' id='word_1_498' title='bbox 1698 794 1735 825; x_wconf 89' lang='lat' dir='ltr'>ad</span> <span class='ocrx_word' id='word_1_499' title='bbox 1760 804 1854 833; x_wconf 86' lang='lat' dir='ltr'>quam</span> <span class='ocrx_word' id='word_1_500' title='bbox 1874 795 1959 835; x_wconf 85' lang='lat' dir='ltr'>ipsos</span> <span class='ocrx_word' id='word_1_501' title='bbox 1977 797 2085 826; x_wconf 76' lang='lat' dir='ltr'>evexit</span> <span class='ocrx_word' id='word_1_502' title='bbox 2104 796 2147 827; x_wconf 89' lang='lat' dir='ltr'>ita</span> <span class='ocrx_word' id='word_1_503' title='bbox 2166 796 2309 828; x_wconf 71' lang='lat' dir='ltr'>foedetur</span> 
     </span>
     <span class='ocr_line' id='line_1_75' title="bbox 1354 837 2311 874; baseline 0.001 -5"><span class='ocrx_word' id='word_1_504' title='bbox 1354 838 1528 874; x_wconf 69' lang='lat' dir='ltr'>iniustitia,</span> <span class='ocrx_word' id='word_1_505' title='bbox 1561 837 1633 868; x_wconf 88' lang='lat' dir='ltr'>licet</span> <span class='ocrx_word' id='word_1_506' title='bbox 1667 847 1736 868; x_wconf 88' lang='lat' dir='ltr'>eam</span> <span class='ocrx_word' id='word_1_507' title='bbox 1774 838 1918 868; x_wconf 79' lang='lat' dir='ltr'>homines</span> <span class='ocrx_word' id='word_1_508' title='bbox 1951 838 2170 869; x_wconf 86' lang='lat' dir='ltr'>dissimulent:</span> <span class='ocrx_word' id='word_1_509' title='bbox 2211 846 2243 870; x_wconf 91' lang='lat' dir='ltr'>et</span> <span class='ocrx_word' id='word_1_510' title='bbox 2274 842 2311 870; x_wconf 82' lang='lat' dir='ltr'>ut</span> 
     </span>
     <span class='ocr_line' id='line_1_76' title="bbox 1354 880 2311 921; baseline 0.001 -10"><span class='ocrx_word' id='word_1_511' title='bbox 1354 881 1461 921; x_wconf 86' lang='lat' dir='ltr'>gladio</span> <span class='ocrx_word' id='word_1_512' title='bbox 1493 880 1668 911; x_wconf 89' lang='lat' dir='ltr'>abutantur</span> <span class='ocrx_word' id='word_1_513' title='bbox 1699 889 1794 919; x_wconf 89' lang='lat' dir='ltr'>quem</span> <span class='ocrx_word' id='word_1_514' title='bbox 1827 880 1902 920; x_wconf 80' lang='lat' dir='ltr'>ipsis</span> <span class='ocrx_word' id='word_1_515' title='bbox 1927 880 1964 911; x_wconf 84' lang='lat' dir='ltr'>ad</span> <span class='ocrx_word' id='word_1_516' title='bbox 1989 881 2089 912; x_wconf 89' lang='lat' dir='ltr'>malos</span> <span class='ocrx_word' id='word_1_517' title='bbox 2112 881 2311 919; x_wconf 77' lang='lat' dir='ltr'>coercendos,</span> 
     </span>
     <span class='ocr_line' id='line_1_77' title="bbox 1357 922 2313 963; baseline 0.001 -9"><span class='ocrx_word' id='word_1_518' title='bbox 1357 925 1458 955; x_wconf 84' lang='lat' dir='ltr'>bonos</span> <span class='ocrx_word' id='word_1_519' title='bbox 1482 930 1587 954; x_wconf 89' lang='lat' dir='ltr'>autem</span> <span class='ocrx_word' id='word_1_520' title='bbox 1613 922 1776 959; x_wconf 85' lang='lat' dir='ltr'>tutandos,</span> <span class='ocrx_word' id='word_1_521' title='bbox 1801 923 1969 958; x_wconf 73' lang='lat' dir='ltr'>commisit,</span> <span class='ocrx_word' id='word_1_522' title='bbox 1993 931 2024 954; x_wconf 87' lang='lat' dir='ltr'>et</span> <span class='ocrx_word' id='word_1_523' title='bbox 2049 924 2224 963; x_wconf 83' lang='lat' dir='ltr'>legatorum</span> <span class='ocrx_word' id='word_1_524' title='bbox 2244 934 2313 955; x_wconf 91' lang='lat' dir='ltr'>suo-</span> 
     </span>
     <span class='ocr_line' id='line_1_78' title="bbox 1356 965 2108 1005; baseline 0 -8"><span class='ocrx_word' id='word_1_525' title='bbox 1356 977 1426 997; x_wconf 92' lang='lat' dir='ltr'>rum</span> <span class='ocrx_word' id='word_1_526' title='bbox 1452 966 1538 997; x_wconf 89' lang='lat' dir='ltr'>vices</span> <span class='ocrx_word' id='word_1_527' title='bbox 1562 965 1621 996; x_wconf 86' lang='lat' dir='ltr'>hac</span> <span class='ocrx_word' id='word_1_528' title='bbox 1644 965 1677 996; x_wconf 88' lang='lat' dir='ltr'>in</span> <span class='ocrx_word' id='word_1_529' title='bbox 1701 972 1791 1005; x_wconf 90' lang='lat' dir='ltr'>parte</span> <span class='ocrx_word' id='word_1_530' title='bbox 1815 966 1973 997; x_wconf 76' lang='lat' dir='ltr'>sustinere</span> <span class='ocrx_word' id='word_1_531' title='bbox 1998 966 2108 997; x_wconf 88' lang='lat' dir='ltr'>voluit.</span> 
     </span>
    </p>

    <p class='ocr_par' dir='ltr' id='par_1_10' title="bbox 1354 1007 2318 2674">
     <span class='ocr_line' id='line_1_79' title="bbox 1439 1007 2310 1049; baseline -0.001 -9"><span class='ocrx_word' id='word_1_532' title='bbox 1439 1008 1483 1040; x_wconf 89' lang='lat' dir='ltr'>Et</span> <span class='ocrx_word' id='word_1_533' title='bbox 1507 1008 1545 1039; x_wconf 89' lang='lat' dir='ltr'>de</span> <span class='ocrx_word' id='word_1_534' title='bbox 1567 1008 1636 1039; x_wconf 86' lang='lat' dir='ltr'>istis</span> <span class='ocrx_word' id='word_1_535' title='bbox 1659 1007 1830 1039; x_wconf 86' lang='lat' dir='ltr'>hactenus:</span> <span class='ocrx_word' id='word_1_536' title='bbox 1860 1019 2033 1049; x_wconf 85' lang='lat' dir='ltr'>pergamus</span> <span class='ocrx_word' id='word_1_537' title='bbox 2062 1009 2102 1040; x_wconf 88' lang='lat' dir='ltr'>ad</span> <span class='ocrx_word' id='word_1_538' title='bbox 2125 1008 2233 1040; x_wconf 85' lang='lat' dir='ltr'>Saulis</span> <span class='ocrx_word' id='word_1_539' title='bbox 2256 1020 2310 1040; x_wconf 83' lang='lat' dir='ltr'>ex-</span> 
     </span>
     <span class='ocr_line' id='line_1_80' title="bbox 1354 1050 2313 1092; baseline 0 -9"><span class='ocrx_word' id='word_1_540' title='bbox 1354 1052 1546 1088; x_wconf 84' lang='lat' dir='ltr'>cusationes,</span> <span class='ocrx_word' id='word_1_541' title='bbox 1565 1057 1597 1081; x_wconf 90' lang='lat' dir='ltr'>et</span> <span class='ocrx_word' id='word_1_542' title='bbox 1615 1050 1775 1082; x_wconf 85' lang='lat' dir='ltr'>consuetis</span> <span class='ocrx_word' id='word_1_543' title='bbox 1794 1050 1916 1082; x_wconf 85' lang='lat' dir='ltr'>artibus</span> <span class='ocrx_word' id='word_1_544' title='bbox 1936 1052 1974 1082; x_wconf 92' lang='lat' dir='ltr'>iis</span> <span class='ocrx_word' id='word_1_545' title='bbox 1993 1052 2044 1092; x_wconf 89' lang='lat' dir='ltr'>qui</span> <span class='ocrx_word' id='word_1_546' title='bbox 2065 1051 2178 1083; x_wconf 87' lang='lat' dir='ltr'>cedere</span> <span class='ocrx_word' id='word_1_547' title='bbox 2197 1051 2313 1084; x_wconf 82' lang='lat' dir='ltr'>nolunt</span> 
     </span>
     <span class='ocr_line' id='line_1_81' title="bbox 1355 1092 2312 1126; baseline 0.001 -1"><span class='ocrx_word' id='word_1_548' title='bbox 1355 1100 1498 1125; x_wconf 87' lang='lat' dir='ltr'>utentem</span> <span class='ocrx_word' id='word_1_549' title='bbox 1540 1104 1613 1124; x_wconf 90' lang='lat' dir='ltr'>eum</span> <span class='ocrx_word' id='word_1_550' title='bbox 1654 1092 1831 1124; x_wconf 84' lang='lat' dir='ltr'>audiamus.</span> <span class='ocrx_word' id='word_1_551' title='bbox 1888 1093 1956 1124; x_wconf 85' lang='lat' dir='ltr'>Iam</span> <span class='ocrx_word' id='word_1_552' title='bbox 1997 1102 2091 1125; x_wconf 86' lang='lat' dir='ltr'>antea</span> <span class='ocrx_word' id='word_1_553' title='bbox 2131 1094 2312 1126; x_wconf 78' lang='lat' dir='ltr'>deteximus</span> 
     </span>
     <span class='ocr_line' id='line_1_82' title="bbox 1355 1136 2310 1186; baseline 0 -18"><span class='ocrx_word' id='word_1_554' title='bbox 1355 1138 1455 1178; x_wconf 89' lang='lat' dir='ltr'>ipsius</span> <span class='ocrx_word' id='word_1_555' title='bbox 1479 1136 1674 1176; x_wconf 86' lang='lat' dir='ltr'>hypocrisin,</span> <span class='ocrx_word' id='word_1_556' title='bbox 1700 1146 1796 1176; x_wconf 90' lang='lat' dir='ltr'>quum</span> <span class='ocrx_word' id='word_1_557' title='bbox 1821 1136 1852 1166; x_wconf 90' lang='lat' dir='ltr'>in</span> <span class='ocrx_word' id='word_1_558' title='bbox 1878 1136 2029 1185; x_wconf 77' lang='lat' dir='ltr'>populum</span> <span class='ocrx_word' id='word_1_559' title='bbox 2054 1137 2162 1168; x_wconf 86' lang='lat' dir='ltr'>reiecit</span> <span class='ocrx_word' id='word_1_560' title='bbox 2185 1137 2310 1186; x_wconf 83' lang='lat' dir='ltr'>culpam</span> 
     </span>
     <span class='ocr_line' id='line_1_83' title="bbox 1355 1177 2311 1220; baseline 0 -9"><span class='ocrx_word' id='word_1_561' title='bbox 1355 1190 1418 1220; x_wconf 90' lang='lat' dir='ltr'>qua</span> <span class='ocrx_word' id='word_1_562' title='bbox 1448 1180 1516 1219; x_wconf 88' lang='lat' dir='ltr'>ipse</span> <span class='ocrx_word' id='word_1_563' title='bbox 1545 1177 1722 1210; x_wconf 87' lang='lat' dir='ltr'>tenebatur.</span> <span class='ocrx_word' id='word_1_564' title='bbox 1768 1178 1897 1210; x_wconf 76' lang='lat' dir='ltr'>Sciebat</span> <span class='ocrx_word' id='word_1_565' title='bbox 1927 1180 2012 1210; x_wconf 91' lang='lat' dir='ltr'>enim</span> <span class='ocrx_word' id='word_1_566' title='bbox 2044 1180 2175 1212; x_wconf 78' lang='lat' dir='ltr'>Samuel</span> <span class='ocrx_word' id='word_1_567' title='bbox 2207 1181 2311 1220; x_wconf 88' lang='lat' dir='ltr'>ipsum</span> 
     </span>
     <span class='ocr_line' id='line_1_84' title="bbox 1356 1221 2311 1262; baseline -0.001 -8"><span class='ocrx_word' id='word_1_568' title='bbox 1356 1233 1426 1254; x_wconf 88' lang='lat' dir='ltr'>esse</span> <span class='ocrx_word' id='word_1_569' title='bbox 1457 1232 1547 1252; x_wconf 91' lang='lat' dir='ltr'>reum</span> <span class='ocrx_word' id='word_1_570' title='bbox 1579 1222 1645 1252; x_wconf 90' lang='lat' dir='ltr'>eius</span> <span class='ocrx_word' id='word_1_571' title='bbox 1674 1221 1765 1252; x_wconf 87' lang='lat' dir='ltr'>cuius</span> <span class='ocrx_word' id='word_1_572' title='bbox 1788 1221 1940 1262; x_wconf 87' lang='lat' dir='ltr'>populum</span> <span class='ocrx_word' id='word_1_573' title='bbox 1965 1223 2141 1254; x_wconf 88' lang='lat' dir='ltr'>accusabat.</span> <span class='ocrx_word' id='word_1_574' title='bbox 2187 1222 2311 1254; x_wconf 90' lang='lat' dir='ltr'>Nihilo·</span> 
     </span>
     <span class='ocr_line' id='line_1_85' title="bbox 1357 1263 2311 1305; baseline -0.001 -8"><span class='ocrx_word' id='word_1_575' title='bbox 1357 1266 1465 1297; x_wconf 89' lang='lat' dir='ltr'>minus</span> <span class='ocrx_word' id='word_1_576' title='bbox 1488 1271 1594 1295; x_wconf 85' lang='lat' dir='ltr'>tamen</span> <span class='ocrx_word' id='word_1_577' title='bbox 1619 1263 1771 1304; x_wconf 88' lang='lat' dir='ltr'>populum</span> <span class='ocrx_word' id='word_1_578' title='bbox 1796 1271 1948 1304; x_wconf 83' lang='lat' dir='ltr'>tanquam</span> <span class='ocrx_word' id='word_1_579' title='bbox 1972 1270 2143 1305; x_wconf 87' lang='lat' dir='ltr'>patronum</span> <span class='ocrx_word' id='word_1_580' title='bbox 2167 1266 2311 1304; x_wconf 83' lang='lat' dir='ltr'>advocat,</span> 
     </span>
     <span class='ocr_line' id='line_1_86' title="bbox 1358 1307 2313 1349; baseline 0 -10"><span class='ocrx_word' id='word_1_581' title='bbox 1358 1318 1421 1349; x_wconf 89' lang='lat' dir='ltr'>qua</span> <span class='ocrx_word' id='word_1_582' title='bbox 1444 1307 1476 1338; x_wconf 92' lang='lat' dir='ltr'>in</span> <span class='ocrx_word' id='word_1_583' title='bbox 1502 1317 1535 1338; x_wconf 89' lang='lat' dir='ltr'>re</span> <span class='ocrx_word' id='word_1_584' title='bbox 1559 1317 1592 1338; x_wconf 90' lang='lat' dir='ltr'>se</span> <span class='ocrx_word' id='word_1_585' title='bbox 1617 1307 1749 1338; x_wconf 88' lang='lat' dir='ltr'>mirifice</span> <span class='ocrx_word' id='word_1_586' title='bbox 1770 1318 1888 1338; x_wconf 87' lang='lat' dir='ltr'>vanum</span> <span class='ocrx_word' id='word_1_587' title='bbox 1909 1316 1941 1338; x_wconf 87' lang='lat' dir='ltr'>et</span> <span class='ocrx_word' id='word_1_588' title='bbox 1959 1307 2144 1340; x_wconf 87' lang='lat' dir='ltr'>mendacem</span> <span class='ocrx_word' id='word_1_589' title='bbox 2163 1307 2313 1347; x_wconf 86' lang='lat' dir='ltr'>ostendit,</span> 
     </span>
     <span class='ocr_line' id='line_1_87' title="bbox 1357 1333 2313 1400; baseline 0 -18"><span class='ocrx_word' id='word_1_590' title='bbox 1357 1351 1411 1400; x_wconf 80' lang='lat' dir='ltr'>qui</span> <span class='ocrx_word' id='word_1_591' title='bbox 1434 1349 1543 1381; x_wconf 89' lang='lat' dir='ltr'>Deum</span> <span class='ocrx_word' id='word_1_592' title='bbox 1571 1349 1688 1380; x_wconf 83' lang='lat' dir='ltr'>infanti</span> <span class='ocrx_word' id='word_1_593' title='bbox 1719 1350 1857 1380; x_wconf 86' lang='lat' dir='ltr'>similem</span> <span class='ocrx_word' id='word_1_594' title='bbox 1885 1351 2056 1388; x_wconf 84' lang='lat' dir='ltr'>existimet,</span> <span class='ocrx_word' id='word_1_595' title='bbox 2088 1351 2163 1382; x_wconf 91' lang='lat' dir='ltr'>dum</span> <span class='ocrx_word' id='word_1_596' title='bbox 2194 1333 2313 1382; x_wconf 56' lang='lat' dir='ltr'>sactum,</span> 
     </span>
     <span class='ocr_line' id='line_1_88' title="bbox 1358 1392 2311 1434; baseline -0.001 -9"><span class='ocrx_word' id='word_1_597' title='bbox 1358 1394 1403 1425; x_wconf 89' lang='lat' dir='ltr'>ita</span> <span class='ocrx_word' id='word_1_598' title='bbox 1426 1392 1535 1424; x_wconf 87' lang='lat' dir='ltr'>fucare</span> <span class='ocrx_word' id='word_1_599' title='bbox 1567 1392 1690 1429; x_wconf 79' lang='lat' dir='ltr'>nititur,</span> <span class='ocrx_word' id='word_1_600' title='bbox 1721 1393 1812 1432; x_wconf 87' lang='lat' dir='ltr'>quasi</span> <span class='ocrx_word' id='word_1_601' title='bbox 1844 1392 1924 1424; x_wconf 88' lang='lat' dir='ltr'>nihil</span> <span class='ocrx_word' id='word_1_602' title='bbox 1947 1394 1980 1424; x_wconf 91' lang='lat' dir='ltr'>in</span> <span class='ocrx_word' id='word_1_603' title='bbox 2004 1403 2041 1424; x_wconf 86' lang='lat' dir='ltr'>eo</span> <span class='ocrx_word' id='word_1_604' title='bbox 2064 1395 2105 1425; x_wconf 86' lang='lat' dir='ltr'>sit</span> <span class='ocrx_word' id='word_1_605' title='bbox 2128 1399 2311 1434; x_wconf 86' lang='lat' dir='ltr'>perspectu-</span> 
     </span>
     <span class='ocr_line' id='line_1_89' title="bbox 1359 1434 2312 1483; baseline -0.001 -15"><span class='ocrx_word' id='word_1_606' title='bbox 1359 1447 1423 1468; x_wconf 90' lang='lat' dir='ltr'>rus.</span> <span class='ocrx_word' id='word_1_607' title='bbox 1470 1434 1533 1467; x_wconf 79' lang='lat' dir='ltr'>Sed</span> <span class='ocrx_word' id='word_1_608' title='bbox 1558 1434 1652 1475; x_wconf 88' lang='lat' dir='ltr'>longe</span> <span class='ocrx_word' id='word_1_609' title='bbox 1675 1445 1708 1466; x_wconf 87' lang='lat' dir='ltr'>se</span> <span class='ocrx_word' id='word_1_610' title='bbox 1731 1434 1999 1483; x_wconf 83' lang='lat' dir='ltr'>impudentiorem</span> <span class='ocrx_word' id='word_1_611' title='bbox 2023 1436 2139 1477; x_wconf 86' lang='lat' dir='ltr'>prodit,</span> <span class='ocrx_word' id='word_1_612' title='bbox 2162 1442 2194 1467; x_wconf 91' lang='lat' dir='ltr'>et</span> <span class='ocrx_word' id='word_1_613' title='bbox 2213 1436 2312 1477; x_wconf 83' lang='lat' dir='ltr'>hypo-</span> 
     </span>
     <span class='ocr_line' id='line_1_90' title="bbox 1359 1477 2312 1518; baseline -0.001 -7"><span class='ocrx_word' id='word_1_614' title='bbox 1359 1479 1456 1511; x_wconf 90' lang='lat' dir='ltr'>crisin</span> <span class='ocrx_word' id='word_1_615' title='bbox 1491 1478 1579 1518; x_wconf 85' lang='lat' dir='ltr'>tegit,</span> <span class='ocrx_word' id='word_1_616' title='bbox 1610 1487 1707 1518; x_wconf 92' lang='lat' dir='ltr'>quum</span> <span class='ocrx_word' id='word_1_617' title='bbox 1742 1478 1800 1509; x_wconf 86' lang='lat' dir='ltr'>ait:</span> <span class='ocrx_word' id='word_1_618' title='bbox 1836 1477 1970 1518; x_wconf 90' lang='lat' dir='ltr'>Implevi</span> <span class='ocrx_word' id='word_1_619' title='bbox 2007 1480 2139 1511; x_wconf 88' lang='lat' dir='ltr'>verbum</span> <span class='ocrx_word' id='word_1_620' title='bbox 2171 1479 2312 1511; x_wconf 88' lang='lat' dir='ltr'>Domini.</span> 
     </span>
     <span class='ocr_line' id='line_1_91' title="bbox 1359 1520 2311 1563; baseline -0.001 -9"><span class='ocrx_word' id='word_1_621' title='bbox 1359 1521 1442 1554; x_wconf 88' lang='lat' dir='ltr'>Nam</span> <span class='ocrx_word' id='word_1_622' title='bbox 1471 1521 1516 1552; x_wconf 85' lang='lat' dir='ltr'>ita</span> <span class='ocrx_word' id='word_1_623' title='bbox 1546 1520 1722 1561; x_wconf 85' lang='lat' dir='ltr'>prophetae</span> <span class='ocrx_word' id='word_1_624' title='bbox 1753 1520 1953 1552; x_wconf 84' lang='lat' dir='ltr'>mendacium</span> <span class='ocrx_word' id='word_1_625' title='bbox 1979 1522 2136 1563; x_wconf 84' lang='lat' dir='ltr'>impingit</span> <span class='ocrx_word' id='word_1_626' title='bbox 2182 1521 2243 1553; x_wconf 88' lang='lat' dir='ltr'>Ille</span> <span class='ocrx_word' id='word_1_627' title='bbox 2265 1526 2311 1553; x_wconf 85' lang='lat' dir='ltr'>ta·</span> 
     </span>
     <span class='ocr_line' id='line_1_92' title="bbox 1359 1563 2314 1605; baseline 0 -9"><span class='ocrx_word' id='word_1_628' title='bbox 1359 1575 1432 1596; x_wconf 89' lang='lat' dir='ltr'>men</span> <span class='ocrx_word' id='word_1_629' title='bbox 1463 1573 1572 1603; x_wconf 87' lang='lat' dir='ltr'>regem</span> <span class='ocrx_word' id='word_1_630' title='bbox 1603 1563 1864 1602; x_wconf 85' lang='lat' dir='ltr'>Amalecitarum‚</span> <span class='ocrx_word' id='word_1_631' title='bbox 1897 1564 1950 1594; x_wconf 90' lang='lat' dir='ltr'>ille</span> <span class='ocrx_word' id='word_1_632' title='bbox 1983 1575 2097 1605; x_wconf 84' lang='lat' dir='ltr'>greges</span> <span class='ocrx_word' id='word_1_633' title='bbox 2130 1565 2248 1602; x_wconf 90' lang='lat' dir='ltr'>ovium,</span> <span class='ocrx_word' id='word_1_634' title='bbox 2281 1569 2314 1596; x_wconf 85' lang='lat' dir='ltr'>et</span> 
     </span>
     <span class='ocr_line' id='line_1_93' title="bbox 1359 1605 2314 1647; baseline -0.001 -8"><span class='ocrx_word' id='word_1_635' title='bbox 1359 1611 1506 1639; x_wconf 88' lang='lat' dir='ltr'>armenta</span> <span class='ocrx_word' id='word_1_636' title='bbox 1529 1606 1624 1638; x_wconf 91' lang='lat' dir='ltr'>boum</span> <span class='ocrx_word' id='word_1_637' title='bbox 1654 1611 1846 1644; x_wconf 84' lang='lat' dir='ltr'>reservarat,</span> <span class='ocrx_word' id='word_1_638' title='bbox 1877 1612 1908 1638; x_wconf 89' lang='lat' dir='ltr'>et</span> <span class='ocrx_word' id='word_1_639' title='bbox 1937 1607 2038 1647; x_wconf 88' lang='lat' dir='ltr'>spolia</span> <span class='ocrx_word' id='word_1_640' title='bbox 2067 1613 2203 1647; x_wconf 85' lang='lat' dir='ltr'>ceperat.</span> <span class='ocrx_word' id='word_1_641' title='bbox 2249 1605 2314 1639; x_wconf 86' lang='lat' dir='ltr'>Sed</span> 
     </span>
     <span class='ocr_line' id='line_1_94' title="bbox 1359 1648 2314 1691; baseline 0 -10"><span class='ocrx_word' id='word_1_642' title='bbox 1359 1649 1517 1691; x_wconf 85' lang='lat' dir='ltr'>propheta</span> <span class='ocrx_word' id='word_1_643' title='bbox 1539 1650 1619 1680; x_wconf 83' lang='lat' dir='ltr'>satis</span> <span class='ocrx_word' id='word_1_644' title='bbox 1641 1649 1836 1680; x_wconf 87' lang='lat' dir='ltr'>monstravit</span> <span class='ocrx_word' id='word_1_645' title='bbox 1864 1660 1897 1681; x_wconf 87' lang='lat' dir='ltr'>se</span> <span class='ocrx_word' id='word_1_646' title='bbox 1928 1649 1966 1681; x_wconf 92' lang='lat' dir='ltr'>de</span> <span class='ocrx_word' id='word_1_647' title='bbox 1989 1660 2046 1681; x_wconf 89' lang='lat' dir='ltr'>suo</span> <span class='ocrx_word' id='word_1_648' title='bbox 2069 1650 2149 1681; x_wconf 91' lang='lat' dir='ltr'>nihil</span> <span class='ocrx_word' id='word_1_649' title='bbox 2173 1648 2314 1681; x_wconf 86' lang='lat' dir='ltr'>adferre:</span> 
     </span>
     <span class='ocr_line' id='line_1_95' title="bbox 1359 1692 2315 1733; baseline 0 -9"><span class='ocrx_word' id='word_1_650' title='bbox 1359 1693 1420 1724; x_wconf 91' lang='lat' dir='ltr'>Dei</span> <span class='ocrx_word' id='word_1_651' title='bbox 1444 1699 1571 1723; x_wconf 86' lang='lat' dir='ltr'>tantum</span> <span class='ocrx_word' id='word_1_652' title='bbox 1594 1702 1628 1723; x_wconf 86' lang='grc'>50</span> <span class='ocrx_word' id='word_1_653' title='bbox 1658 1692 1810 1723; x_wconf 87' lang='lat' dir='ltr'>nuncium</span> <span class='ocrx_word' id='word_1_654' title='bbox 1840 1702 1919 1730; x_wconf 86' lang='lat' dir='ltr'>esse,</span> <span class='ocrx_word' id='word_1_655' title='bbox 1949 1692 1988 1724; x_wconf 92' lang='lat' dir='ltr'>ad</span> <span class='ocrx_word' id='word_1_656' title='bbox 2018 1692 2206 1733; x_wconf 86' lang='lat' dir='ltr'>perferenda</span> <span class='ocrx_word' id='word_1_657' title='bbox 2235 1702 2315 1733; x_wconf 76' lang='lat' dir='ltr'>quae</span> 
     </span>
     <span class='ocr_line' id='line_1_96' title="bbox 1360 1734 2316 1776; baseline -0.001 -9"><span class='ocrx_word' id='word_1_658' title='bbox 1360 1735 1524 1776; x_wconf 85' lang='lat' dir='ltr'>superiore</span> <span class='ocrx_word' id='word_1_659' title='bbox 1547 1739 1639 1766; x_wconf 89' lang='lat' dir='ltr'>nocte</span> <span class='ocrx_word' id='word_1_660' title='bbox 1662 1745 1719 1774; x_wconf 88' lang='lat' dir='ltr'>per</span> <span class='ocrx_word' id='word_1_661' title='bbox 1742 1734 1970 1766; x_wconf 86' lang='lat' dir='ltr'>revelationem</span> <span class='ocrx_word' id='word_1_662' title='bbox 1983 1735 2134 1767; x_wconf 88' lang='lat' dir='ltr'>mandata</span> <span class='ocrx_word' id='word_1_663' title='bbox 2153 1734 2193 1766; x_wconf 89' lang='lat' dir='ltr'>ad</span> <span class='ocrx_word' id='word_1_664' title='bbox 2212 1735 2316 1776; x_wconf 88' lang='lat' dir='ltr'>ipsum</span> 
     </span>
     <span class='ocr_line' id='line_1_97' title="bbox 1360 1776 2315 1819; baseline 0 -10"><span class='ocrx_word' id='word_1_665' title='bbox 1360 1782 1539 1818; x_wconf 83' lang='lat' dir='ltr'>acceperat.</span> <span class='ocrx_word' id='word_1_666' title='bbox 1584 1776 1666 1808; x_wconf 83' lang='lat' dir='ltr'>Saul</span> <span class='ocrx_word' id='word_1_667' title='bbox 1696 1778 1803 1818; x_wconf 90' lang='lat' dir='ltr'>itaque</span> <span class='ocrx_word' id='word_1_668' title='bbox 1835 1787 1898 1809; x_wconf 93' lang='lat' dir='ltr'>non</span> <span class='ocrx_word' id='word_1_669' title='bbox 1922 1783 2045 1810; x_wconf 84' lang='lat' dir='ltr'>tantum</span> <span class='ocrx_word' id='word_1_670' title='bbox 2069 1778 2102 1809; x_wconf 89' lang='lat' dir='ltr'>in</span> <span class='ocrx_word' id='word_1_671' title='bbox 2126 1777 2315 1819; x_wconf 86' lang='lat' dir='ltr'>prophetam</span> 
     </span>
     <span class='ocr_line' id='line_1_98' title="bbox 1360 1820 2316 1862; baseline 0 -9"><span class='ocrx_word' id='word_1_672' title='bbox 1360 1821 1567 1862; x_wconf 85' lang='lat' dir='ltr'>arrogantius</span> <span class='ocrx_word' id='word_1_673' title='bbox 1589 1820 1775 1858; x_wconf 82' lang='lat' dir='ltr'>insurrexit,</span> <span class='ocrx_word' id='word_1_674' title='bbox 1809 1820 1865 1852; x_wconf 91' lang='lat' dir='ltr'>sed</span> <span class='ocrx_word' id='word_1_675' title='bbox 1895 1821 1926 1851; x_wconf 92' lang='lat' dir='ltr'>in</span> <span class='ocrx_word' id='word_1_676' title='bbox 1956 1821 2061 1862; x_wconf 89' lang='lat' dir='ltr'>ipsum</span> <span class='ocrx_word' id='word_1_677' title='bbox 2085 1820 2202 1859; x_wconf 88' lang='lat' dir='ltr'>Deum,</span> <span class='ocrx_word' id='word_1_678' title='bbox 2225 1820 2316 1861; x_wconf 76' lang='lat' dir='ltr'>quasi</span> 
     </span>
     <span class='ocr_line' id='line_1_99' title="bbox 1360 1863 2316 1904; baseline 0 -9"><span class='ocrx_word' id='word_1_679' title='bbox 1360 1863 1565 1896; x_wconf 84' lang='lat' dir='ltr'>mendacium</span> <span class='ocrx_word' id='word_1_680' title='bbox 1589 1863 1634 1894; x_wconf 87' lang='lat' dir='ltr'>illi</span> <span class='ocrx_word' id='word_1_681' title='bbox 1658 1863 1826 1904; x_wconf 87' lang='lat' dir='ltr'>impingat.</span> <span class='ocrx_word' id='word_1_682' title='bbox 1873 1863 1924 1895; x_wconf 88' lang='lat' dir='ltr'>En</span> <span class='ocrx_word' id='word_1_683' title='bbox 1947 1874 2008 1904; x_wconf 92' lang='lat' dir='ltr'>quo</span> <span class='ocrx_word' id='word_1_684' title='bbox 2032 1864 2191 1895; x_wconf 87' lang='lat' dir='ltr'>amentiae</span> <span class='ocrx_word' id='word_1_685' title='bbox 2214 1863 2316 1895; x_wconf 79' lang='lat' dir='ltr'>homi-</span> 
     </span>
     <span class='ocr_line' id='line_1_100' title="bbox 1360 1905 2316 1946; baseline -0.001 -7"><span class='ocrx_word' id='word_1_686' title='bbox 1360 1918 1417 1939; x_wconf 89' lang='lat' dir='ltr'>nes</span> <span class='ocrx_word' id='word_1_687' title='bbox 1441 1906 1624 1942; x_wconf 86' lang='lat' dir='ltr'>deveniant,</span> <span class='ocrx_word' id='word_1_688' title='bbox 1648 1916 1747 1946; x_wconf 90' lang='lat' dir='ltr'>quum</span> <span class='ocrx_word' id='word_1_689' title='bbox 1771 1907 1803 1937; x_wconf 87' lang='lat' dir='ltr'>in</span> <span class='ocrx_word' id='word_1_690' title='bbox 1824 1906 1964 1946; x_wconf 86' lang='lat' dir='ltr'>peccatis</span> <span class='ocrx_word' id='word_1_691' title='bbox 1987 1906 2217 1943; x_wconf 84' lang='lat' dir='ltr'>occalluerunt,</span> <span class='ocrx_word' id='word_1_692' title='bbox 2239 1905 2316 1938; x_wconf 80' lang='lat' dir='ltr'>Dei-</span> 
     </span>
     <span class='ocr_line' id='line_1_101' title="bbox 1360 1948 2316 1990; baseline -0.001 -9"><span class='ocrx_word' id='word_1_693' title='bbox 1360 1960 1421 1990; x_wconf 89' lang='lat' dir='ltr'>que</span> <span class='ocrx_word' id='word_1_694' title='bbox 1449 1948 1588 1980; x_wconf 88' lang='lat' dir='ltr'>tribunal</span> <span class='ocrx_word' id='word_1_695' title='bbox 1618 1948 1793 1989; x_wconf 88' lang='lat' dir='ltr'>refugiunt.</span> <span class='ocrx_word' id='word_1_696' title='bbox 1838 1949 1920 1980; x_wconf 91' lang='lat' dir='ltr'>Nam</span> <span class='ocrx_word' id='word_1_697' title='bbox 1950 1960 1984 1981; x_wconf 88' lang='grc'>50</span> <span class='ocrx_word' id='word_1_698' title='bbox 2006 1950 2039 1980; x_wconf 91' lang='lat' dir='ltr'>in</span> <span class='ocrx_word' id='word_1_699' title='bbox 2064 1960 2174 1981; x_wconf 86' lang='lat' dir='ltr'>omnes</span> <span class='ocrx_word' id='word_1_700' title='bbox 2196 1948 2316 1980; x_wconf 80' lang='lat' dir='ltr'>formas</span> 
     </span>
     <span class='ocr_line' id='line_1_102' title="bbox 1362 1991 2316 2032; baseline -0.001 -8"><span class='ocrx_word' id='word_1_701' title='bbox 1362 1997 1501 2029; x_wconf 89' lang='lat' dir='ltr'>vertunt,</span> <span class='ocrx_word' id='word_1_702' title='bbox 1532 1997 1562 2022; x_wconf 91' lang='lat' dir='ltr'>et</span> <span class='ocrx_word' id='word_1_703' title='bbox 1593 1991 1697 2032; x_wconf 86' lang='lat' dir='ltr'>longis</span> <span class='ocrx_word' id='word_1_704' title='bbox 1727 1991 1913 2032; x_wconf 87' lang='lat' dir='ltr'>ambagibus</span> <span class='ocrx_word' id='word_1_705' title='bbox 1943 2002 2056 2024; x_wconf 90' lang='lat' dir='ltr'>verum</span> <span class='ocrx_word' id='word_1_706' title='bbox 2081 1992 2159 2024; x_wconf 83' lang='lat' dir='ltr'>falso</span> <span class='ocrx_word' id='word_1_707' title='bbox 2182 1991 2316 2024; x_wconf 81' lang='lat' dir='ltr'>confun-</span> 
     </span>
     <span class='ocr_line' id='line_1_103' title="bbox 1361 2034 2315 2072; baseline -0.001 -5"><span class='ocrx_word' id='word_1_708' title='bbox 1361 2035 1436 2067; x_wconf 88' lang='lat' dir='ltr'>dere</span> <span class='ocrx_word' id='word_1_709' title='bbox 1459 2035 1620 2072; x_wconf 87' lang='lat' dir='ltr'>nituntur,</span> <span class='ocrx_word' id='word_1_710' title='bbox 1653 2039 1686 2065; x_wconf 89' lang='lat' dir='ltr'>et</span> <span class='ocrx_word' id='word_1_711' title='bbox 1713 2034 1863 2066; x_wconf 86' lang='lat' dir='ltr'>inanibus</span> <span class='ocrx_word' id='word_1_712' title='bbox 1891 2035 2152 2067; x_wconf 84' lang='lat' dir='ltr'>excusationibus</span> <span class='ocrx_word' id='word_1_713' title='bbox 2175 2044 2243 2066; x_wconf 88' lang='lat' dir='ltr'>sese</span> <span class='ocrx_word' id='word_1_714' title='bbox 2266 2039 2315 2066; x_wconf 86' lang='lat' dir='ltr'>tu-</span> 
     </span>
     <span class='ocr_line' id='line_1_104' title="bbox 1363 2076 2316 2118; baseline 0 -10"><span class='ocrx_word' id='word_1_715' title='bbox 1363 2084 1481 2109; x_wconf 86' lang='lat' dir='ltr'>tantur.</span> <span class='ocrx_word' id='word_1_716' title='bbox 1534 2076 1646 2117; x_wconf 86' lang='lat' dir='ltr'>Neque</span> <span class='ocrx_word' id='word_1_717' title='bbox 1678 2088 1762 2116; x_wconf 88' lang='lat' dir='ltr'>vcro,</span> <span class='ocrx_word' id='word_1_718' title='bbox 1793 2078 1931 2117; x_wconf 88' lang='lat' dir='ltr'>inquam,</span> <span class='ocrx_word' id='word_1_719' title='bbox 1961 2084 2070 2118; x_wconf 90' lang='lat' dir='ltr'>aperte</span> <span class='ocrx_word' id='word_1_720' title='bbox 2099 2077 2168 2108; x_wconf 92' lang='lat' dir='ltr'>Deo</span> <span class='ocrx_word' id='word_1_721' title='bbox 2199 2076 2316 2108; x_wconf 90' lang='lat' dir='ltr'>bellum</span> 
     </span>
     <span class='ocr_line' id='line_1_105' title="bbox 1362 2119 2318 2160; baseline -0.001 -9"><span class='ocrx_word' id='word_1_722' title='bbox 1362 2121 1518 2157; x_wconf 83' lang='lat' dir='ltr'>indicunt,</span> <span class='ocrx_word' id='word_1_723' title='bbox 1542 2130 1646 2159; x_wconf 89' lang='lat' dir='ltr'>neque</span> <span class='ocrx_word' id='word_1_724' title='bbox 1669 2120 1822 2150; x_wconf 83' lang='lat' dir='ltr'>adversus</span> <span class='ocrx_word' id='word_1_725' title='bbox 1845 2121 1950 2160; x_wconf 90' lang='lat' dir='ltr'>ipsum</span> <span class='ocrx_word' id='word_1_726' title='bbox 1970 2120 2153 2160; x_wconf 85' lang='lat' dir='ltr'>petulanter</span> <span class='ocrx_word' id='word_1_727' title='bbox 2172 2119 2318 2151; x_wconf 83' lang='lat' dir='ltr'>insiliunt</span> 
     </span>
     <span class='ocr_line' id='line_1_106' title="bbox 1362 2162 2317 2203; baseline -0.001 -9"><span class='ocrx_word' id='word_1_728' title='bbox 1362 2169 1510 2203; x_wconf 82' lang='lat' dir='ltr'>repente:</span> <span class='ocrx_word' id='word_1_729' title='bbox 1551 2163 1606 2194; x_wconf 89' lang='lat' dir='ltr'>sed</span> <span class='ocrx_word' id='word_1_730' title='bbox 1642 2162 1693 2193; x_wconf 93' lang='lat' dir='ltr'>ubi</span> <span class='ocrx_word' id='word_1_731' title='bbox 1727 2162 1767 2193; x_wconf 81' lang='lat' dir='ltr'>ad</span> <span class='ocrx_word' id='word_1_732' title='bbox 1802 2170 1928 2202; x_wconf 85' lang='lat' dir='ltr'>tempus</span> <span class='ocrx_word' id='word_1_733' title='bbox 1962 2173 2062 2194; x_wconf 74' lang='lat' dir='ltr'>vanas</span> <span class='ocrx_word' id='word_1_734' title='bbox 2095 2162 2317 2194; x_wconf 83' lang='lat' dir='ltr'>excusationes</span> 
     </span>
     <span class='ocr_line' id='line_1_107' title="bbox 1362 2204 2315 2246; baseline 0 -11"><span class='ocrx_word' id='word_1_735' title='bbox 1362 2206 1601 2246; x_wconf 85' lang='lat' dir='ltr'>quaesiverunt,</span> <span class='ocrx_word' id='word_1_736' title='bbox 1625 2206 1650 2235; x_wconf 89' lang='lat' dir='ltr'>si</span> <span class='ocrx_word' id='word_1_737' title='bbox 1675 2205 1824 2245; x_wconf 87' lang='lat' dir='ltr'>deinceps</span> <span class='ocrx_word' id='word_1_738' title='bbox 1846 2205 2132 2245; x_wconf 88' lang='lat' dir='ltr'>reprehendantur,</span> <span class='ocrx_word' id='word_1_739' title='bbox 2157 2204 2315 2236; x_wconf 87' lang='lat' dir='ltr'>occultum</span> 
     </span>
     <span class='ocr_line' id='line_1_108' title="bbox 1363 2247 2314 2288; baseline 0 -10"><span class='ocrx_word' id='word_1_740' title='bbox 1363 2259 1523 2280; x_wconf 82' lang='lat' dir='ltr'>venenum</span> <span class='ocrx_word' id='word_1_741' title='bbox 1547 2247 1698 2288; x_wconf 79' lang='lat' dir='ltr'>produnt,</span> <span class='ocrx_word' id='word_1_742' title='bbox 1724 2256 1756 2280; x_wconf 85' lang='lat' dir='ltr'>et</span> <span class='ocrx_word' id='word_1_743' title='bbox 1778 2247 1863 2288; x_wconf 91' lang='lat' dir='ltr'>quod</span> <span class='ocrx_word' id='word_1_744' title='bbox 1887 2248 1975 2280; x_wconf 87' lang='lat' dir='ltr'>intus</span> <span class='ocrx_word' id='word_1_745' title='bbox 1997 2247 2115 2279; x_wconf 85' lang='lat' dir='ltr'>latebat</span> <span class='ocrx_word' id='word_1_746' title='bbox 2140 2247 2228 2279; x_wconf 88' lang='lat' dir='ltr'>virus</span> <span class='ocrx_word' id='word_1_747' title='bbox 2251 2247 2314 2278; x_wconf 88' lang='lat' dir='ltr'>eia-</span> 
     </span>
     <span class='ocr_line' id='line_1_109' title="bbox 1362 2289 2314 2331; baseline -0.001 -9"><span class='ocrx_word' id='word_1_748' title='bbox 1362 2291 1521 2329; x_wconf 80' lang='lat' dir='ltr'>culantur,</span> <span class='ocrx_word' id='word_1_749' title='bbox 1554 2298 1590 2321; x_wconf 87' lang='lat' dir='ltr'>ut</span> <span class='ocrx_word' id='word_1_750' title='bbox 1619 2290 1667 2321; x_wconf 90' lang='lat' dir='ltr'>vel</span> <span class='ocrx_word' id='word_1_751' title='bbox 1692 2290 1797 2322; x_wconf 90' lang='lat' dir='ltr'>Deum</span> <span class='ocrx_word' id='word_1_752' title='bbox 1827 2291 1931 2331; x_wconf 86' lang='lat' dir='ltr'>ipsum</span> <span class='ocrx_word' id='word_1_753' title='bbox 1963 2289 2102 2322; x_wconf 87' lang='lat' dir='ltr'>audeant</span> <span class='ocrx_word' id='word_1_754' title='bbox 2132 2300 2314 2330; x_wconf 89' lang='lat' dir='ltr'>provocare.</span> 
     </span>
     <span class='ocr_line' id='line_1_110' title="bbox 1363 2333 2314 2374; baseline 0 -10"><span class='ocrx_word' id='word_1_755' title='bbox 1363 2335 1404 2364; x_wconf 85' lang='lat' dir='ltr'>Et</span> <span class='ocrx_word' id='word_1_756' title='bbox 1417 2346 1450 2365; x_wconf 85' lang='grc'>50</span> <span class='ocrx_word' id='word_1_757' title='bbox 1463 2333 1591 2374; x_wconf 86' lang='lat' dir='ltr'>quidem</span> <span class='ocrx_word' id='word_1_758' title='bbox 1615 2333 1706 2364; x_wconf 92' lang='lat' dir='ltr'>illum</span> <span class='ocrx_word' id='word_1_759' title='bbox 1730 2333 1840 2364; x_wconf 89' lang='lat' dir='ltr'>multis</span> <span class='ocrx_word' id='word_1_760' title='bbox 1863 2333 1967 2365; x_wconf 87' lang='lat' dir='ltr'>colere</span> <span class='ocrx_word' id='word_1_761' title='bbox 1989 2333 2198 2364; x_wconf 85' lang='lat' dir='ltr'>caeremoniis</span> <span class='ocrx_word' id='word_1_762' title='bbox 2217 2333 2314 2364; x_wconf 88' lang='lat' dir='ltr'>simu-</span> 
     </span>
     <span class='ocr_line' id='line_1_111' title="bbox 1363 2345 2315 2423; baseline 0.002 -18"><span class='ocrx_word' id='word_1_763' title='bbox 1363 2376 1439 2413; x_wconf 63' lang='lat' dir='ltr'>lant,</span> <span class='ocrx_word' id='word_1_764' title='bbox 1463 2345 1529 2408; x_wconf 86' lang='lat' dir='ltr'>qsed</span> <span class='ocrx_word' id='word_1_765' title='bbox 1559 2376 1693 2407; x_wconf 85' lang='lat' dir='ltr'>iudicem</span> <span class='ocrx_word' id='word_1_766' title='bbox 1725 2376 1808 2407; x_wconf 85' lang='lat' dir='ltr'>ferre</span> <span class='ocrx_word' id='word_1_767' title='bbox 1838 2376 1959 2413; x_wconf 86' lang='lat' dir='ltr'>nolunt,</span> <span class='ocrx_word' id='word_1_768' title='bbox 1990 2376 2016 2407; x_wconf 92' lang='lat' dir='ltr'>si</span> <span class='ocrx_word' id='word_1_769' title='bbox 2046 2375 2086 2406; x_wconf 90' lang='lat' dir='ltr'>ad</span> <span class='ocrx_word' id='word_1_770' title='bbox 2114 2386 2234 2423; x_wconf 84' lang='lat' dir='ltr'>poenas</span> <span class='ocrx_word' id='word_1_771' title='bbox 2263 2385 2315 2407; x_wconf 87' lang='lat' dir='ltr'>su-</span> 
     </span>
     <span class='ocr_line' id='line_1_112' title="bbox 1363 2417 2316 2459; baseline 0 -10"><span class='ocrx_word' id='word_1_772' title='bbox 1363 2419 1495 2450; x_wconf 83' lang='lat' dir='ltr'>mendas</span> <span class='ocrx_word' id='word_1_773' title='bbox 1519 2425 1685 2459; x_wconf 87' lang='lat' dir='ltr'>properat,</span> <span class='ocrx_word' id='word_1_774' title='bbox 1715 2419 1799 2459; x_wconf 88' lang='lat' dir='ltr'>quin</span> <span class='ocrx_word' id='word_1_775' title='bbox 1822 2419 1926 2459; x_wconf 85' lang='lat' dir='ltr'>potius</span> <span class='ocrx_word' id='word_1_776' title='bbox 1949 2417 1986 2449; x_wconf 90' lang='lat' dir='ltr'>de</span> <span class='ocrx_word' id='word_1_777' title='bbox 2009 2418 2088 2450; x_wconf 89' lang='lat' dir='ltr'>solio</span> <span class='ocrx_word' id='word_1_778' title='bbox 2112 2418 2216 2458; x_wconf 91' lang='lat' dir='ltr'>ipsum</span> <span class='ocrx_word' id='word_1_779' title='bbox 2238 2417 2316 2449; x_wconf 84' lang='lat' dir='ltr'>deii-</span> 
     </span>
     <span class='ocr_line' id='line_1_113' title="bbox 1363 2442 2314 2502; baseline 0 -10"><span class='ocrx_word' id='word_1_780' title='bbox 1363 2472 1433 2493; x_wconf 88' lang='lat' dir='ltr'>cere</span> <span class='ocrx_word' id='word_1_781' title='bbox 1458 2462 1588 2493; x_wconf 86' lang='lat' dir='ltr'>vellent.</span> <span class='ocrx_word' id='word_1_782' title='bbox 1634 2442 1707 2492; x_wconf 85' lang='lat' dir='ltr'>No’n</span> <span class='ocrx_word' id='word_1_783' title='bbox 1729 2461 1823 2493; x_wconf 84' lang='lat' dir='ltr'>aliter</span> <span class='ocrx_word' id='word_1_784' title='bbox 1847 2461 1897 2493; x_wconf 92' lang='lat' dir='ltr'>hic</span> <span class='ocrx_word' id='word_1_785' title='bbox 1921 2472 1954 2492; x_wconf 87' lang='lat' dir='ltr'>se</span> <span class='ocrx_word' id='word_1_786' title='bbox 1977 2459 2057 2492; x_wconf 86' lang='lat' dir='ltr'>Saul</span> <span class='ocrx_word' id='word_1_787' title='bbox 2080 2471 2157 2502; x_wconf 88' lang='lat' dir='ltr'>erga</span> <span class='ocrx_word' id='word_1_788' title='bbox 2179 2460 2314 2501; x_wconf 83' lang='lat' dir='ltr'>prophe-</span> 
     </span>
     <span class='ocr_line' id='line_1_114' title="bbox 1365 2501 2317 2545; baseline 0.001 -12"><span class='ocrx_word' id='word_1_789' title='bbox 1365 2510 1427 2534; x_wconf 84' lang='lat' dir='ltr'>tam</span> <span class='ocrx_word' id='word_1_790' title='bbox 1451 2505 1558 2545; x_wconf 90' lang='lat' dir='ltr'>gessit.</span> <span class='ocrx_word' id='word_1_791' title='bbox 1595 2504 1706 2544; x_wconf 89' lang='lat' dir='ltr'>Neque</span> <span class='ocrx_word' id='word_1_792' title='bbox 1728 2504 1759 2535; x_wconf 90' lang='lat' dir='ltr'>id</span> <span class='ocrx_word' id='word_1_793' title='bbox 1783 2504 1900 2536; x_wconf 89' lang='lat' dir='ltr'>mirum</span> <span class='ocrx_word' id='word_1_794' title='bbox 1924 2503 2025 2535; x_wconf 88' lang='lat' dir='ltr'>videri</span> <span class='ocrx_word' id='word_1_795' title='bbox 2048 2502 2151 2541; x_wconf 89' lang='lat' dir='ltr'>debet,</span> <span class='ocrx_word' id='word_1_796' title='bbox 2175 2501 2317 2544; x_wconf 86' lang='lat' dir='ltr'>quando-</span> 
     </span>
     <span class='ocr_line' id='line_1_115' title="bbox 1364 2529 2317 2594; baseline 0.002 -19"><span class='ocrx_word' id='word_1_797' title='bbox 1364 2547 1491 2594; x_wconf 74' lang='lat' dir='ltr'>quidem</span> <span class='ocrx_word' id='word_1_798' title='bbox 1515 2558 1587 2578; x_wconf 90' lang='lat' dir='ltr'>eum</span> <span class='ocrx_word' id='word_1_799' title='bbox 1612 2557 1681 2579; x_wconf 85' lang='lat' dir='ltr'>esse</span> <span class='ocrx_word' id='word_1_800' title='bbox 1712 2546 1878 2578; x_wconf 85' lang='lat' dir='ltr'>hominum</span> <span class='ocrx_word' id='word_1_801' title='bbox 1909 2555 2031 2577; x_wconf 90' lang='lat' dir='ltr'>morem</span> <span class='ocrx_word' id='word_1_802' title='bbox 2061 2529 2253 2594; x_wconf 43' lang='lat' dir='ltr'>quotidiana·</span> <span class='ocrx_word' id='word_1_803' title='bbox 2268 2545 2317 2577; x_wconf 90' lang='lat' dir='ltr'>ni-</span> 
     </span>
     <span class='ocr_line' id='line_1_116' title="bbox 1363 2587 2317 2637; baseline 0 -18"><span class='ocrx_word' id='word_1_804' title='bbox 1363 2590 1473 2627; x_wconf 87' lang='lat' dir='ltr'>mium,</span> <span class='ocrx_word' id='word_1_805' title='bbox 1496 2590 1578 2630; x_wconf 88' lang='lat' dir='ltr'>proh</span> <span class='ocrx_word' id='word_1_806' title='bbox 1602 2589 1709 2621; x_wconf 93' lang='lat' dir='ltr'>dolorl</span> <span class='ocrx_word' id='word_1_807' title='bbox 1740 2589 1832 2622; x_wconf 85' lang='lat' dir='ltr'>docet</span> <span class='ocrx_word' id='word_1_808' title='bbox 1853 2589 2059 2629; x_wconf 82' lang='lat' dir='ltr'>experientia.</span> <span class='ocrx_word' id='word_1_809' title='bbox 2094 2588 2178 2620; x_wconf 90' lang='lat' dir='ltr'>Nam</span> <span class='ocrx_word' id='word_1_810' title='bbox 2201 2589 2255 2637; x_wconf 81' lang='lat' dir='ltr'>qui</span> <span class='ocrx_word' id='word_1_811' title='bbox 2277 2587 2317 2620; x_wconf 80' lang='lat' dir='ltr'>ad</span> 
     </span>
     <span class='ocr_line' id='line_1_117' title="bbox 1364 2615 2318 2674; baseline -0.001 -12"><span class='ocrx_word' id='word_1_812' title='bbox 1364 2615 1489 2672; x_wconf 76' lang='lat' dir='ltr'>tempds</span> <span class='ocrx_word' id='word_1_813' title='bbox 1512 2644 1545 2664; x_wconf 88' lang='lat' dir='ltr'>se</span> <span class='ocrx_word' id='word_1_814' title='bbox 1569 2632 1663 2664; x_wconf 82' lang='lat' dir='ltr'>valde</span> <span class='ocrx_word' id='word_1_815' title='bbox 1685 2632 1849 2674; x_wconf 87' lang='lat' dir='ltr'>religiosos</span> <span class='ocrx_word' id='word_1_816' title='bbox 1871 2642 1939 2664; x_wconf 84' lang='lat' dir='ltr'>esse</span> <span class='ocrx_word' id='word_1_817' title='bbox 1960 2631 2165 2669; x_wconf 88' lang='lat' dir='ltr'>simularunt,</span> <span class='ocrx_word' id='word_1_818' title='bbox 2188 2631 2214 2663; x_wconf 90' lang='lat' dir='ltr'>si</span> <span class='ocrx_word' id='word_1_819' title='bbox 2235 2629 2318 2672; x_wconf 85' lang='lat' dir='ltr'>lapsi</span> 
     </span>
    </p>
   </div>
  </div>
 </body>
</html>
