2551 3044
360 215 423 246 675
1212 210 1415 243 HOMILIA
1439 209 1510 241 CII.
2287 207 2349 238 676

363 309 532 340 solescant.
590 307 656 338 Nos
698 307 805 346 itaque
845 306 1006 337 discamus
1049 305 1123 336 hinc
1164 305 1197 335 in
1238 315 1332 336 usum
1358 311 1361 346 1
1385 304 1438 344 qui
1464 303 1574 334 multis
1598 301 1710 333 amicis
1733 306 1825 332 tutus
1854 306 1917 332 est:
1953 301 2006 333 cui
2040 302 2066 332 si
2102 302 2260 338 resistam,
2289 311 2349 342 ego

364 359 510 382 nostrum
544 350 662 380 referre
699 349 917 389 improborum
957 348 1125 379 hominum
1161 357 1239 387 erga
1275 356 1360 396 nos!

364 394 445 431 odia,
468 400 500 424 et
524 392 698 423 invidiam:
723 392 836 431 quibus
850 390 941 422 Deus
954 398 1083 422 exercet
1097 401 1164 427 nos,
1189 400 1230 421 ne
1248 389 1333 430 apud

366 437 514 467 homines
538 435 676 475 gloriam
700 443 730 465 et
754 435 894 475 gratiam
927 444 1130 473 quaeramus,
1160 432 1217 464 sed
1247 433 1334 464 intra

365 479 541 510 modestiae
565 479 646 509 fines
670 488 727 508 nos
751 477 984 508 contineamus.

451 521 595 553 Tandem
628 520 728 551 Aeliis
760 527 968 560 satraparum
1008 519 1113 550 victus
1144 519 1333 557 rationibus,

364 575 501 605 quorum
525 563 690 603 indigebat
713 572 818 603 opera,
843 570 874 593 et
897 572 977 602 quos
1003 561 1130 592 nolebat
1149 572 1332 601 provocare,

365 619 405 638 ne
431 607 587 638 adversus
611 617 644 636 se
665 606 770 646 ipsum
794 605 986 636 seditionem
1011 605 1201 642 excitarent,
1230 604 1333 635 Davi-

365 651 437 682 dem
461 660 479 681 a
502 661 535 680 se
560 649 703 679 dimittit.
739 648 864 688 Exque
888 654 1023 688 apparet
1036 647 1209 687 primariae
1228 646 1332 688 digui-

365 693 442 724 tatis
466 694 561 729 viros,
594 691 802 722 inferioribus
825 691 885 722 sibi
909 690 1048 721 subditis
1078 701 1172 730 saepe
1203 690 1331 722 cedere:

367 738 392 768 si
417 736 546 776 quidem
572 734 757 765 mundanae
781 733 1018 764 dominationes
1042 733 1153 764 multis
1169 733 1333 764 servituti-

363 779 423 810 bus
447 778 666 818 implicantur.
701 776 805 808 Nemo
830 783 895 807 tam
920 776 1058 816 insignis
1072 777 1251 814 autoritatis
1275 786 1333 807 rex

364 831 422 857 est,
447 823 521 861 quin
548 827 671 851 secreta
695 819 835 859 quadam
866 819 1064 850 subiectione
1094 829 1163 850 sese
1193 819 1334 850 salutan-

364 866 450 895 tibus
474 864 586 894 aulicis
599 863 782 894 submittat.
818 861 977 902 Equidem
1002 862 1103 892 fateor
1115 861 1332 893 obedientiam

365 907 437 939 illos
461 907 592 946 exigere
616 911 647 936 et
672 905 755 936 velle
779 904 817 936 ad
840 905 1042 936 levissimum
1063 904 1252 935 mandatum
1272 904 1333 936 sibi

363 949 599 989 obtemperari:
631 948 686 979 sed
719 955 826 979 tamen
858 948 884 979 si
909 948 1039 987 propius
1062 958 1112 978 res
1136 947 1332 988 inspiciatur,

365 994 444 1025 satis·
469 993 529 1023 erit
552 991 763 1031 conspicuum
795 992 879 1030 ipsos
909 1001 1001 1030 reges
1033 990 1133 1021 variis
1162 990 1266 1021 modis
1295 990 1335 1021 iis

366 1036 496 1071 subiici,
528 1035 582 1075 qui
613 1040 722 1065 tamen
753 1033 793 1065 ad
830 1044 925 1064 omne
957 1032 1109 1064 videntur
1146 1032 1334 1072 obsequium

367 1078 581 1118 paratissimi,
620 1083 652 1108 et
682 1077 768 1117 ipsas
798 1077 941 1108 cervices
975 1075 1160 1107 subiecturi.
1211 1076 1260 1107 Ea
1287 1080 1337 1106 est

368 1121 537 1152 hominum
562 1120 713 1155 conditio,
746 1125 780 1150 ut
804 1119 1010 1150 verissimum
1035 1118 1116 1149 illud
1140 1119 1182 1149 sit
1205 1129 1335 1158 prover-

368 1163 476 1195 bium:
506 1163 579 1194 Non
604 1173 719 1193 aurum
743 1172 814 1193 esse
838 1161 992 1202 quidquid
1022 1161 1180 1201 splendet.
1226 1160 1335 1200 Quum

368 1207 468 1247 igitur
499 1216 535 1238 ea
567 1216 635 1236 esse
667 1216 796 1245 regum,
827 1205 1010 1244 principum
1041 1215 1078 1235 ae
1109 1205 1336 1244 primariorum

370 1251 512 1281 virorum
537 1249 671 1280 felicitas
685 1248 822 1286 videtur,
846 1255 879 1278 ut
904 1259 968 1278 non
990 1247 1129 1287 amplius
1148 1248 1181 1278 in
1196 1247 1336 1278 homini-

368 1293 428 1324 bus
463 1291 602 1323 habendi
636 1292 718 1328 sint,
751 1291 891 1322 sciamus
929 1296 1039 1321 tamen
1074 1290 1177 1321 multa
1206 1290 1336 1321 subesse

369 1335 566 1373 discrimina,
602 1340 633 1364 et
663 1334 782 1364 multas
813 1333 1032 1371 difficultates,
1061 1333 1157 1364 etiam
1188 1332 1227 1363 ab
1256 1333 1336 1372 ipsis

369 1378 518 1410 subditis.
576 1377 813 1407 Verumtamen
855 1377 1011 1407 virtutem
1055 1378 1229 1407 maximam
1267 1386 1336 1406 esse

369 1421 518 1456 sciamus.
551 1419 733 1451 necessitati
755 1419 799 1450 sic
822 1419 943 1455 cedere,
976 1429 1016 1449 ne
1046 1418 1122 1458 quid
1152 1419 1337 1449 contraius

371 1470 403 1496 et
425 1474 562 1503 aequum
587 1463 655 1493 fiat.
696 1462 760 1493 Hic
786 1472 861 1493 vero
886 1471 1035 1501 peccasse
1053 1461 1156 1493 Achis
1180 1461 1338 1499 videmus,

370 1508 453 1538 facta
486 1505 604 1537 Davidi
635 1505 764 1536 iniuria.
817 1504 900 1535 Nam
932 1504 1075 1544 speciosa
1110 1503 1239 1544 quidem
1269 1508 1339 1534 erat

373 1549 490 1581 ducum
506 1549 635 1579 illorum
649 1547 811 1579 accusatio
825 1556 831 1578 :
853 1547 1010 1587 siqnidem
1025 1547 1132 1578 David
1146 1546 1337 1578 Philistaeo-

373 1603 444 1623 rum
470 1591 647 1632 praeputiis
671 1601 804 1622 uxorem
818 1590 1015 1621 redemerat:
1039 1594 1071 1621 et
1087 1595 1214 1630 poterat
1227 1588 1338 1620 eadem

372 1636 497 1666 ratione
521 1645 628 1674 regem
652 1634 713 1665 sibi
737 1634 898 1664 infensum
919 1633 1101 1671 conciliare,
1123 1632 1220 1664 caede
1243 1632 1338 1663 nimi-

374 1689 446 1709 rum
488 1677 748 1708 Philistaeorum.
792 1675 1026 1707 Verumtamen
1071 1686 1173 1716 quum
1214 1680 1339 1706 tantam

373 1720 513 1752 Davidis
553 1731 629 1759 erga
670 1729 704 1750 se
737 1718 833 1750 fidem
867 1723 1021 1759 expertus
1061 1724 1160 1757 esset,
1200 1723 1236 1749 ut
1265 1728 1338 1748 eum

374 1763 455 1795 nihil
481 1763 544 1794 tale
568 1761 758 1794 moliturum
789 1761 923 1793 haberet
954 1771 1156 1801 persuasum,
1187 1771 1251 1791 non
1280 1759 1339 1791 du-

375 1807 464 1838 bium
488 1812 537 1836 est
561 1805 637 1845 quin
663 1805 753 1835 illum
778 1804 944 1835 dimittens
958 1804 1101 1836 affecerit
1124 1804 1251 1835 iniuria.
1286 1803 1339 1834 Ex

376 1859 438 1890 quo
462 1854 597 1889 apparet
615 1858 707 1888 reges
727 1848 933 1878 autoritatem
953 1858 1043 1878 suam
1058 1847 1199 1878 retinere
1212 1845 1339 1886 cupien-

377 1896 435 1930 tes,
464 1898 494 1923 et
517 1891 627 1922 odium
652 1896 709 1921 aut
732 1889 885 1921 invidiam
910 1890 1002 1921 istius
1027 1890 1079 1920 vel
1103 1889 1191 1920 illius
1214 1889 1340 1929 fugien-

375 1939 435 1973 tes,
480 1944 575 1974 saepe
612 1933 684 1973 cogi
712 1932 939 1964 innocentibus
969 1933 1120 1963 iniuriam
1153 1932 1272 1969 facere,
1309 1937 1342 1962 et

376 1977 504 2009 eosdem
529 1977 723 2016 opprimere.
768 1976 987 2015 Conspicuam
1013 1975 1097 2006 istud
1122 1982 1171 2006 est
1194 1973 1341 2013 exemplo

376 2021 468 2052 Darii
499 2019 657 2050 adversus
681 2018 868 2049 Danielem:
904 2029 998 2057 quem
1029 2018 1089 2049 etsi
1113 2017 1256 2048 divinum
1288 2016 1343 2047 ho-

376 2064 497 2094 minem
523 2068 554 2093 et
584 2068 738 2101 tanquam
764 2060 824 2092 Dei
849 2060 999 2101 angelum
1032 2060 1180 2098 habebat,
1210 2069 1341 2091 suorum

379 2113 486 2137 tamen
511 2115 679 2145 procerum
694 2104 940 2144 importunitate
964 2109 1094 2135 coaetus
1107 2109 1154 2133 est
1165 2102 1341 2134 discrimini

378 2151 491 2180 mortis
515 2158 688 2187 exponere.
734 2148 775 2178 Et
801 2157 872 2177 eum
904 2143 1032 2186 quidem
1058 2145 1195 2185 lugebat,
1227 2151 1257 2176 et
1288 2156 1343 2176 ex-

378 2193 517 2232 positum
553 2191 718 2231 gemebat,
753 2190 916 2229 vitamque
952 2190 1051 2228 ipsius
1090 2199 1148 2219 sua
1190 2187 1345 2219 redimere

379 2235 524 2275 optabat:
551 2233 605 2264 sed
631 2240 666 2263 ut
689 2233 897 2264 autoritatem
921 2242 1013 2263 suam
1036 2231 1184 2268 retineat,
1216 2237 1248 2262 et
1271 2230 1345 2261 sub-

379 2278 463 2308 ditos
488 2278 519 2307 in
552 2276 669 2316 officio,
701 2287 740 2306 nc
775 2276 858 2306 facta
889 2275 1047 2306 seditione
1075 2274 1225 2305 deficiant
1255 2284 1274 2304 a
1301 2283 1345 2311 se,

378 2321 562 2356 contineat,
605 2319 748 2349 humano
789 2318 949 2358 sanguine
984 2323 1016 2347 et
1050 2317 1109 2348 sibi
1145 2317 1246 2348 amico
1277 2326 1345 2347 sese

380 2363 523 2403 polluere
554 2362 691 2401 cogitur.
743 2360 837 2400 Quod
866 2361 891 2391 si
923 2360 1052 2400 regibus
1086 2366 1118 2390 et
1149 2358 1346 2399 principibus

381 2407 508 2442 evenit,
551 2405 652 2436 multo
688 2405 792 2443 magis
833 2403 963 2434 evenire
998 2409 1104 2444 potest
1138 2403 1175 2434 iis
1210 2411 1344 2442 quorum

379 2449 486 2480 minor
521 2454 569 2479 est
604 2447 779 2478 autoritas:
815 2446 898 2485 quod
934 2446 1003 2486 ipsa
1037 2445 1235 2485 experientia
1270 2443 1346 2474 facit

379 2492 588 2530 conspicuum
615 2491 647 2521 in
671 2488 949 2521 coniurationibus
982 2499 1062 2528 quae
1092 2488 1186 2519 hodie
1217 2486 1256 2518 ab
1287 2487 1344 2517 im-

381 2535 489 2574 probis
522 2533 707 2564 hominibus
739 2532 894 2563 adversus
918 2532 1122 2563 Christianos
1155 2531 1345 2562 excitantur.

379 2577 464 2608 Nam
490 2577 514 2607 si
539 2577 610 2616 quis
640 2575 793 2606 damnum
826 2576 966 2614 patiatur
999 2575 1122 2611 iniuria,
1155 2579 1211 2604 aut
1241 2582 1346 2612 perse-

380 2620 581 2660 quutionem,
612 2619 684 2658 quis
709 2617 891 2649 istiusmodi
926 2617 1144 2657 improborum
1178 2615 1346 2646 violentiae

378 2662 525 2694 resistit?
552 2662 622 2692 Imo
646 2661 755 2693 statim
780 2660 908 2691 audias:
933 2660 986 2691 ille
1009 2659 1071 2700 ipsi
1094 2659 1275 2691 contrarius
1298 2662 1347 2688 cst

1387 357 1436 377 me
1460 346 1602 386 ipsorum
1626 344 1707 375 odiis
1720 354 1891 385 exponam,
1915 350 1947 375 et
1971 354 2027 384 pro
2040 343 2101 375 alio
2114 354 2234 385 poenas
2253 344 2349 375 luam.

1387 389 1473 420 Hinc
1497 390 1532 419 fit
1557 394 1589 418 ut
1621 387 1825 418 dissimulare
1856 397 1968 418 omnes
2000 386 2133 423 discant,
2164 393 2195 418 et
2226 387 2351 418 interea

1386 432 1496 463 miseri
1521 431 1697 471 patiantur,
1721 436 1752 460 et
1775 429 1906 460 tandem
1931 435 2075 469 pereant,
2108 440 2219 461 eorum
2243 440 2350 461 socor-

1387 473 1438 505 dia
1464 474 1511 504 vel
1538 480 1625 504 metu
1648 473 1701 512 qui
1726 472 1785 504 hos
1817 472 1866 503 vel
1896 472 1967 503 illos
1991 483 2072 512 quos
2102 483 2168 504 non
2197 473 2351 513 oportuit,

1387 523 1546 548 metuunt.
1583 515 1649 547 Nos
1669 526 1745 547 vero
1770 515 1930 546 discamus
1945 515 2130 547 hominibus
2153 526 2217 547 non
2242 515 2351 554 fidere,

1386 560 1439 599 qui
1474 560 1545 590 lieet
1575 559 1656 589 bene
1687 558 1780 589 nobis
1810 557 1928 595 velint,
1961 563 1992 589 et
2025 558 2163 589 libenter
2192 558 2351 589 auxilium

1386 602 1483 633 laturi
1507 602 1581 639 sint,
1595 601 1778 632 retinentur
1802 607 1909 631 tamen
1924 601 2057 641 periculi
2082 609 2178 639 metu,
2203 608 2235 632 et
2253 601 2351 632 minis

1386 644 1500 676 horum
1532 644 1581 674 vel
1614 643 1745 674 illorum
1785 644 1889 674 territi
1918 646 1956 674 ab
1990 644 2095 674 officio
2125 644 2285 682 resiliunt,
2319 647 2353 674 et

1387 689 1491 719 ventis
1511 686 1637 718 cedunt.
1683 685 1792 725 Quare
1816 697 1916 726 quum
1943 692 2065 717 tantam
2091 687 2124 718 in
2147 687 2250 718 iustae
2273 697 2351 718 cau-

1386 741 1440 762 sac
1469 730 1655 761 defensione
1685 729 1860 760 socordiam
1891 730 2116 769 conspicimus,
2147 739 2352 770 summopere

1386 773 1566 804 cavendum
1589 778 1637 803 est
1661 782 1700 803 ne
1723 772 1755 803 in
1780 772 1859 812 ipsis
1883 772 2031 803 fiduciam
2056 772 2263 804 collocemus:
2294 771 2352 804 sed

1387 816 1425 847 ad
1449 816 1556 846 Deum
1582 825 1801 855 assurgamus,
1834 821 1869 846 ut
1893 816 1960 855 ipso
1983 815 2026 845 sit
2049 816 2142 846 nobis
2166 825 2352 856 propugna-

1387 859 1493 890 culum
1525 865 1556 889 et
1586 857 1738 889 defensio.
1783 858 1942 897 Exemplo
1973 865 2041 888 esto
2070 858 2172 890 Achis
2202 859 2264 889 iste
2294 868 2352 889 rex

1388 901 1640 933 Philistaeorum
1679 911 1737 940 per
1776 911 1871 940 quem
1907 910 1970 931 non
2005 901 2147 932 stetisset
2180 901 2352 940 quominus

1390 944 1494 975 David
1521 944 1623 984 primo
1646 943 1712 975 ictu
1747 943 1992 982 interficeretur,
2025 944 2086 974 nisi
2113 944 2209 975 duces
2232 943 2352 975 Philis-

1389 994 1531 1018 taeorum
1566 987 1626 1018 sibi
1658 985 1697 1017 ab
1726 986 1828 1026 ipsius
1856 987 1957 1027 copiis
1989 987 2191 1018 metuissent.
2237 985 2301 1018 Sed
2325 986 2352 1017 si

1389 1030 1422 1061 in
1447 1029 1608 1060 Davidem
1633 1029 1789 1069 impetum
1820 1029 1972 1060 fecissent
2002 1030 2106 1069 ipsum
2138 1029 2352 1067 interfecturi,

1389 1080 1511 1104 certum
1536 1078 1585 1103 est
1607 1071 1709 1103 Aehis
1732 1072 1830 1103 fuisse
1853 1072 1932 1111 ipsis
1955 1082 2133 1110 cessurum,
2158 1083 2221 1104 non
2246 1073 2354 1103 minus

1389 1126 1484 1156 quam
1509 1126 1608 1155 quum
1631 1115 1814 1155 petentibus
1844 1115 1908 1145 illis
1931 1114 2061 1147 domum
2088 1115 2196 1155 ipsum
2219 1115 2354 1146 remisit.

1475 1158 1655 1198 Pergamus
1687 1157 1726 1188 ad
1756 1158 1931 1197 sequentia,
1966 1157 2082 1197 quibus
2118 1157 2280 1190 Davidem
2314 1156 2354 1189 ab

1390 1201 1491 1232 Achis
1504 1201 1697 1232 accersitum
1711 1199 1871 1238 audimus,
1894 1208 1927 1231 et
1949 1200 2116 1232 dimissum
2133 1201 2354 1241 respondisse:

1393 1244 1475 1283 Quid
1505 1244 1585 1274 enim
1613 1243 1698 1283 feci?
1730 1246 1756 1274 et
1784 1243 1930 1275 invenisti
1952 1244 1986 1274 in
2015 1254 2062 1274 me
2087 1252 2145 1275 etc.
2191 1243 2278 1283 Quid
2309 1244 2356 1274 ita

1390 1297 1424 1317 se
1455 1298 1516 1317 non
1547 1293 1716 1318 accusatus
1747 1285 1904 1317 excusat?
1938 1286 2063 1326 Nempe
2095 1287 2270 1318 verisimile
2305 1289 2356 1317 est

1391 1330 1494 1368 ipsum
1536 1329 1569 1359 in
1605 1329 1756 1360 maximis
1787 1329 1948 1369 angustiis
1988 1330 2086 1360 fuisse
2128 1330 2354 1366 constitutum,

1390 1372 1473 1411 quod
1499 1382 1597 1411 quum
1622 1372 1709 1402 inter
1731 1372 1853 1402 medios
1876 1371 1984 1403 hostes
2014 1379 2204 1408 versaretur,
2236 1374 2264 1404 si
2287 1372 2355 1403 vie-

1391 1415 1506 1445 toriam
1530 1414 1568 1446 de
1591 1414 1749 1446 Israelitis
1772 1420 2000 1454 reportassent,
2020 1414 2190 1446 videbatur
2212 1417 2356 1454 ipsorum

1391 1457 1490 1488 furori
1514 1458 1687 1497 expositus,
1719 1467 1854 1497 quorum
1885 1458 1918 1488 in
1949 1468 1984 1488 se
2013 1458 2131 1488 malam
2152 1458 2356 1489 voluntatem

1391 1501 1627 1540 experiebatur.
1691 1499 1779 1539 Quid
1817 1501 1903 1531 enim
1948 1510 2079 1540 sperare
2117 1500 2204 1531 aliud
2242 1500 2356 1541 potuit,

1392 1553 1486 1583 quam
1511 1543 1588 1574 istos
1611 1542 1708 1574 duces
1732 1543 1865 1574 victoria
1889 1543 1989 1574 elatos
2020 1543 2053 1573 in
2078 1554 2112 1574 se
2135 1554 2274 1583 suosque
2296 1544 2357 1574 im-

1392 1592 1500 1626 petum
1532 1586 1682 1623 facturos,
1713 1591 1745 1617 et
1778 1596 1937 1617 memores
1969 1585 2108 1617 Davidis
2138 1586 2356 1624 victoriarum,

1392 1628 1564 1668 odiumque
1601 1629 1718 1660 animis
1749 1630 1815 1660 suis
1846 1629 2010 1666 foventes,
2046 1629 2154 1660 oblata
2190 1629 2357 1660 occasione

1392 1672 1560 1702 saevitiam
1595 1683 1687 1703 suam
1723 1672 1756 1702 in
1790 1682 1823 1702 se
1854 1682 1992 1711 suosque
2022 1671 2236 1711 experturos?
2266 1671 2357 1711 Quos

1393 1725 1468 1754 ergo
1492 1715 1551 1745 sibi
1574 1715 1715 1746 infensos
1729 1713 1836 1745 David
1860 1714 2100 1751 animadvertit,
2124 1725 2260 1755 quorum
2284 1724 2357 1746 cru-

1393 1756 1557 1788 delitatem
1582 1758 1683 1795 novit,
1714 1767 1777 1788 non
1802 1757 1964 1788 immerito
1989 1757 2115 1795 metuit,
2147 1768 2188 1789 ne
2218 1757 2357 1788 victoria

1394 1800 1567 1831 insolentes
1590 1800 1736 1832 clausum
1760 1800 1866 1840 ipsum
1888 1800 1920 1830 in
1944 1800 2023 1830 urbe
2047 1800 2154 1840 aliqua
2167 1800 2356 1832 Philistino—

1393 1853 1464 1873 rum
1509 1843 1710 1875 invenientes
1768 1842 1941 1874 crudeliter
1984 1842 2184 1874 interimant.
2247 1843 2358 1882 Quare

1397 1886 1567 1917 verisimile
1591 1893 1637 1917 est
1652 1885 1815 1917 Davidem
1839 1892 1903 1916 tam
1928 1885 2062 1916 sollicite
2086 1897 2119 1916 se
2138 1885 2224 1927 apud
2247 1895 2356 1926 regem

1395 1939 1573 1966 excusasse,
1605 1940 1666 1969 quo
1689 1928 1749 1960 sibi
1772 1933 1902 1959 caveret
1924 1929 1958 1958 in
1982 1935 2155 1968 posterum,
2185 1937 2218 1960 et
2239 1939 2258 1960 a
2279 1929 2357 1960 Phi-

1397 1971 1579 2002 listaeorum
1613 1973 1719 2003 furore
1749 1976 1838 2002 tutus
1867 1978 1960 2009 esset,
1990 1978 2023 2001 et
2053 1971 2171 2002 ducum
2196 1982 2233 2003 ac
2256 1977 2358 2003 satra-

1397 2025 1508 2054 parum
1544 2015 1671 2045 illornm
1703 2014 1775 2045 odia
1805 2014 1941 2054 fugeret.
1992 2013 2063 2045 Hoc
2095 2015 2192 2046 fuisse
2222 2013 2358 2045 Davidis

1396 2058 1563 2088 consilium
1598 2058 1675 2088 satis
1709 2064 1858 2097 apparet:
1900 2056 1954 2087 sed
1989 2056 2119 2087 interim
2153 2057 2359 2088 simulatione

1396 2100 1531 2139 quadam
1558 2101 1668 2136 utitur,
1694 2110 1793 2140 quum
1815 2099 1875 2130 ait:
1903 2099 1985 2138 Quid
2000 2100 2146 2131 invenisti
2158 2100 2251 2131 inme
2272 2109 2359 2131 servo

1397 2145 1429 2173 ut
1456 2153 1515 2173 non
1548 2144 1686 2182 mathim,
1714 2146 1741 2173 et
1765 2152 1902 2182 pugnem
1930 2144 2034 2173 contra
2068 2143 2211 2174 inimicos
2241 2142 2360 2174 domini

1396 2186 1454 2216 mei
1478 2186 1586 2225 reglis?
1617 2186 1730 2226 Neque
1753 2187 1838 2216 enim
1865 2183 2003 2215 habebat
2026 2186 2058 2215 in
2082 2186 2190 2216 animo
2213 2195 2360 2225 pugnare

1397 2235 1509 2259 eontra
1532 2228 1593 2259 Dei
1624 2228 1787 2269 populum,
1822 2228 1912 2259 cuius
1942 2228 1975 2257 in
2008 2228 2077 2267 ipso
2113 2227 2244 2267 praelio,
2275 2228 2360 2259 vitae

1397 2282 1474 2301 suae
1498 2272 1649 2310 perit-ulo,
1680 2282 1713 2302 se
1744 2281 1844 2301 unum
1870 2280 1938 2301 esse
1961 2271 2142 2301 membrum
2173 2276 2361 2302 constanter

1399 2314 1607 2345 ostendisset:
1639 2320 1765 2345 tantum
1798 2313 1889 2344 abest
1918 2319 1952 2343 ut
1982 2312 2021 2343 ad
2044 2313 2145 2352 ipsius
2169 2313 2361 2354 sanguinem

1398 2356 1597 2387 fundendum
1632 2357 1746 2388 adduci
1782 2367 1815 2387 se
1853 2355 2048 2396 permiserit.
2110 2356 2192 2387 Nam
2230 2357 2291 2387 etsi
2320 2355 2362 2386 ad

1399 2399 1498 2430 Aeliis
1522 2401 1719 2440 confugerat,
1742 2406 1850 2429 tamen
1874 2399 1989 2438 quibus
2006 2399 2179 2438 gemitibus
2202 2405 2234 2429 et
2257 2399 2363 2439 lacry-

1399 2442 1460 2472 mis
1484 2442 1585 2472 vieem
1610 2453 1700 2473 suam
1730 2441 1851 2472 luxerit
1873 2440 2067 2481 audivimus,
2098 2442 2183 2481 quod
2213 2441 2363 2473 exsulare

1399 2485 1503 2524 patria
1525 2491 1703 2523 cogeretur,
1728 2490 1759 2515 et
1778 2484 1840 2515 Dei
1859 2484 2044 2515 sanctuario
2068 2484 2131 2515 frui
2156 2495 2221 2515 non
2244 2488 2362 2524 posset,

1399 2538 1502 2567 neque
1526 2539 1597 2558 eum
1623 2528 1684 2559 Dei
1708 2526 1824 2567 populo
1848 2526 1958 2558 laudes
1982 2526 2084 2566 ipsius
2113 2527 2146 2558 in
2169 2532 2262 2558 coetu
2286 2527 2362 2558 fide-

1399 2570 1477 2601 lium
1513 2570 1715 2609 praedicare,
1757 2569 1856 2600 veluti
1893 2580 1992 2609 quum
2030 2569 2153 2609 psalmo
2187 2569 2228 2600 42
2273 2569 2362 2601 dicit.

1399 2612 1485 2644 Haec
1508 2614 1676 2644 recordans
1699 2612 1821 2652 efflando
1850 2612 1885 2642 in
1907 2622 1954 2643 me
1983 2613 2139 2643 animam:
2164 2623 2211 2644 me
2239 2612 2364 2644 solitum

1399 2666 1462 2687 esse
1490 2656 1623 2687 transire
1653 2657 1685 2687 in
1714 2655 1816 2694 turba,
1847 2655 1974 2695 yratliri
2001 2665 2070 2686 cum
2103 2655 2169 2686 illis
2196 2665 2294 2694 usque
2322 2653 2365 2687 ad
