2551 3044
227 212 288 243 697

227 316 318 337 suam
344 305 518 337 committit
533 305 650 336 Davidi
670 305 774 335 iurato
797 314 830 334 se
850 314 952 343 neque
968 304 1071 342 ipsum
1092 303 1191 333 inter-

228 349 403 388 fecturum,
434 358 536 387 neque
560 348 593 378 in
616 357 748 378 manum
773 346 894 377 domini
918 346 1116 377 Amalecitae
1139 345 1192 375 de-

228 391 379 429 diturum,
403 391 561 421 discamus
584 390 690 420 iurare
713 388 841 428 quidem
862 398 960 429 quum
985 399 1064 428 opus
1088 388 1193 423 fuerit,

230 434 285 465 sed
305 434 350 465 sic
369 439 406 464 ut
421 433 492 464 Deo
508 432 651 463 debitum
675 432 826 463 honorem
848 432 1028 462 reddamus.
1054 431 1192 461 Verum—

231 482 339 507 tamen
364 476 466 506 divini
493 475 632 505 nominis
656 475 899 514 usurpationem
924 475 1063 505 sciamus
1086 484 1192 504 neces-

231 520 318 550 sitati
342 517 569 549 reservandam
596 527 660 548 non
681 524 787 548 autem
813 522 933 548 temere
956 516 1195 553 assumendam,

229 566 266 592 ut
299 561 490 601 plerumque
516 560 610 590 multi
641 560 745 591 solent
775 565 895 590 temere
929 566 960 591 et
994 569 1057 589 non
1090 560 1193 599 rogati

227 604 333 635 iurare
355 613 508 643 magnum
534 601 637 633 divini
661 603 801 633 nominis
824 606 1042 642 contemptum
1065 612 1101 632 eo
1125 604 1193 641 ipso

229 647 426 679 denotantes.
474 644 538 676 Sed
569 645 660 676 Deus
696 646 825 675 tandem
858 646 953 676 faciet
987 650 1022 675 ut
1052 646 1194 675 sentiant

229 699 323 730 quam
358 693 594 719 sacrosanctum
631 689 672 718 sit
705 688 803 727 ipsius
837 699 975 724 nomen,
1010 686 1094 727 quod
1129 698 1192 718 non

229 738 350 763 temere
379 730 419 762 ab
448 731 527 771 ipsis
557 731 676 761 assumi
701 736 732 760 et
756 735 907 770 tanquam
934 731 1006 770 pila,
1036 737 1070 760 ut
1094 731 1193 770 aiunt,

228 775 349 807 versari
372 773 496 804 debuit:
531 773 585 803 sed
605 773 726 808 sobrie,
756 778 788 803 et
818 784 984 813 nunquam
1009 773 1070 804 nisi
1095 783 1193 812 quum

228 817 316 848 iusta
344 817 428 847 ratio
458 816 635 855 postulabit
663 816 894 855 usurpandum.
940 816 1066 847 Deinde
1097 816 1193 846 etiam

228 859 407 892 cavendum
431 869 634 898 summopere
665 869 704 889 ne
734 858 796 889 nisi
820 859 851 889 in
879 859 1014 890 veritate
1037 860 1194 890 iuremus:

229 913 304 934 nam
334 903 359 933 si
391 901 566 932 mendaciis
595 901 712 932 nostris
744 911 862 932 nomen
894 902 956 932 Dei
990 902 1194 939 misceamus,

227 954 381 985 magnum
396 944 600 985 sacrilegium
617 944 856 975 committimus.
881 944 970 975 Nihil
984 945 1069 975 enim
1091 944 1195 983 magis

226 988 297 1018 Deo
326 987 523 1018 conveniens
558 997 653 1025 quam
689 987 821 1017 veritas:
857 989 947 1018 cuius
975 988 1042 1026 ipse
1078 997 1194 1017 nomen

226 1030 372 1062 assumit.
418 1029 467 1060 Ac
496 1029 522 1060 si
547 1029 652 1060 Deum
682 1029 840 1060 mendacii
871 1030 982 1068 nostri,
1014 1030 1040 1061 si
1064 1029 1194 1066 fraudis,

227 1073 254 1105 si
278 1072 350 1109 doli,
375 1072 402 1103 si
425 1072 566 1102 malitiae
590 1076 703 1102 testem
729 1073 881 1103 facimus:
914 1083 1020 1103 nonne
1044 1079 1194 1103 naturam

227 1116 329 1157 ipsius
358 1116 586 1151 immutamus,
616 1118 648 1145 et
677 1114 778 1145 veluti
806 1115 838 1145 in
864 1120 1025 1154 spectrum
1050 1125 1194 1145 commu-

228 1157 358 1189 tamus?
384 1157 603 1196 Quamobrem
627 1167 722 1188 omne
742 1158 951 1189 temerarium
975 1159 1194 1188 iuramentum

228 1201 433 1241 sacrilegium
457 1205 489 1231 et
514 1199 746 1239 blasphemiam
772 1211 841 1231 esse
865 1201 1022 1241 sciamus,
1053 1207 1084 1231 et
1106 1200 1196 1231 nulla

227 1244 347 1275 maiore
389 1242 586 1273 contumelia
627 1243 779 1282 nulloque
825 1244 1001 1284 insigniore
1040 1243 1195 1274 dedecore

228 1297 320 1327 posse
341 1285 448 1316 Deum
479 1295 496 1315 a
526 1286 617 1316 nobis
647 1285 746 1322 affici,
777 1296 870 1325 quam
896 1287 923 1317 si
946 1293 1065 1317 temere
1088 1287 1194 1325 ipsum

228 1329 268 1360 ad
292 1333 439 1360 nostrum
467 1328 636 1359 arbitrium
665 1329 942 1360 transformemus.
977 1328 1194 1367 Quamobrem

228 1382 326 1412 quum
361 1376 428 1402 tam
462 1371 647 1410 frequenter
682 1371 712 1401 in
748 1382 802 1402 ore
835 1372 980 1402 omnium
1010 1372 1196 1402 iuramenta

228 1419 413 1451 versantur,
450 1423 485 1444 ac
516 1413 651 1453 proinde
674 1414 777 1444 multa
808 1415 958 1454 periuria,
990 1414 1083 1454 quod,
1114 1413 1195 1453 proh

229 1456 333 1488 dolor!
365 1456 463 1487 nimis
492 1456 679 1496 quotidiana
709 1457 910 1496 experientia
942 1457 1100 1495 ostendit,
1130 1467 1194 1487 non

229 1500 310 1531 alios
332 1499 453 1530 iudices
476 1499 514 1529 ad
539 1509 597 1529 nos
621 1498 820 1530 damnandos
843 1500 948 1530 Deum
974 1499 1194 1531 adhibiturum

229 1544 367 1573 sciamus
398 1552 494 1581 quam
524 1541 722 1581 incredulos,
754 1543 809 1582 qui
833 1553 891 1573 nec
915 1543 993 1583 legis
1016 1552 1074 1573 nec
1097 1552 1194 1573 evan-

229 1585 306 1626 gelii
330 1585 545 1625 cognitionem
582 1583 777 1616 habuerunt.
823 1585 997 1616 Praeterea
1027 1585 1112 1616 istud
1140 1585 1195 1615 ob-

230 1627 426 1658 servandum
459 1628 613 1658 miserum
645 1627 744 1658 istum
768 1628 967 1668 Aegyptium
992 1638 1105 1668 rogare
1130 1628 1195 1659 Da-

230 1671 347 1707 videm,
382 1676 417 1700 ut
450 1670 534 1700 iuret
569 1669 630 1709 ipsi
664 1681 721 1710 per
753 1671 870 1702 Deum.
914 1671 998 1702 Nam
1028 1671 1103 1701 inde
1132 1670 1195 1701 col-

229 1713 361 1753 ligimus
393 1713 526 1743 miseros
559 1713 638 1743 istos
668 1723 777 1745 caecos
807 1724 964 1753 paganos,
1002 1715 1061 1744 etsi
1093 1713 1196 1744 multa

229 1755 314 1787 idola
344 1755 518 1793 coluerint,
560 1755 774 1787 nihilominus
811 1757 1006 1796 principium
1037 1757 1123 1787 istud
1147 1767 1196 1787 re-

230 1798 376 1835 tinuisse,
407 1798 488 1837 quod
520 1809 559 1828 ex
582 1797 727 1837 ipsorum
759 1799 877 1830 animis
908 1799 1007 1830 deleri
1031 1809 1196 1839 nunquam

229 1841 350 1881 potuit.
380 1851 541 1872 summum
566 1840 693 1880 aliquod
717 1852 785 1873 esse
810 1852 946 1878 numen,
979 1842 1057 1873 adeo
1081 1848 1119 1872 ut
1140 1844 1198 1872 mi-

229 1894 318 1914 seros
341 1883 413 1914 illos
436 1883 622 1914 idololatras
645 1895 708 1915 non
733 1885 776 1915 sit
799 1884 1050 1915 existimandum
1065 1884 1196 1915 deorum

228 1926 471 1957 multitudinem
487 1926 533 1956 ita
546 1925 606 1957 sibi
625 1923 766 1963 finxisse,
791 1928 866 1967 quin
892 1938 1019 1966 semper
1034 1938 1196 1958 summum

230 1970 367 2009 aliquem
392 1969 487 1999 deum
512 1970 608 2000 fuisse
631 1970 843 2001 crediderint:
875 1971 928 2001 sed
955 1970 1039 2010 quod
1063 1970 1102 2000 ad
1126 1978 1196 2000 tan-

230 2017 296 2043 tam
329 2012 527 2043 maiestatem
563 2013 723 2053 attingere
759 2023 822 2043 non
854 2019 1028 2053 potuerunt
1058 2014 1198 2044 minores

232 2054 306 2085 deos
340 2054 399 2085 sibi
433 2054 584 2091 finxisse,
626 2056 657 2086 in
694 2055 809 2095 quibus
843 2057 1086 2095 acquieverunt.
1131 2056 1199 2087 Nec

233 2098 325 2128 aliter
356 2097 451 2127 hodie
475 2097 513 2127 de
537 2098 673 2137 papistis
697 2098 903 2129 sentiendum
928 2106 985 2138 est,
1016 2109 1114 2138 quum
1139 2099 1199 2129 hoc

234 2140 350 2179 effugio
369 2150 402 2171 se
425 2144 566 2178 tuentur,
590 2151 704 2180 nempe
719 2141 824 2171 Deum
846 2152 879 2172 se
894 2152 995 2172 unum
1016 2151 1198 2181 agnoscere,

235 2188 266 2212 et-
285 2182 360 2213 licet
393 2189 520 2213 sanctos
555 2189 586 2213 et
609 2190 736 2215 sanctas
759 2190 948 2223 precentur,
984 2189 1015 2214 et
1046 2190 1198 2222 tanquam

234 2229 384 2264 patronos
407 2230 440 2255 et
462 2225 633 2257 advocatos
657 2227 816 2263 invocent,
846 2226 953 2257 Deum
979 2232 1086 2257 tamen
1112 2237 1200 2257 sum-

235 2276 320 2297 mam
356 2267 545 2308 dignitatem
586 2275 616 2299 et
646 2269 782 2309 gradum
816 2269 900 2308 apud
931 2270 1017 2309 ipsos
1051 2270 1198 2300 retinere.

235 2309 326 2339 Idem
351 2318 426 2339 sane
449 2320 591 2349 paganos
615 2311 687 2342 illos
710 2312 849 2343 sensisse
872 2312 1031 2348 videmus,
1063 2312 1142 2343 adeo
1165 2318 1200 2342 ut

235 2352 341 2399 inanis
363 2351 418 2381 illa
436 2352 478 2382 sit
493 2354 634 2392 ipsorum
652 2356 823 2391 excusatio,
848 2360 880 2385 et·
903 2365 1024 2385 vanum
1042 2355 1199 2394 effugium

236 2400 445 2434 papistarum,
468 2394 602 2435 ideoque
623 2396 798 2428 tenendum
818 2397 904 2428 istud
924 2398 1118 2437 principium
1142 2404 1200 2435 est,

237 2447 299 2467 non
325 2437 472 2483 sufficere
487 2437 625 2477 aliquem
642 2440 675 2470 in
689 2440 805 2471 animis
819 2441 938 2471 nostris
955 2441 1199 2480 impressionem

238 2489 307 2510 esse
331 2478 459 2509 divinae
487 2489 632 2526 summae
662 2482 797 2514 alicuius
828 2483 1016 2519 maiestatis,
1047 2493 1129 2522 quae
1150 2493 1201 2513 res

239 2532 350 2552 omnes
374 2521 593 2569 administret:
629 2525 682 2555 sed
718 2525 814 2556 etiam
846 2531 992 2565 oportere
1026 2532 1063 2556 ut
1094 2526 1200 2556 Deum

238 2565 404 2604 cognitum
424 2569 469 2594 lta.
489 2564 638 2601 colamus,
658 2572 693 2597 ut
711 2568 744 2598 in
761 2568 830 2608 ipso
842 2568 910 2598 solo
923 2568 1199 2608 conquiescamus:

239 2616 344 2646 neque
378 2611 499 2654 temere
530 2607 670 2638 feramur
699 2620 738 2640 ex
768 2621 865 2641 sensu
890 2616 1013 2646 nostro,
1046 2617 1078 2641 et
1101 2621 1202 2641 novos

238 2649 345 2681 cultus
379 2650 440 2689 ipsi
478 2649 682 2689 affingamus,
717 2657 748 2682 et
775 2658 928 2693 patronos
962 2658 992 2684 et
1029 2653 1202 2685 advocatos

899 210 943 240 lN
968 209 993 240 I.
1019 209 1106 240 LIB.
1132 209 1331 240 SAMUEL.
1357 210 1453 240 (mi).
1478 209 1590 240 XXX.

2143 208 2204 238 ⁴598

1246 308 1398 341 tanquam
1442 302 1582 332 minores
1623 302 1696 333 deos
1731 302 1939 333 advocemus:
1978 300 2032 331 sed
2067 299 2205 330 sciamus

1246 344 1352 375 Deum
1367 356 1384 375 a
1404 344 1494 374 nobis
1514 345 1661 375 omnibus
1681 346 1827 375 sensibus
1846 346 1904 376 culi
1919 352 1947 374 ct
1967 344 2091 373 aid-irari
2115 341 2205 378 velle,

1246 394 1276 417 et
1300 388 1399 418 solam
1432 387 1517 416 illam
1544 398 1637 426 quani
1663 388 1870 427 praescripsit
1895 387 1984 417 nobis
2010 387 2039 415 in
2068 385 2207 414 Domino

1246 436 1357 460 nostro
1387 429 1461 460 Iesu
1485 430 1616 460 Ubi-isto
1648 431 1730 461 viam
1764 431 1918 461 insistere.
1964 428 2047 459 Nam
2079 429 2103 458 si
2135 427 2209 457 liuic

1247 473 1301 502 uni
1326 473 1587 512 acquiescamus,
1624 484 1785 512 nunquam
1812 475 1841 503 in
1875 472 1956 502 hanc
1985 479 2039 500 aut
2067 471 2097 500 in
2120 470 2208 499 illam

1247 520 1370 553 partem
1401 514 1634 545 distralieniiir:
1667 516 1796 555 ideoque
1818 515 1891 546 licet
1914 514 2044 554 angelos
2068 513 2209 542 sciamus

1246 568 1303 597 pro
1324 558 1415 588 nobis
1432 557 1575 596 vigilare,
1606 566 1795 598 nostraeque
1816 558 1929 588 salutis
1950 557 2112 586 ministros
2128 564 2208 590 csse,

1247 606 1279 630 et
1312 606 1439 639 paratos
1470 600 1507 629 ad
1548 601 1702 630 auxilium
1741 601 1830 631 nobis
1868 601 1897 630 in
1933 598 2026 629 rebus
2062 597 2208 636 angustis

1247 643 1425 682 ferendum,
1459 653 1625 681 nunquam
1657 651 1763 673 tamen
1795 644 1833 673 ad
1863 644 1949 682 ipsos
1972 650 2209 676 convertemur,

1246 685 1322 725 quin
1347 685 1453 715 Deum
1487 695 1583 714 uuum
1609 696 1813 724 quaeramus.
1844 693 1876 716 et
1897 687 1929 715 in
1953 685 2022 724 ipso
2046 683 2113 713 solo
2138 692 2208 721 per-

1246 728 1336 765 fecte,
1359 729 1390 758 id
1410 734 1469 766 est,
1489 728 1558 757 sine
1581 728 1783 758 simulatione
1804 728 2073 767 conquiescamus.
2106 726 2147 754 Et
2172 724 2209 754 de

1246 771 1338 801 istius
1363 771 1471 801 miseri
1490 770 1644 810 Aegyptii
1670 771 1821 809 religiono
1850 771 2015 806 hactenus,
2045 768 2209 798 dominum

1247 824 1322 844 vero
1346 814 1447 853 ipsius
1470 813 1551 852 quod
1584 814 1700 843 attinet
1724 814 1900 844 mercedem
1926 823 2002 843 suae
2026 809 2208 842 crudelitati

1247 856 1439 896 condignam
1464 857 1622 894 accepisse
1647 856 1748 894 ipsum
1776 856 1947 886 verisimile
1971 861 2027 885 est.
2052 854 2210 884 Miserum

1248 899 1332 929 enim
1363 898 1526 929 hominem
1559 907 1589 928 et
1613 899 1674 928 vile
1697 899 1892 938 mancipium
1918 903 2060 928 traxerat
2083 896 2121 926 ad
2148 894 2211 925 bel·

1247 941 1323 978 lum,
1348 941 1402 972 sed
1427 952 1523 980 quum
1549 941 1580 970 in
1599 941 1741 971 morbum
1768 942 1932 972 incidisset
1950 951 2057 971 cui-am
2082 948 2211 969 omncm

1247 985 1349 1023 ipsius
1373 984 1500 1015 abiecit:
1533 994 1626 1023 quem
1658 984 1768 1014 saltem
1796 985 1840 1014 'ad
1866 994 1972 1022 sepem
1998 983 2136 1022 aliquam
2161 990 2211 1010 re-

1247 1027 1358 1058 lictum
1391 1027 1544 1057 debuerat
1569 1032 1639 1065 post
1663 1027 1818 1065 praelium
1844 1034 1873 1056 et
1898 1026 2098 1056 eversionem
2123 1022 2212 1054 urbis

1247 1069 1376 1109 Siceleg
1399 1079 1572 1100 assumere.
1597 1069 1680 1107 Quid
1696 1071 1780 1099 enim
1796 1068 1935 1109 pudebat
1949 1069 2051 1107 ipsum
2067 1065 2210 1098 misereri

1247 1113 1340 1143 istius
1371 1112 1531 1151 mancipii,
1561 1122 1657 1150 quum
1682 1112 1787 1142 onusti
1818 1112 1935 1151 praeda
1960 1111 2156 1141 Amalecitae
2180 1115 2212 1138 et

1247 1161 1340 1195 parta
1363 1155 1498 1186 victoria
1522 1154 1746 1185 discederent?
1779 1166 1876 1193 quare
1907 1154 2005 1194 igitur
2033 1153 2128 1183 herus
2154 1154 2211 1183 iste

1248 1199 1364 1229 misero
1399 1197 1557 1237 mancipio
1593 1208 1655 1227 non
1686 1198 1859 1237 succurrit,
1892 1207 1948 1228 cur
1977 1206 2050 1226 eum
2087 1196 2211 1225 minore

1247 1241 1280 1271 in
1306 1241 1406 1280 pretio
1440 1251 1535 1280 quam
1560 1250 1669 1271 canem
1703 1240 1834 1270 habuit?
1871 1239 1967 1270 sane>
1988 1239 2136 1278 ingratus
2159 1238 2212 1268 ille

1247 1289 1280 1314 et
1302 1284 1499 1314 inhumanus
1524 1284 1599 1313 fuit:
1622 1282 1676 1313 sed
1702 1291 1808 1313 tamen
1834 1283 1884 1313 hic
1907 1281 2129 1311 admirandum
2153 1279 2212 1311 Dei

1248 1327 1417 1358 consilium
1452 1333 1515 1362 est,
1547 1327 1637 1357 cuius
1662 1326 1861 1364 providentia
1885 1324 1987 1360 istud,
2018 1335 2081 1354 non
2106 1324 2212 1364 aliquo

1248 1380 1323 1400 casu
1355 1370 1404 1400 vel
1427 1370 1557 1400 fortuna
1581 1369 1724 1408 contigit.
1759 1369 1802 1399 Et
1826 1367 2000 1398 verisimile
2025 1375 2073 1396 est
2097 1366 2212 1396 herum

1247 1412 1344 1444 istum
1376 1413 1408 1442 in
1433 1412 1553 1451 praelio
1577 1422 1713 1447 caesum,
1740 1418 1775 1441 ut
1799 1410 1991 1446 merebatur,
2017 1417 2046 1439 et
2071 1420 2127 1448 pro
2152 1410 2214 1440 lae-

1249 1456 1318 1486 titia
1342 1465 1438 1495 quam
1463 1454 1569 1485 debuit
1592 1454 1720 1484 domuin
1747 1454 1872 1484 rediens
1895 1452 2055 1492 consequi,
2080 1452 2213 1491 dignam

1247 1498 1436 1530 crudelitate
1457 1508 1513 1528 sua
1533 1504 1666 1527 moi-tom
1686 1507 1816 1536 passum
1833 1507 1911 1526 esse.
1937 1495 2024 1526 Sane
2045 1495 2212 1525 hominum

1247 1542 1396 1580 opinione
1420 1541 1480 1571 nisi
1505 1541 1537 1570 iti
1559 1550 1687 1570 sei-vum
1713 1540 1809 1569 istum
1833 1538 1940 1568 David
1964 1538 2138 1574 incidisset,
2163 1548 2212 1567 re-

1248 1585 1329 1615 scire
1358 1594 1422 1614 non
1451 1583 1606 1622 potuisset
1636 1593 1696 1621 quo
1728 1583 1794 1611 loco
1825 1587 1933 1612 essent
1964 1580 2080 1610 hostes.
2124 1580 2212 1611 Deus

1249 1627 1377 1666 quidem
1402 1627 1543 1665 profecto
1568 1625 1656 1655 illum
1682 1625 1813 1655 consilio
1834 1635 1897 1654 non
1917 1623 2132 1653 destituisset:
2157 1622 2212 1653 sed

1248 1669 1287 1699 de
1321 1669 1434 1700 mediis
1466 1670 1590 1709 agimus
1621 1678 1700 1706 quae
1736 1668 1766 1697 iii
1804 1677 1917 1697 sensus
1954 1665 2122 1696 homiuum
2165 1666 2211 1696 in-

1247 1719 1391 1743 currunt.
1412 1712 1480 1742 Nisi
1504 1722 1579 1750 ergo
1603 1711 1750 1740 domiuus
1775 1709 1828 1740 ille
1852 1717 1916 1739 tam
1940 1707 2077 1739 crudetis
2101 1708 2214 1739 suisset

1248 1755 1280 1786 in
1305 1755 1425 1786 famulo
1448 1765 1505 1785 suo
1531 1753 1715 1788 deserendo,
1739 1764 1801 1783 non
1823 1753 1948 1782 tulisset
1965 1762 2098 1790 poenam
2116 1762 2211 1790 quam

1248 1799 1362 1829 merito
1387 1798 1497 1828 tulisse
1521 1798 1624 1835 ipsum
1650 1796 1808 1825 videmus.
1834 1795 1899 1825 Nos
1923 1795 2029 1833 itaque
2052 1793 2211 1825 discamus

1249 1851 1359 1872 eorum
1396 1841 1540 1870 misereri
1572 1848 1650 1878 quos
1682 1839 1862 1868 laborantes
1900 1837 2095 1874 viderimus,
2131 1847 2210 1875 quos

1248 1883 1323 1915 licet
1342 1885 1485 1923 ingratos
1509 1883 1723 1921 experiamur,
1747 1880 1853 1911 Deum
1876 1887 1983 1910 tamen
2004 1890 2065 1909 non
2087 1879 2209 1909 dubite-

1249 1938 1320 1957 mus
1352 1927 1527 1956 mercedem
1565 1924 1654 1954 nobis
1685 1934 1742 1953 suo
1766 1930 1908 1962 tempore
1938 1933 2034 1961 quam
2067 1923 2211 1961 promisit

1249 1969 1461 2000 redditurum.
1487 1967 1607 1998 Contra
1625 1973 1806 1996 metuamus
1832 1977 1871 1996 ue
1895 1966 2027 1995 miseros
2046 1973 2077 1995 et
2094 1976 2212 2004 egenos

1250 2018 1490 2043 contemnentes
1515 2010 1604 2040 Deus
1635 2010 1665 2039 iii
1700 2019 1808 2048 parem
1843 2009 1982 2047 inopiam
2015 2014 2045 2038 et
2077 2008 2210 2038 necessi-

1251 2061 1348 2086 tatem
1373 2054 1518 2087 adducat.
1544 2059 1573 2083 et
1599 2052 1747 2082 omnibus
1771 2051 1900 2082 auxiliis
1924 2054 2086 2087 destituat,
2110 2051 2154 2080 sic
2180 2059 2213 2080 iit

1251 2098 1350 2129 nostri
1375 2097 1481 2127 nullus
1506 2096 1704 2131 misereatur,
1728 2094 1997 2134 quemadmodum
2022 2092 2103 2122 diXit
2126 2094 2213 2123 Deus

1251 2142 1332 2175 fore,
1364 2146 1397 2169 ut
1421 2150 1484 2178 qua
1508 2149 1660 2169 mensurat
1684 2139 1786 2167 metiti
1811 2137 1966 2167 fuerimus
1986 2137 2094 2166 eadem
2122 2136 2212 2166 nobis

1251 2183 1447 2214 remetiatur.
1484 2182 1520 2211 In
1547 2181 1659 2220 primis
1684 2191 1759 2210 vero
1790 2181 1928 2210 sciamus
1954 2191 2010 2209 nos
2035 2178 2213 2218 puniendos

1251 2227 1380 2267 gravius
1396 2225 1421 2254 si
1446 2224 1592 2254 crudeles
1616 2225 1647 2253 in
1673 2234 1725 2253 eos
1742 2224 1896 2253 fuerimus
1913 2222 2029 2262 quibus
2055 2232 2110 2250 nos
2128 2222 2215 2250 Deus

1252 2269 1354 2307 magis
1367 2267 1566 2302 devinxerat,
1590 2273 1622 2296 et
1646 2276 1808 2305 nunquam
1823 2266 2012 2304 impunitam
2034 2262 2214 2293 istiusmodi

1252 2311 1472 2342 crudelitatem
1498 2310 1572 2340 fore.
1599 2309 1768 2339 Discamus
1792 2309 1890 2347 igitur
1912 2308 2006 2337 huius
2023 2306 2214 2335 Amalecitae

1253 2353 1399 2392 exemplo
1423 2363 1544 2392 sapere,
1569 2362 1661 2390 quem
1688 2352 1833 2381 videmus
1857 2362 1873 2381 a
1894 2350 1963 2380 Deo
1987 2350 2030 2379 sic
2055 2348 2213 2387 punitum,

1253 2402 1288 2428 ut
1311 2395 1489 2426 derilictum
1513 2395 1707 2433 mancipium
1734 2394 1821 2424 Deus
1847 2393 1981 2423 voluerit
2005 2392 2035 2421 iii
2056 2390 2213 2420 Davidem

1253 2439 1405 2473 incidere.
1436 2445 1469 2468 ut
1501 2448 1536 2468 eo
1561 2437 1663 2467 iiidice
1695 2444 1939 2476 persequeretur
1963 2435 2123 2473 fugientes
2144 2433 2214 2463 illos

1253 2483 1360 2512 hostes
1384 2480 1598 2520 praedamque
1625 2486 1835 2518 recuperari-t.
1870 2478 2039 2507 Praeterea
2071 2484 2101 2505 et
2128 2475 2213 2505 istud

1253 2523 1506 2555 observandum.
1533 2524 1638 2553 Deum
1674 2523 1765 2552 nobis
1796 2523 1912 2551 tactum
1939 2519 2122 2559 propitium,
2148 2518 2212 2549 vic-

1254 2568 1367 2597 toriani
1387 2566 1425 2596 de
1448 2565 1593 2596 hostibus
1615 2565 1775 2601 daturum,
1799 2572 1829 2593 et
1854 2565 1937 2602 ipsos
1957 2569 2215 2598 excaecaturum,

1254 2615 1285 2640 ct
1316 2610 1507 2639 effecturum
1538 2616 1571 2639 ut
1609 2610 1656 2637 vel
1690 2607 1891 2646 inopinantes
1922 2604 2012 2634 nobis
2043 2604 2101 2643 ipsi
2126 2614 2216 2643 prae-

1255 2653 1351 2684 beant
1375 2651 1526 2683 victoriae
1543 2651 1750 2682 occasionem.
1775 2650 1829 2679 Sic
1847 2648 1932 2678 enim
1957 2647 2037 2678 solet
2053 2647 2140 2677 Deus
2165 2646 2215 2677 vel
