2551 3044
254 199 315 230 729
912 200 960 231 IN
985 200 1009 231 1.
1036 199 1123 230 LIB.

1150 200 1347 232 SAMUEL.
1372 201 1469 232 GAP.
1494 200 1627 232 XXXI.

2179 202 2194 209 ι-

2184 213 2190 232 (
2199 203 2240 232 30

246 293 416 333 pendentia
445 292 618 333 sustulisse,
652 293 815 332 eademque
837 292 904 333 iqm’
926 302 1085 330 cremasse,
1107 295 1133 324 et
1156 295 1222 323 tan-
1246 311 1249 323 i
1274 297 1380 322 tamen
1424 294 1483 325 hac
1517 295 1717 325 caeremonia
1752 305 1838 334 spem
1876 295 1959 325 vitae
1993 293 2162 331 retinebat,
2207 301 2237 323 et

252 336 320 367 dem
349 346 420 367 ossa
448 335 598 375 sepelisse.
645 335 683 366 In
722 335 835 375 primis
863 334 1101 366 observandum
1132 334 1220 365 illam

253 378 366 410 urbem
399 377 491 409 Sauli
520 377 673 417 privatim
705 377 805 408 fuisse
835 377 1029 413 devinctam,
1064 377 1222 417 singulari

253 420 356 461 ipsius
387 430 463 459 erga
494 419 595 459 ipsam
629 419 791 456 beneficio,
820 419 1091 459 quemadmodum
1124 419 1222 450 huius

252 463 405 494 historiae
425 462 517 493 initio
536 461 732 492 audivimus:
758 462 840 502 quod
861 462 1026 494 obsidione
1045 461 1221 498 liberasset,

252 509 284 537 et
306 504 498 545 urgentibus
522 503 611 534 illam
635 503 791 541 hostibus,
816 510 847 535 ct
871 505 998 544 iniquas
1016 514 1052 535 ac
1074 504 1222 535 crudeles

252 547 452 579 conditiones
490 545 711 582 offerentibus,
750 552 938 594 opportune
963 547 1130 586 suppetias
1148 546 1221 594 ipsi

251 590 386 621 tulisset.
431 588 535 620 Cuius
569 587 716 620 beneficii
747 589 902 619 memoria
930 590 1074 629 ipsorum
1103 588 1220 620 animis

250 632 346 663 altius
377 631 482 662 defixa
512 631 643 670 impulit
672 641 725 661 008
756 636 791 662 ut
814 642 872 662 suo
895 631 1037 671 periculo
1061 632 1220 662 cadavera

249 673 357 705 Saulis
380 678 413 704 et
435 673 575 704 filiorum
596 673 742 704 hostibus
762 674 886 714 eripere
905 674 1012 705 conati
1031 674 1097 704 sint
1117 673 1220 704 hono-

248 717 336 747 rifice
367 714 568 747 tumulanda.
614 715 687 754 Quo
717 716 865 755 exemplo
899 716 1050 748 doeemur
1079 717 1218 757 gratiam

247 758 435 790 hominibus
468 757 665 797 persolvere,
699 759 832 789 memori
864 764 970 789 mente
1000 760 1038 789 ab
1070 759 1147 797 ipsis
1171 768 1219 789 ac-

246 805 340 841 cepta
368 800 525 831 beneficia
562 804 757 840 repetentes,
799 801 824 832 si
855 801 1029 841 contigerit
1064 801 1150 840 ipsos
1183 801 1217 831 in

245 842 463 874 calamitatem
494 842 644 874 incidere.
690 842 729 873 In
754 843 814 874 hoc
837 844 922 874 enim
947 854 1023 874 vere
1046 853 1080 874 se
1103 843 1218 874 huma-

247 886 335 916 nitas
366 885 528 925 patefacit,
563 885 588 915 si
619 886 654 922 is,
690 886 739 916 eui
776 885 949 925 plurimum
982 885 1145 922 debemus,
1184 886 1216 916 in

246 928 463 959 calamitatem
487 927 648 964 inciderit,
681 932 712 958 et
735 938 826 968 opem
853 939 910 968 pro
933 928 1058 959 viribus
1082 929 1109 958 ei
1134 927 1216 959 tule-

244 971 356 1008 rimus,
380 974 583 1010 gratumque‘
598 970 742 1001 animum
767 975 915 1002 nostrum
929 971 1045 1010 reipsa
1069 969 1215 1001 demons-

245 1012 452 1044 traverimus.
500 1010 586 1043 Sane
616 1012 740 1043 incolae
771 1013 864 1044 labes
896 1013 1020 1044 Galaad
1050 1023 1115 1044 non
1147 1014 1216 1044 sine

244 1055 371 1095 ingenti
400 1054 545 1094 periculo
571 1059 721 1094 poterant
750 1057 788 1085 ad
820 1055 889 1095 ipsa
921 1056 1064 1087 hostium
1088 1056 1216 1086 moenia

243 1097 367 1134 venire,
392 1107 433 1128 ex
456 1096 571 1137 quibus
594 1096 771 1137 pendentia
793 1108 927 1137 corpora
950 1099 1035 1138 regis
1059 1098 1215 1129 filiorum-

243 1150 307 1179 que
337 1139 497 1177 tollerent,
532 1139 669 1180 integris
699 1141 891 1180 praesertim
921 1140 1027 1172 adhuc
1059 1140 1214 1176 hostibus,

242 1182 349 1213 minas
369 1186 402 1213 et
420 1181 551 1213 eaedem
571 1182 786 1221 spirantibus,
812 1188 849 1214 ut
868 1183 967 1214 solam
988 1192 1111 1223 necem,
1135 1183 1161 1214 si
1181 1183 1213 1212 in

243 1235 359 1256 manus
378 1225 523 1265 ipsorum
544 1224 722 1263 venissent,
741 1226 970 1265 exspectarint.
1000 1225 1093 1256 Clam
1113 1225 1213 1265 igitur

242 1278 311 1298 rem
347 1266 492 1308 aggressi
526 1270 610 1305 sunt,
644 1267 703 1298 etsi
737 1266 776 1298 dc
811 1269 879 1299 vita
911 1268 1147 1308 periclitantes:
1182 1273 1214 1298 et

242 1313 411 1349 acceptum
431 1320 450 1340 a
470 1308 569 1340 Saule
588 1309 780 1340 beneficium
800 1321 976 1351 agnoscere
1000 1315 1031 1341 et
1061 1321 1212 1351 compen-

241 1362 314 1383 sare
347 1362 405 1392 pro
439 1351 525 1383 virili
560 1352 665 1383 conati
700 1356 793 1389 sunt,
828 1354 889 1384 etsi
924 1352 1046 1383 nullam
1081 1353 1212 1392 abipso

240 1395 434 1432 mercedem,
473 1394 591 1434 quippe
624 1398 760 1431 mortuo,
801 1399 982 1435 sperantes:
1025 1400 1057 1426 et
1090 1395 1212 1426 honore

240 1437 390 1477 sepulcri,
413 1446 476 1476 quo
500 1440 609 1467 tamen
634 1447 697 1467 non
717 1437 920 1469 afficiebatur
938 1442 1096 1475 mortuus,
1121 1437 1211 1468 deco-

239 1489 322 1517 rare,
359 1485 392 1510 et
427 1479 641 1510 humanitatis
669 1479 811 1511 officium
842 1480 956 1512 facere.
1003 1480 1070 1511 Nos
1100 1490 1211 1511 eorum

239 1521 389 1561 exemplo
420 1521 581 1552 discamus
614 1521 776 1553 beneficiis
807 1524 948 1562 acceptis
971 1522 1010 1553 ab
1033 1523 1151 1562 aliquo,
1184 1523 1211 1554 si

238 1564 273 1595 in
296 1564 515 1595 calamitatem
540 1563 692 1604 deinceps
715 1564 876 1604 inciderit,
899 1576 956 1605 pro
974 1565 1098 1596 viribus
1117 1575 1211 1604 opem

237 1606 285 1637 illi
308 1606 401 1645 ferre,
430 1610 462 1637 et
492 1616 527 1636 rc
550 1605 621 1646 ipsa
644 1607 755 1638 testari
780 1618 838 1638 nos
861 1613 1066 1648 acceptorum
1090 1608 1210 1639 benefi-

236 1649 360 1680 ciorum
390 1648 579 1679 memoriam
610 1659 675 1680 non
708 1649 909 1689 deposuisse:
939 1661 980 1681 ne
1004 1650 1124 1690 alioqui
1145 1661 1211 1680 non

237 1695 366 1722 tantum
390 1690 519 1722 mortali
543 1690 712 1722 videamur
734 1692 885 1724 iniuriam
909 1693 1032 1731 facere,
1068 1692 1124 1724 sed
1146 1693 1210 1732 ipsi

236 1734 306 1765 Deo
341 1733 473 1765 viventi.
523 1733 608 1764 Nam
651 1734 799 1766 homines
834 1746 852 1766 a
885 1736 1000 1775 quibus
1035 1736 1211 1775 accipimus

235 1776 402 1824 beneficia,
443 1775 584 1806 ministri
626 1780 658 1807 et
691 1777 912 1809 instrumenta
945 1783 1022 1808 sunt
1057 1778 1210 1809 bonitatis

235 1818 354 1859 ipsius:
385 1828 465 1859 quos
495 1818 522 1849 si
553 1818 751 1859 negligimus
776 1825 808 1850 et
831 1821 1082 1858 contemnimus,
1115 1820 1209 1850 mali-

235 1862 315 1892 tiam
353 1861 514 1901 insignem
548 1871 620 1892 cum
651 1862 886 1902 ingratitudine
916 1873 1043 1894 summa
1074 1845 1209 1894 110111011-

237 1908 390 1940 stramus,
415 1903 587 1943 Deumque
611 1905 703 1944 parvi
727 1905 849 1936 anobis
872 1905 951 1943 fieri,
975 1905 1064 1936 0111118
1087 1906 1209 1936 instru-

234 1950 346 1977 menta
369 1956 433 1977 non
458 1946 672 1985 agnoscimus,
698 1957 732 1977 re
751 1947 820 1987 ipsa
843 1952 1009 1979 testamur.

320 1988 364 2019 Et
386 1988 544 2020 hactenus
565 1988 603 2019 de
622 1989 708 2025 istis3
733 1989 772 2020 de
790 1990 958 2030 sepultura
976 1990 1040 2020 iam
1061 2000 1205 2030 agamus.

234 2031 309 2072 Iym'
349 2032 527 2062 cremarunt
567 2031 729 2062 cadavera.
774 2032 972 2063 Inusitatum
1015 2036 1084 2063 erat
1121 2032 1206 2072 apud

234 2073 373 2104 Iudaeos
392 2073 461 2114 igni
479 2082 624 2105 cremare
640 2084 790 2114 corpora:
815 2074 1075 2114 quandoquidem
1095 2080 1206 2115 patres

234 2116 382 2156 sepultos
412 2115 511 2146 fuisse
535 2120 566 2146 et
589 2116 776 2148 inhumatos
799 2127 865 2148 non
888 2118 1039 2148 crematis
1062 2117 1205 2158 corpori—

233 2158 294 2190 bus
325 2159 461 2190 scimus:
500 2158 560 2189 etsi
592 2158 708 2190 deinde
739 2170 808 2190 mos
839 2160 894 2190 ille
922 2159 1088 2191 cremandi
1120 2160 1205 2199 apud

233 2201 354 2232 multas
383 2205 496 2242 gentes
528 2201 681 2233 invaluit:
718 2202 774 2233 sed
805 2202 912 2242 aliquo
935 2213 1024 2233 more
1047 2202 1206 2233 cadavera

233 2243 363 2275 condita
386 2243 585 2275 aromatibus
605 2243 696 2275 humi
716 2244 948 2276 condebantur.
995 2245 1108 2284 Neque
1127 2255 1206 2276 vero

234 2286 280 2318 sic
310 2285 556 2323 condiebantur,
584 2286 675 2326 quasi
699 2292 844 2319 mortuos
868 2291 1013 2318 aromata
1036 2287 1203 2318 iuvarent:

234 2328 290 2360 sed
332 2333 429 2369 typus
469 2327 602 2367 quidam
643 2329 705 2359 fuit
746 2329 800 2360 ille
841 2330 924 2361 ritus
959 2330 1205 2361 resurrectionis

233 2370 371 2409 futurae,
412 2380 475 2410 quo
510 2371 701 2410 superstites
736 2372 767 2402 in
802 2372 969 2412 sepultura
1003 2377 1204 2403 mortuorum

233 2412 474 2444 erudiebantur.
541 2413 735 2444 Mandatum
781 2415 867 2445 enim
911 2414 1010 2445 humo
1055 2414 1204 2451 cadaver,

233 2456 333 2487 veluti
363 2455 547 2496 depositum
572 2459 676 2488 terrae
707 2457 996 2488 commendabatur
1019 2456 1119 2489 donec
1154 2457 1203 2487 in-

233 2501 454 2530 stauraretur:
480 2508 579 2537 quare
602 2508 700 2537 quum
725 2499 826 2530 vitam
851 2500 1070 2539 incorruptam
1094 2509 1203 2539 spera-

233 2545 314 2579 rent,
344 2539 542 2572 aromatibus
572 2550 707 2580 corpora
729 2541 933 2573 condiebant.
980 2541 1056 2580 Qua
1078 2543 1204 2573 ratione

232 2582 463 2614 consulebatur
491 2582 652 2614 humanae
679 2584 864 2615 infirmitati
887 2589 919 2614 et
942 2584 1086 2622 ruditati,
1121 2594 1204 2624 quae

234 2635 333 2665 quum
374 2634 509 2665 corpora
542 2626 575 2655 111
610 2626 849 2666 corruptionem
885 2626 1003 2658 resolvi
1038 2632 1202 2658 cerneret:

1276 336 1484 366 tentationem
1509 336 1597 366 illam
1622 337 1770 367 interitus
1794 338 1974 376 superabat.
2021 336 2119 366 Nulla
2141 337 2239 376 1011111

1275 379 1460 416 superstitio
1495 379 1553 409 fuit
1590 379 1620 409 in
1655 378 1843 410 condiendis
1877 379 2071 427 corporibus,
2106 378 2160 409 sed
2196 379 2239 409 ita

1274 418 1395 450 ferebat
1426 431 1503 451 usus
1532 431 1625 460 quem
1658 427 1784 460 patrum
1817 422 1934 451 animis
1965 421 2034 469 ipse
2065 420 2156 451 Dens
2183 422 2239 451 im-

1274 467 1449 500 presserat:
1475 472 1511 493 ac
1530 463 1664 502 proinde
1684 464 1757 494 lieet
1776 464 1859 494 nulli
1864 474 1899 494 m
1921 465 2075 504 scriptum
2097 468 2239 494 exstaret

1274 513 1338 542 quo
1363 505 1551 542 niterentur,
1587 515 1650 535 non
1682 507 1751 542 sine
1774 506 1836 536 fide
1860 511 1968 537 tamen
1994 506 2074 536 illud
2099 505 2138 535 ab
2162 506 2238 545 ipsis

1272 546 1379 581 fiebat
1410 546 1481 577 Deo
1512 547 1596 586 ipsos
1621 548 1815 579 intrinsecus
1838 554 1981 588 regente.
2027 548 2125 578 Hunc
2148 559 2237 588 sepc-

1272 587 1370 618 liendi
1401 596 1545 620 mortuos
1575 590 1672 619 ritum
1704 591 1830 630 excepit
1853 591 2049 621 consuetudo
2074 590 2237 621 cremandi

1272 630 1441 667 cadavera,
1472 642 1553 670 quac
1577 642 1594 661 a
1618 632 1709 671 plebe
1732 634 1836 672 coepit
1859 633 1997 670 initium,
2028 632 2112 672 qnod
2137 643 2237 672 quum

1272 682 1336 703 non
1356 677 1441 703 esset
1460 674 1642 713 sumptibus
1662 675 1801 706 ferendis
1820 685 1885 714 par,
1906 686 1984 715 quos
2005 675 2036 704 in
2050 674 2238 705 condiendis

1271 714 1458 755 corporibus
1480 716 1584 746 facere
1608 717 1783 755 oportebat,
1819 718 1915 748 aliam
1939 718 2098 748 rationem
2123 717 2237 756 plebeii

1272 757 1419 788 homines
1438 757 1593 795 inierunt,
1614 759 1777 789 cremandi
1798 770 1939 799 corpora
1959 764 1991 790 et
2010 760 2134 790 cineres
2153 759 2238 790 colli-

1270 800 1377 839 gendi,
1409 810 1489 839 quos
1513 800 1546 830 in
1572 802 1662 831 urnis
1686 802 1908 832 recondebant.
1954 803 2004 833 De
2028 801 2137 832 Saulis
2161 812 2236 832 vero

1270 842 1475 882 filiorumque
1512 843 1615 882 ipsius
1652 845 1837 882 corporibus
1872 844 1957 875 istud
1988 849 2035 875 est
2065 844 2236 884 peculiare,

1270 885 1352 923 quod
1378 895 1443 915 non
1467 886 1498 915 in
1523 886 1648 916 cineres
1672 886 1802 916 omnino
1828 886 1954 918 redacta
1978 892 2063 924 sunt,
2085 886 2140 917 sed
2164 897 2237 918 ossa

1269 928 1404 966 sepulta.
1451 927 1628 958 Combusta
1658 928 1759 967 igitur
1790 929 1946 959 cadavera
1978 929 2132 960 videntur
2154 939 2236 969 quae

1268 970 1332 1000 iam
1356 971 1519 1010 corrumpi
1543 975 1724 1010 coeperant,
1748 971 2005 1010 quandoquidem
2029 972 2092 1002 iam
2111 971 2235 1011 aliquot

1269 1011 1337 1043 dies
1360 1022 1517 1052 suspensa
1541 1013 1671 1043 fuerant
1693 1012 1733 1043 ad
1753 1013 1869 1044 solem:
1893 1014 1971 1044 adeo
2002 1019 2037 1044 nt
2064 1014 2234 1052 putredine

1268 1054 1331 1085 iam
1364 1056 1526 1095 corrumpi
1557 1055 1728 1094 coeperint.
1773 1055 1896 1086 Idcirco
1927 1057 2025 1096 igitur
2053 1056 2147 1087 Iabes
2171 1056 2235 1088 Ga-

1268 1097 1340 1127 laad
1382 1097 1506 1128 incolae
1548 1102 1733 1137 corruptam
1767 1108 1897 1128 carnem
1928 1100 2003 1138 igne
2037 1104 2234 1135 cremarunt,

1268 1146 1440 1179 antequam
1473 1150 1545 1170 ossa
1576 1140 1758 1179 sepelirent.
1803 1141 1902 1180 Atqui
1926 1146 1961 1171 ut
1985 1145 2059 1171 ante
2083 1141 2234 1178 diximus,

1267 1182 1350 1213 nihil
1381 1182 1443 1213 ista
1472 1182 1603 1213 Saulem
1635 1193 1739 1222 neque
1773 1188 1917 1213 mortuos
1948 1183 2030 1214 filios
2062 1183 2235 1214 iuvabant:

1268 1235 1381 1255 verum
1424 1230 1532 1255 tamen
1576 1224 1664 1255 Deus
1706 1225 1778 1256 illos
1812 1225 2024 1256 nihilominus
2058 1226 2161 1257 voluit
2195 1225 2234 1256 ab

1266 1267 1445 1308 ignominia
1475 1272 1507 1297 et
1537 1267 1690 1298 dedecore
1722 1268 1902 1299 vindicare:
1937 1279 1976 1299 ex
2008 1278 2069 1307 quo
2101 1278 2235 1308 apparet

1267 1310 1448 1350 mitigatam
1480 1310 1577 1341 fuisse
1602 1310 1701 1350 ipsius
1725 1310 1911 1341 vindictam.
1957 1310 2079 1341 Severe
2103 1311 2234 1350 quidem

1266 1362 1344 1384 sane
1375 1352 1509 1383 Saulem
1541 1352 1629 1383 ultus
1657 1359 1713 1389 est,
1752 1363 1850 1392 quum
1882 1363 1946 1383 non
1981 1357 2109 1383 tantum
2140 1353 2232 1383 illum

1266 1394 1409 1426 hostium
1430 1395 1591 1426 voluntati
1612 1395 1771 1434 permisit:
1791 1394 1845 1425 sed
1866 1396 1911 1426 810
1927 1396 2025 1426 etiam
2040 1396 2234 1433 excaecavit,

1266 1443 1301 1468 nt
1323 1438 1433 1468 furore
1456 1437 1594 1477 quodam
1615 1437 1755 1477 percitus
1774 1437 1834 1468 sibi
1852 1438 1913 1477 ipsi
1933 1448 2050 1468 manus
2070 1437 2234 1468 intulerit:

1266 1484 1298 1510 et
1321 1480 1458 1511 cadaver
1481 1480 1582 1519 ipsius
1602 1480 1641 1510 ab
1659 1479 1806 1510 hostibus
1820 1484 1984 1519 raptatum
1999 1481 2050 1518 sit,
2073 1485 2104 1511 et
2117 1480 2233 1511 deinde

1265 1531 1478 1562 suspensum:
1509 1533 1593 1562 quae
1623 1522 1731 1553 omnia
1759 1533 1820 1552 non
1855 1522 1951 1553 dubia
1980 1523 2074 1563 signa
2103 1523 2231 1553 fuerunt

1265 1565 1331 1596 irae
1366 1565 1427 1595 Dei
1463 1564 1596 1596 Saulem
1631 1564 1671 1595 ad
1705 1575 1822 1604 poenas
1856 1566 2027 1604 poscentis,
2061 1575 2140 1605 quas
2175 1576 2233 1596 sua

1265 1608 1452 1648 arrogantia
1475 1612 1546 1638 erat
1564 1608 1765 1647 promeritus.
1811 1606 1880 1637 Iam
1900 1618 1978 1638 vero
1994 1607 2085 1638 Deus
2104 1607 2233 1639 videtur

1264 1649 1302 1681 de
1325 1660 1450 1689 poenae
1473 1651 1645 1681 severitate
1669 1649 1787 1689 aliquid
1812 1649 1985 1688 remisisse,
2014 1661 2078 1680 non
2103 1655 2230 1680 tantum

1262 1692 1296 1723 in
1330 1692 1449 1731 Saulis,
1480 1692 1536 1724 sed
1567 1693 1671 1732 potius
1702 1693 1734 1722 in
1765 1694 1861 1723 totius
1884 1692 1995 1732 populi
2019 1692 2168 1733 gratiam,
2199 1699 2231 1723 ut

1262 1735 1426 1775 profligati
1457 1740 1489 1766 et
1518 1734 1753 1774 desperabundi
1777 1745 1815 1765 ex
1840 1740 1970 1774 accepta
1993 1734 2083 1766 clade
2107 1735 2232 1766 animos

1262 1777 1460 1818 colligerent,
1496 1782 1528 1808 et
1562 1778 1695 1808 meliora
1728 1787 1857 1817 sperare
1891 1777 2082 1817 inciperent.
2136 1777 2229 1808 Divi—

1261 1831 1339 1851 num
1375 1831 1451 1861 ergo
1486 1821 1548 1851 fuit
1581 1831 1676 1859 opus:
1720 1830 1792 1850 nam
1829 1819 1957 1850 divinae
1994 1820 2231 1852 maledictionis

1261 1863 1391 1902 signum
1415 1863 1477 1893 fuit
1506 1873 1674 1902 corporum
1699 1862 1755 1892 illa
1779 1861 1923 1899 abiectio,
1958 1868 2057 1902 prout
2080 1863 2150 1903 lege
2174 1874 2230 1894 sua

1261 1904 1351 1935 Deus
1374 1906 1482 1936 fuerat
1504 1905 1730 1943 comminatus,
1764 1904 1932 1944 sepultura
1955 1905 2120 1936 asinorum
2144 1916 2230 1945 sepe-

1261 1947 1411 1979 liendos'
1403 1948 1505 1987 ipsius
1521 1952 1787 1987 transglessores
1818 1947 1944 1995 Quibus
1964 1948 2071 1978 verbis
2090 1948 2229 1978 ostendit

1260 2000 1324 2021 non
1362 1991 1511 2021 satisfieri
1547 1990 1654 2020 divino
1684 1989 1800 2020 iudicio
1827 1990 1939 2029 poenis
1967 2000 2048 2029 quas
2079 1991 2227 2021 viventes

1259 2033 1422 2063 sustinent
1464 2038 1722 2073 transgressores
1763 2032 1852 2071 legis,
1895 2032 1952 2063 sed
1985 2038 2057 2072 post
2091 2038 2227 2063 mortem

1259 2075 1356 2106 etiam
1389 2075 1451 2106 Dei
1483 2075 1742 2106 maledictionem
1766 2074 1837 2104 11108
1861 2075 2019 2114 persequi,
2053 2079 2085 2104 et
2107 2075 2139 2106 in
2164 2075 2227 2105 illis

1258 2117 1432 2157 puniendis
1472 2117 1627 2150 iustitiam
1670 2127 1761 2147 snam
1803 2127 1963 2148 exercere.
2025 2117 2085 2148 Est
2126 2118 2227 2157 igitur

1258 2160 1389 2191 divinae
1419 2160 1654 2191 maledictionis
1684 2159 1821 2198 signum,
1852 2159 2016 2199 insepulta
2046 2160 2151 2190 iacere
2174 2169 2224 2190 ca-

1257 2202 1386 2235 davera.

1343 2245 1516 2276 Caeterum
1558 2243 1828 2284 quemadmodum
1871 2243 1981 2274 fideles
2023 2245 2159 2275 veniunt
2193 2246 2224 2276 111

1258 2292 1381 2326 partem
1412 2288 1632 2319 calamitatum
1664 2291 1694 2316 et
1717 2286 1929 2317 afflictionum
1953 2297 2034 2326 quae
2058 2287 2224 2326 improbis,

1256 2330 1431 2361 incredulis
1465 2336 1496 2361 et
1526 2329 1697 2361 rebellibus
1726 2329 1964 2359 immittuntur:
2001 2339 2095 2368 saepe
2124 2330 2160 2360 fit
2192 2338 2225 2361 111

1257 2373 1325 2403 veri
1348 2373 1412 2403 Dei
1435 2373 1504 2411 filii,
1527 2378 1558 2403 et
1582 2371 1709 2411 quidem
1734 2371 1773 2401 ab
1795 2371 1865 2410 ipso
1888 2370 2005 2408 dilecti,
2030 2371 2157 2403 iaceant
2176 2374 2223 2403 in-

1256 2415 1389 2454 sepulti:
1425 2415 1508 2454 quod
1540 2425 1637 2454 quum
1668 2413 1827 2453 contingit
1849 2422 1915 2444 non
1937 2412 2056 2444 idcirco
2079 2414 2221 2446 iudieaw

1256 2457 1333 2488 dum
1357 2468 1374 2488 a
1398 2457 1468 2488 Deo
1490 2457 1589 2488 fuisse
1612 2456 1763 2487 reiectos:
1787 2455 2047 2495 quandoquidem
2072 2467 2220 2488 nonnun-

1256 2510 1352 2539 quam
1393 2499 1484 2531 Deus
1525 2499 1683 2539 permittit
1724 2498 1887 2537 improbos
1929 2498 2042 2529 laetari
2078 2500 2223 2531 virorum

1255 2542 1412 2573 bonorum
1457 2541 1610 2572 dedecore
1645 2546 1677 2570 et
1710 2540 1903 2580 ignominia:
1949 2541 2221 2580 quemadmodum

1255 2585 1422 2616 ecclesiam
1452 2585 1484 2615 in
1516 2584 1646 2615 Psalmo
1669 2584 1823 2622 conqueri
1847 2582 2005 2621 videmus,
2036 2589 2220 2615 sanctorum

1256 2637 1388 2667 corpora
1418 2627 1565 2666 exposita
1600 2625 1783 2657 volatilibus
1806 2625 1885 2656 coeli
1909 2631 1939 2656 et
1965 2626 2077 2658 bestiis
2101 2630 2221 2658 terrae:
