2551 3044
76 1491 79 1493 ’
116 1493 198 1515 mUS.

136 197 192 229 361

137 291 241 326 vertit,
286 301 368 331 quae
412 300 474 321 non
503 294 667 330 pateretur
696 289 801 328 ipsum
835 287 950 319 rationi
985 287 1089 319 locum

135 334 220 365 dare.
263 333 372 372 Quare
406 339 552 363 movetur
582 330 715 362 Davidis
744 340 871 370 pavore,
907 334 938 360 et
969 330 1088 370 aliquid
1115 346 1116 366 2

136 377 234 417 ipsius
259 374 490 416 perturbationi
512 373 682 408 condonat,
711 379 741 403 et
765 383 822 412 pro
846 372 931 403 virili
963 372 1089 403 adferre

135 426 269 451 conatur
297 416 483 448 remedium.
535 416 622 447 Hinc
649 422 760 446 mutuo
784 415 992 446 iureiurando
1015 426 1087 447 con-

136 464 284 493 firmatur
316 460 433 490 iterum
466 458 582 489 initum
626 458 710 488 inter
743 458 829 498 ipsos
864 458 984 489 foedus.
1042 459 1088 489 Ac

132 515 209 536 sane
231 502 376 534 homines
399 506 516 532 natura
538 502 628 540 proni
659 505 734 531 sunt
757 500 796 531 ad
820 500 873 530 illa
896 500 1088 537 iuramenta,

132 556 230 587 quum
253 544 425 576 necessitas
455 543 604 583 postulat.
651 543 808 582 Equidem
841 543 879 573 de
910 544 1089 574 temerariis

131 587 318 620 iuramentis
348 596 413 617 non
443 585 563 625 loquor,
592 590 624 617 et
655 585 694 616 de
717 586 813 616 rebus
845 585 936 616 vanis
963 590 995 617 et
1016 586 1088 617 inu-

129 631 239 663 tih'bus
261 629 376 660 leviter
398 628 506 660 factis:
531 628 587 659 sed
609 627 648 659 de
671 628 711 659 iis
734 638 816 668 quae
840 628 880 659 ad
903 638 955 660 res
977 629 1087 669 magni

127 673 280 705 momenti
305 671 509 709 adhibentur,
537 681 634 711 quum
661 671 768 710 aliqua
797 671 907 702 subest
929 671 1088 702 dubitatio

127 723 163 747 ut
200 715 348 746 homines
389 718 525 744 utantur
564 713 774 744 iureiurando
815 714 906 753 quasi
950 714 1086 754 quodam

126 758 260 791 coelitus
304 757 410 788 oblato
454 756 604 793 remedie,
649 756 689 787 ad
731 761 877 787 mutuam
911 756 1086 787 tollendam

128 800 352 832 diffidentiam.
397 799 467 830 Hoc
496 799 595 839 igitur
625 799 718 839 quasi
747 799 858 830 fraeno
889 798 1006 830 debent
1029 799 1087 830 ho-

127 845 230 875 mines
253 842 400 874 retineri:
431 852 507 873 nam
537 842 621 872 unde
651 841 876 873 iusiurandum
907 843 1086 882 proveniat,

127 886 204 918 satis
227 890 369 926 apparet,
400 895 515 924 nempe
537 895 555 914 a
580 884 756 916 vitiositate
778 894 861 924 quae
891 885 925 915 in
948 890 1086 925 utraque

126 935 218 969 parte
240 934 298 960 est.
342 927 426 958 Nam
447 926 529 958 alter
551 926 730 958 diffidentia
753 927 885 964 laborat,
917 937 1012 967 quem
1036 933 1086 958 ta-

126 982 201 1003 men
238 971 354 1002 melius
383 970 502 1001 sentire
539 969 578 1001 d‘e
613 969 670 1000 illo
713 980 786 1001 cum
820 980 883 1010 quo
913 970 1085 1008 contrahit,

126 1024 243 1054 nempe
264 1014 331 1044 fore
352 1012 489 1049 fidelem,
513 1012 690 1053 oportebat.
724 1013 874 1044 Alterum
899 1023 975 1044 vero
999 1014 1084 1054 cogi-

126 1063 204 1094 tare,
227 1055 312 1088 unde
334 1055 389 1086 illa
412 1054 591 1086 diffidentia
608 1055 837 1095 proficiscatur,
862 1066 977 1096 nempe
1000 1056 1085 1096 quod

124 1110 159 1131 se
183 1099 269 1139 ipsos
292 1098 439 1130 homines
467 1108 533 1128 non
563 1098 684 1137 norint,
715 1104 747 1129 et
769 1097 808 1129 ad
831 1099 1085 1130 inconstantiam

125 1142 283 1183 proclives
317 1141 390 1177 sint,
422 1141 529 1180 itaque
563 1141 701 1172 amicum
734 1141 827 1178 ferre,
865 1148 897 1172 et
926 1141 973 1172 illi
1007 1142 1084 1182 quid

124 1190 241 1225 peccat,
272 1183 462 1215 condonare.
516 1182 582 1214 Sed
612 1194 712 1223 quum
742 1193 837 1214 suum
867 1184 1001 1224 quisque
1032 1185 1085 1215 ius

124 1227 329 1268 pertinaciter
353 1226 422 1257 vult
445 1226 538 1264 tueri,
567 1231 600 1257 et
619 1236 713 1257 nemo
736 1226 921 1257 infirmitati
944 1228 1083 1267 proximi

122 1269 310 1306 condonare,
342 1274 373 1299 et
402 1269 523 1309 effugia
552 1269 627 1300 hine
654 1268 728 1300 inde
750 1280 913 1309 quaerere,
941 1270 1017 1301 inde
1048 1271 1084 1301 fit

122 1318 158 1344 ut
181 1312 397 1344 dissolvantur
420 1312 590 1343 amicitiae.
636 1312 724 1353 Ergo
747 1317 880 1352 apparet
902 1313 1084 1343 iuramenta

122 1365 190 1387 esse
223 1355 262 1386 ab
293 1355 461 1386 hominum
484 1355 692 1385 infirmitate:
726 1365 821 1394 quam
855 1360 963 1386 tamen
994 1355 1084 1387 Deus

122 1397 262 1429 tolerans
292 1408 385 1429 suum
416 1407 533 1428 nomen
567 1397 659 1428 nobis
692 1397 847 1435 concedit,
878 1405 913 1428 ut
941 1408 978 1429 eo
1012 1404 1082 1429 tan-

118 1450 214 1481 quam
248 1445 335 1472 certo
370 1441 503 1481 pignore
527 1440 606 1479 nixi,
636 1440 731 1471 fidem
761 1440 816 1472 alii
843 1440 915 1472 aliis
939 1447 1082 1481 praeste-

243 1483 312 1514 Nae
334 1493 434 1523 quum
453 1483 542 1514 Deus
566 1488 655 1514 tanta
678 1493 755 1523 erga
778 1494 838 1514 nos
856 1488 968 1515 utatur
991 1483 1080 1515 boni-

117 1532 193 1565 tate,
231 1531 268 1557 ut
305 1536 423 1557 nomen
456 1536 552 1557 suum
580 1537 616 1557 eo
650 1537 751 1566 usque
785 1526 937 1558 demittat
972 1531 1009 1557 ut
1040 1527 1082 1558 sit

119 1569 209 1600 nobis
239 1569 306 1600 loco
335 1569 488 1609 pignoris,
520 1578 556 1599 eo
587 1569 707 1600 maiore
736 1568 892 1600 modestia
921 1574 954 1600 et
984 1580 1077 1601 reve-

119 1611 239 1643 rentia>
257 1621 315 1643 nos
350 1611 439 1643 decet
473 1611 513 1642 ad
545 1611 717 1643 iurandum
748 1612 906 1650 accedere,
939 1616 971 1643 et
1001 1612 1079 1643 dare

119 1664 248 1694 operam
278 1665 320 1685 ne
342 1653 405 1685 Dei
436 1664 553 1685 nomen
584 1659 704 1686 temere
733 1660 927 1687 assumatur.
971 1654 1079 1686 Deum

119 1697 227 1737 itaque
256 1697 446 1728 iuramentis
477 1697 659 1736 praesidere
693 1697 840 1736 sciamus⁷
875 1708 911 1729 ac
945 1698 1079 1738 proinde

119 1750 186 1770 non
208 1741 441 1779 permissurum
464 1750 532 1771 rem
555 1744 620 1771 tam
638 1746 783 1771 sanctam
806 1746 838 1771 et
856 1751 980 1772 sacram
1004 1751 1079 1773 con-

120 1783 232 1821 temni,
261 1788 292 1813 et
322 1783 354 1813 in
386 1782 523 1814 abusum
550 1782 672 1815 venire.
717 1783 825 1823 Atque
855 1783 939 1815 hanc
963 1783 1078 1814 doctri-

119 1835 194 1856 nam
218 1825 393 1857 referamus
416 1836 457 1856 ex
479 1825 519 1856 iis
542 1836 623 1866 quae
646 1825 684 1856 de
707 1825 888 1857 Ionathano
913 1826 1077 1858 dicuntur:

119 1878 234 1908 nempe
256 1873 410 1899 renovato
439 1868 645 1899 iureiurando
668 1868 827 1900 Davidem
860 1870 1078 1907 confirmasse,

119 1916 150 1942 et
169 1911 208 1942 de
231 1920 289 1942 sua
311 1911 373 1942 fide
396 1913 564 1942 certiorem
586 1911 710 1943 fecisse.

204 1953 304 1985 Porro
323 1954 431 1985 variae
450 1954 502 1985 hic
518 1955 744 1994 exprimuntur
763 1954 971 1986 iurisiurandi
992 1955 1079 1987 illius

119 1996 285 2035 formulae,
308 1996 393 2036 quod
418 1997 511 2027 tertio
534 2002 566 2028 et
588 2003 701 2037 quarto
713 1997 915 2029 Ionathanus
939 1998 1077 2038 repetiit,

118 2045 290 2079 ratumque
312 2039 389 2071 fecit
411 2050 503 2071 suum
528 2050 718 2076 sermonem,
748 2048 780 2070 et
801 2050 870 2071 sese
893 2046 1006 2071 mutuo
1029 2041 1078 2072 illi

118 2080 226 2113 David
249 2082 429 2113 obstrinxit.
481 2082 584 2114 Voces
611 2083 697 2114 enim
728 2082 810 2120 illae,
843 2082 1001 2114 Dominus
1029 2094 1078 2115 re-

118 2124 222 2163 quirat
249 2124 287 2155 ab
315 2125 453 2156 inimicis
481 2124 628 2162 Davidis,
659 2136 726 2156 non
756 2131 890 2165 possunt
917 2126 956 2156 ad
980 2126 1077 2157 Iona-

118 2165 252 2198 thanum
274 2167 395 2205 referri,
418 2174 455 2198 ut
477 2171 587 2199 tamen
609 2169 675 2199 fere
698 2168 743 2205 fit,
774 2167 829 2200 sed
852 2168 891 2199 ad
915 2169 1076 2200 Davidem

120 2209 251 2240 omnino
288 2210 482 2251 referendae,
528 2211 584 2251 qui
629 2222 663 2242 se
704 2221 761 2251 per
801 2211 872 2242 illas
915 2211 1076 2243 submittit

121 2251 261 2282 hostium
283 2263 412 2284 suorum
439 2254 607 2293 voluntati,
636 2258 668 2285 et
695 2254 802 2294 puniri
831 2254 870 2284 ab
901 2254 964 2285 illis
994 2261 1075 2292 orat,

122 2293 184 2324 nisi
206 2293 301 2325 fidem
324 2295 503 2327 Ionathano
534 2295 691 2327 dictorum
719 2296 907 2328 servaverit.
952 2296 1074 2329 Occur-

121 2336 164 2366 rit
197 2346 272 2376 ergo
301 2338 403 2376 primo
435 2338 512 2377 loeo,
546 2339 684 2370 formula
716 2339 780 2378 illa,
812 2339 956 2378 Domine,
986 2339 1074 2371 Deus

124 2378 243 2410 Israel:
264 2389 343 2418 quae
365 2381 515 2420 quoniam
543 2382 727 2422 interrupta
756 2386 813 2422 est,
842 2382 971 2422 quidam
995 2382 1074 2414 haec

123 2421 221 2452 verba
243 2431 315 2452 cum
331 2424 536 2462 sequentibus
555 2424 764 2465 coniungunt,
788 2424 874 2456 Haec
894 2424 993 2464 faciat
1009 2425 1072 2457 Do-

120 2464 225 2494 minus
258 2463 405 2496 Ionathae
437 2468 463 2498 et
493 2466 566 2499 haec
599 2467 703 2499 addat.
748 2467 872 2498 Verum
904 2467 986 2499 nihil
1016 2468 1074 2499 im-

121 2505 210 2546 pedit
241 2506 413 2545 quominus
440 2508 519 2540 haee
548 2510 646 2542 verba
678 2521 736 2551 per
769 2521 802 2542 se
836 2510 1072 2552 intelligamus:

121 2548 278 2580 Dominus
299 2548 386 2580 Deus
406 2550 441 2582 in
463 2551 572 2584 Israel.
617 2553 701 2584 Nam
730 2555 764 2584 in
794 2553 894 2585 sacris
917 2554 1073 2585 usitatum

122 2598 179 2628 est,
214 2591 395 2623 iuramenta
427 2604 491 2624 non
525 2595 649 2636 integre
683 2606 809 2636 semper
842 2596 980 2636 exprimi
1015 2607 1073 2628 nec

122 2633 229 2666 verbis
273 2635 434 2675 conceptis
483 2636 652 2677 explicari,
704 2638 760 2670 sed
811 2649 867 2679 per
913 2638 1072 2679 quandam

788 195 832 225 IN
860 195 883 225 1.
908 195 995 226 LIB.
1021 193 1217 226 SAMUEL.
1243 196 1339 228 CAP.
1364 197 1441 228 XX.

2041 200 2102 231 362

1144 287 1351 328 ἀποσιώπησιν
1390 292 1610 331 pronunciari:
1653 293 1922 333 quemadmodum
1960 294 2100 333 plerum-

1144 342 1204 370 que
1227 334 1323 364 ctiam
1348 334 1378 364 in
1404 345 1550 365 sermone
1574 336 1691 366 usitato
1723 336 1813 366 multi
1846 336 2000 376 quaedam
2025 338 2101 368 reti—

1143 382 1226 411 cent,
1270 386 1371 415 neque
1406 377 1498 416 pleno
1533 388 1622 408 suam
1656 383 1794 409 mentem
1830 379 1980 419 aperiunt
2013 380 2098 420 quod

1143 417 1220 447 satis
1244 418 1452 458 intelligatur.
1498 420 1605 459 Atque
1635 421 1693 451 hoc
1724 421 1755 451 in
1787 422 1979 453 iuramentis
2003 423 2100 453 usita-

1143 465 1210 489 tum
1233 465 1363 500 propter
1387 462 1526 501 ipsorum
1553 464 1781 494 reverentiam:
1815 475 1887 495 nam
1912 465 2101 505 plerumque

1143 502 1175 532 in
1200 502 1263 533 illis
1287 510 1437 542 peccatur
1467 504 1506 535 ab
1536 505 1719 536 hominibus
1749 506 1883 538 audacia
1916 515 1946 538 et
1970 509 2098 539 temeri-

1143 550 1222 575 tate:
1257 545 1373 584 quibus
1404 546 1463 577 Dei
1495 558 1611 578 nomen
1646 548 1724 579 adeo
1757 549 1820 580 vile
1845 556 1894 580 est
1926 556 1962 581 ut
1990 560 2026 581 eo
2055 551 2099 582 le-

1143 587 1272 618 vissime
1296 588 1471 619 abutantur
1502 595 1534 620 et
1567 595 1722 630 tanquam
1753 592 1923 632 sphaeram
1956 593 2097 631 volvant,

1143 633 1237 669 atque
1271 631 1478 662 iurisiurandi
1514 633 1603 663 nulla
1642 637 1825 665 reverentia
1859 635 2033 666 ducantur:
2068 643 2099 667 et

1141 673 1232 712 quasi
1267 673 1373 703 Deum
1398 674 1500 713 ipsum
1525 677 1726 715 provocaturi
1765 688 1861 708 novas
1885 677 2098 710 deierationes

1140 715 1339 756 excogitent,
1382 722 1414 747 et
1446 717 1477 746 111
1513 728 1641 749 0111110111
1675 720 1872 758 impietatem
1907 722 2097 761 praecipites

1140 762 1246 789 ruant.
1293 758 1509 797 Quamobrem
1537 771 1633 800 quum
1665 766 1729 792 tam
1759 762 1916 802 proclives
1947 764 2012 795 sint
2043 764 2097 795 ho-

1139 801 1244 831 mines
1274 800 1312 831 ad
1343 801 1538 832 abutendum
1563 803 1624 834 Dei
1655 805 1785 835 nomine
1813 806 1845 835 in
1868 805 1992 837 levibus
2015 807 2098 838 iura-

1139 844 1259 874 mentis
1285 849 1316 874 et
1347 843 1604 883 deierationibus,
1638 847 1796 886 scriptura
1819 858 1876 879 nos
1902 849 1991 880 iubet
2013 850 2096 880 iura-

1139 891 1228 917 turos
1258 886 1318 917 Dei
1349 897 1467 917 nomen
1498 888 1668 920 formidare
1698 895 1728 920 et-
1757 900 1862 921 coram
1891 891 1993 932 ipsius
2028 902 2095 922 ma·

1138 929 1251 960 iestate
1285 933 1437 960 tremere:
1481 936 1512 961 et
1552 930 1670 963 ideirco
1711 943 1808 972 quum
1842 934 2094 966 juramentorum

1138 971 1295 1002 formulas
1318 971 1477 1009 describit,
1502 973 1591 1004 velut
1615 974 1818 1014 imperfectas
1841 977 1971 1017 profert,
1995 977 2096 1008 veluti

1139 1014 1199 1045 hoc
1233 1014 1300 1045 loco
1338 1025 1437 1054 quum
1470 1015 1672 1048 Ionathanus
1707 1018 1767 1048 ait:
1811 1018 1972 1050 Dominus
2007 1019 2096 1051 Deus

1138 1057 1278 1095 Israelis,
1308 1062 1339 1088 et
1369 1058 1451 1088 nihil
1475 1059 1613 1099 amplius
1641 1059 1757 1091 adiicit.
1802 1061 1892 1100 Quae
1916 1069 2024 1093 tamen
2048 1063 2096 1093 in-

1138 1100 1296 1140 telligenti
1329 1101 1504 1132 sufficiunt.
1560 1102 1642 1133 Nam
1683 1102 1746 1134 illis
1788 1104 1894 1136 verbis
1928 1106 2096 1145 profitetur

1136 1142 1242 1173 Deum
1272 1143 1356 1173 inter
1380 1150 1552 1184 utrumque
1574 1145 1684 1176 sedere
1715 1146 1868 1177 iudicem:
1899 1157 1935 1178 ac
1961 1148 2094 1187 proinde

1136 1195 1171 1216 se
1194 1185 1335 1217 declarat
1358 1186 1528 1217 candorem
1562 1194 1593 1218 et
1616 1188 1711 1218 fidem
1742 1189 1850 1220 datam
1881 1197 2094 1229 servaturum,

1136 1234 1380 1268 cognoscentem
1412 1228 1470 1260 sibi
1502 1239 1572 1260 cum
1598 1230 1667 1261 Deo
1691 1232 1851 1272 negotium
1876 1243 1954 1271 esse,
1984 1244 2093 1264 suum—

1136 1281 1196 1310 que
1219 1271 1355 1302 iudicem
1378 1272 1457 1302 fore:
1484 1273 1690 1313 vicissimque
1702 1274 1859 1305 Davidem
1880 1275 1919 1305 ad
1943 1282 2091 1306 mutuum

1136 1313 1277 1344 officium
1301 1313 1496 1346 cohortatur.

1221 1356 1314 1395 Quae
1348 1367 1425 1388 vero
1459 1364 1638 1397 sequuntur
1680 1360 1793 1396 verba,
1834 1366 1910 1391 sunt
1943 1361 2092 1401 repetitio

1134 1399 1343 1430 iurisiurandi
1367 1410 1429 1439 qua
1448 1410 1481 1431 se
1500 1401 1629 1432 cuilibet
1649 1412 1768 1441 poenae
1788 1402 1917 1434 subiicit
1939 1404 1965 1434 si
1989 1404 2092 1435 sciens

1134 1442 1238 1473 fallat:
1269 1442 1364 1480 Haec,
1395 1443 1508 1483 inquit,
1536 1444 1634 1483 faciat
1656 1443 1742 1476 Dens
1766 1445 1937 1477 Ionatlzano
1966 1448 1992 1476 et
2020 1445 2092 1478 haec

1133 1485 1238 1516 addat.
1273 1485 1402 1516 Usitata
1425 1486 1553 1526 phrasis
1576 1487 1608 1517 in
1632 1487 1800 1527 scriptura,
1825 1498 1886 1528 qua
1909 1487 1993 1528 quod
2017 1497 2091 1521 ante

1134 1527 1202 1558 dixi
1224 1528 1328 1568 magis
1351 1538 1387 1559 ac
1410 1529 1513 1569 magis
1535 1530 1754 1566 confirmatur,
1785 1536 1908 1562 veteres
1938 1531 2090 1563 nimirum

1134 1571 1166 1601 in
1197 1570 1334 1602 iurando
1368 1581 1432 1602 non
1466 1573 1661 1612 expressisse
1694 1573 1854 1613 integram
1886 1574 2090 1613 sententiam,

1133 1618 1169 1644 ut
1198 1624 1294 1653 quam
1324 1614 1499 1653 pretiosum
1531 1615 1609 1655 ipsis
1638 1614 1701 1646 Dei
1733 1626 1849 1646 nomen
1879 1621 1963 1647 esset
1992 1622 2088 1648 testa-

1133 1663 1262 1695 rentur,
1303 1656 1387 1696 quod
1425 1667 1490 1688 non
1530 1658 1591 1688 nisi
1631 1668 1757 1689 summa
1793 1669 1864 1689 cum
1899 1660 2090 1698 reverentia,

1133 1698 1306 1730 sobrietate
1330 1704 1362 1730 et
1384 1699 1568 1731 humilitate
1599 1701 1807 1740 usurpabant.
1853 1701 1961 1733 Verba
1982 1706 2089 1733 autem

1132 1741 1189 1772 illa
1222 1747 1298 1773 sunt
1333 1742 1488 1782 quaedam
1531 1743 1720 1783 imprecatio
1754 1743 1883 1775 divinae
1917 1743 2088 1782 vindictae,

1132 1784 1224 1824 quasi
1255 1784 1355 1816 dicat:
1386 1785 1547 1816 Dominus
1577 1786 1615 1817 de
1644 1796 1695 1816 me
1724 1786 1878 1818 ultionem
1908 1792 2023 1825 sumat,
2058 1793 2090 1819 et

1133 1838 1173 1858 ne
1203 1827 1401 1867 impunitum
1432 1828 1618 1867 periurium,
1648 1829 1675 1860 si
1703 1828 1796 1866 fallo,
1830 1829 1999 1869 relinquat,
2033 1830 2089 1861 sed

1132 1880 1183 1901 me
1207 1870 1296 1901 Deus
1319 1870 1452 1901 coelitus
1474 1871 1597 1910 puniat,
1626 1880 1658 1902 et
1680 1871 1714 1902 in
1737 1877 1833 1911 caput
1856 1882 1963 1903 meum
1994 1872 2088 1904 ultio-

1132 1923 1206 1944 nem
1235 1913 1397 1944 immittat.
1440 1913 1547 1953 Atque
1580 1913 1659 1945 haec
1694 1914 1742 1946 vis
1772 1921 1821 1946 est
1854 1914 1982 1946 illorum
2017 1926 2088 1947 ver-

1131 1955 1260 1987 borum:
1284 1966 1365 1996 quae
1388 1962 1497 1987 tamen
1520 1957 1656 1996 abrupta
1673 1964 1757 1994 sunt,
1780 1964 1811 1988 et
1834 1968 1897 1988 non
1921 1957 2087 1989 continent

1131 1999 1290 2039 integram
1330 1999 1541 2030 sententiam:
1575 1999 1730 2030 Dominus
1759 1999 1832 2030 haec
1864 2001 1961 2040 faciat
1995 2000 2085 2031 Iona-

1130 2041 1230 2079 thano,
1263 2044 1290 2072 et
1321 2041 1393 2073 haec
1425 2042 1529 2079 addat,
1564 2043 1653 2082 quasi
1687 2042 1789 2074 dicat:
1830 2043 1885 2074 Me
1919 2042 2008 2074 Deus
2040 2043 2088 2075 bis

1131 2088 1222 2115 terve
1256 2085 1378 2124 puniat.
1440 2084 1513 2115 Etsi
1554 2095 1629 2125 ergo
1663 2085 1767 2124 primo
1800 2084 1953 2126 adspectu
1987 2086 2087 2117 verba

1131 2127 1303 2158 videantur
1336 2126 1417 2158 Ievis
1445 2137 1513 2158 esse
1541 2127 1703 2164 momenti,
1734 2133 1841 2158 tamen
1870 2128 1904 2158 in
1927 2138 1961 2159 se
1984 2129 2086 2159 conti-

1130 2175 1208 2201 nent
1231 2170 1493 2210 imprecationem
1517 2170 1649 2201 ultionis
1678 2170 1806 2201 divinae
1834 2170 1990 2202 adversus
2013 2182 2085 2202 eum

1130 2212 1184 2252 qui
1207 2211 1430 2243 fraudulenter
1461 2214 1571 2253 egerit.
1615 2213 1722 2252 Atque
1752 2213 1811 2244 hoc
1838 2213 2010 2254 diligenter
2030 2214 2084 2245 ob-

1130 2254 1338 2292 servandum,
1362 2255 1589 2286 iusiurandum
1609 2265 1702 2286 omne
1726 2256 1890 2287 continere
1913 2257 1946 2287 in
1970 2267 2004 2287 se
2026 2258 2085 2288 im·-

1128 2299 1360 2338 preeationem:
1392 2297 1649 2338 quandoquidem
1673 2307 1767 2338 saepe
1790 2298 1884 2330 multi
1906 2299 2023 2335 iurant,
2053 2305 2086 2331 et

1128 2340 1301 2372 iuramenti
1331 2350 1461 2371 causam
1492 2341 1652 2381 ignorant.
1703 2341 1749 2371 At
1781 2341 1807 2372 si
1837 2341 2084 2373 recordarentur

1127 2383 1318 2414 iuramentis
1340 2383 1446 2414 inesse
1469 2383 1741 2423 imprecationem,
1772 2384 1852 2414 satis
1874 2390 2084 2425 agnoscerent

1128 2437 1192 2457 non
1216 2436 1284 2457 esse
1307 2430 1426 2456 temere
1449 2424 1512 2456 Dei
1536 2427 1665 2456 nomine
1688 2426 1895 2465 abutendum,
1926 2427 1980 2458 sed
2011 2437 2082 2458 cum

1127 2469 1241 2499 timore
1265 2475 1296 2499 ot
1318 2469 1498 2499 reverentia
1526 2468 1762 2508 usurpandum
1791 2468 1846 2500 sed
1876 2470 2083 2501 metuendam

1127 2511 1268 2542 divinam
1294 2510 1476 2545 vindictam,
1507 2521 1602 2550 quam
1631 2511 1693 2551 ipsi
1714 2511 1774 2543 sibi
1797 2517 1874 2543 sunt
1905 2512 2083 2552 imprecati,

1126 2564 1225 2594 quum
1270 2553 1377 2584 Deum
1421 2552 1560 2585 iudicem
1600 2558 1632 2584 et
1673 2553 1832 2586 vindicem
1873 2554 2081 2587 advocarunt.

1127 2596 1214 2628 Sane
1247 2596 1308 2627 ista
1342 2606 1495 2636 magnum
1530 2595 1655 2635 pondus
1684 2596 1769 2636 apud
1797 2598 1930 2637 quosvis
1963 2597 2081 2629 habere

1127 2639 1252 2676 debent,
1277 2642 1308 2670 et
1331 2648 1350 2669 a
1371 2638 1503 2669 levitate
1526 2639 1559 2669 in
1584 2639 1720 2670 iurando
1743 2639 1914 2678 deterrere,
1938 2641 2078 2681 quando-
