2551 3044
139 198 199 230 497

138 294 222 326 laxis
242 295 377 326 habenis
398 294 476 332 dari,
499 294 564 324 imo
584 292 624 324 ad
637 292 818 323 nocendum
837 293 941 332 magis
953 302 990 322 ac
1003 292 1106 332 magis
1132 298 1133 310 ¹

139 337 268 369 exacui:
296 337 365 368 istis
396 337 530 377 inquam
561 335 773 376 pigmentatis
807 334 987 365 rationibus
1010 335 1106 365 multi
1132 359 1133 384 1

138 379 303 411 vindictae
316 379 467 418 cupidum
480 378 634 414 animum,
657 381 689 407 et
708 377 830 407 malum
849 376 934 407 malo
953 387 1105 416 compen-

139 421 233 453 sandi
256 421 400 452 studium
424 425 549 460 tegunt.
586 419 685 458 Atqui
709 419 816 450 media
838 418 996 458 quaedam
1021 419 1105 450 inter
1132 419 1133 461 ζ

138 464 200 495 ista
224 464 275 495 via
298 469 355 500 est,
385 473 479 502 quam
501 461 608 492 David
632 461 701 500 ipse
724 461 872 501 exemplo
895 471 952 492 suo
976 471 1034 492 nos
1055 462 1106 493 hie
1131 467 1133 485 ³

139 505 247 537 docet:
278 506 419 545 primum
443 505 529 535 enim
559 503 682 534 malum
707 503 792 543 quod
816 514 834 534 a
860 502 959 534 Saule
983 504 1106 543 aceepit
1131 528 1133 541 2

139 547 370 588 compensavit,
402 557 505 586 neque
536 550 644 577 tamen
674 551 845 585 propterea
868 545 1010 585 pepercit
1034 546 1105 585 ipsi,
1132 565 1133 585 ;

139 595 171 622 et
190 590 339 621 adulatus
359 593 415 627 est,
438 589 599 620 vitiumne
612 588 712 628 ipsius
730 588 823 628 texit,
847 593 882 619 ut
894 587 987 618 multi
1001 588 1106 618 solent
1131 589 1133 613 ῐ

138 632 270 672 regibus
300 631 442 668 adulari,
477 635 509 661 et
538 630 615 661 foris
646 630 818 662 blanditias
849 629 972 668 faeere,
1007 641 1105 669 quum
1131 633 1133 640 '

138 678 243 705 tamen
267 674 357 705 intus
379 673 566 714 arrogantia
595 677 758 712 turgeant,
781 677 812 703 et
832 673 999 704 stomacho
1018 673 1105 712 pleni

138 717 212 755 sint,
236 721 267 747 et
290 716 330 747 ad
354 720 480 755 tempus
503 715 748 746 dissimulantes
771 715 971 746 occasionem
996 725 1030 745 se
1054 716 1103 746 ul-

138 759 280 791 ciscendi
303 762 470 798 quaerant.
501 757 626 788 Verum
650 757 758 787 David
783 762 818 788 ut
840 757 900 788 fuit
923 757 1048 796 patiens
1070 758 1104 788 in
1131 757 1132 786 l

138 801 278 832 ferendis
297 800 424 831 iniuriis
447 810 528 840 quae
554 800 617 839 ipsi
643 810 661 830 a
684 799 784 831 Saule
807 799 1041 837 inferebantur,
1072 804 1105 831 et
1130 795 1132 819 ἕ

139 844 299 884 privatam
319 842 497 874 vindictam
519 842 622 872 noluit
641 852 799 880 exercere,
823 848 930 872 tamen
944 852 983 872 ex
1003 842 1105 873 altera

139 891 230 926 parte
258 895 323 916 non
354 884 458 925 potuit
485 884 597 915 aulicis
628 883 866 915 adulationibus
893 883 1026 915 Saulem
1050 885 1104 915 de-

137 928 295 966 mulcere,
329 927 493 967 inquiens:
528 926 668 957 Domine
691 938 759 966 rex,
792 926 930 957 multum
961 937 1012 957 me
1047 926 1131 958 tibi*

138 970 252 1002 debere
275 970 378 1001 fateor
400 974 432 1000 et
456 979 519 1000 non
551 969 670 999 habere
693 969 894 1000 occasionem
914 968 953 999 de
973 974 1003 999 te
1027 980 1102 1000 eon-

135 1012 307 1052 querendi,
342 1022 490 1052 peccasse
521 1021 571 1042 me
605 1011 761 1042 adversus
791 1016 880 1042 tuam
912 1011 1103 1050 dignitatem

134 1064 282 1095 agnos00,
306 1055 360 1086 sed
386 1058 421 1085 tu
440 1054 504 1084 mei
521 1054 684 1092 miserere,
708 1058 741 1084 et
759 1053 916 1093 quidquid
936 1058 1103 1093 peccatum

132 1101 180 1128 est
203 1096 369 1129 condona:
401 1107 475 1127 nam
505 1096 685 1127 istiusmodi
710 1106 803 1127 voees
827 1095 898 1126 Deo
923 1095 1103 1135 displicuis-

133 1143 214 1177 sent,
246 1143 279 1170 et
301 1139 416 1171 vitium
443 1139 477 1169 in
501 1138 657 1169 virtutem
687 1143 950 1170 commutassent.
996 1138 1103 1178 Magis

134 1182 235 1223 igitur
257 1181 382 1213 sincere
402 1180 518 1217 David,
550 1181 605 1220 qui
631 1180 761 1212 Saulem
793 1191 811 1211 a
835 1181 1028 1211 crudelitate
1052 1180 1102 1211 de·

132 1224 294 1263 hortatur,
318 1228 350 1254 et
373 1223 525 1254 admonet
549 1234 589 1253 ne
613 1222 835 1254 adulatoribus
859 1223 971 1254 aulicis
995 1228 1027 1253 et
1050 1234 1100 1254 ca-

131 1266 381 1298 lumniatoribus
406 1265 544 1305 amplius
566 1275 660 1296 aures
687 1265 800 1297 faciles
825 1265 986 1305 praebeat.
1010 1265 1099 1296 Dum

131 1314 240 1340 autem
267 1309 358 1339 illum
380 1308 478 1339 officii
507 1308 660 1338 admonet
690 1308 789 1338 etiam
821 1313 967 1345 accusat,
998 1314 1029 1338 et
1060 1307 1099 1339 de

131 1351 313 1392 praeteritis
347 1351 474 1381 iniuriis
506 1350 621 1390 arguit,
658 1360 731 1380 nam
761 1350 894 1381 Saulem
924 1360 942 1379 a
972 1350 1100 1381 Davide

131 1394 398 1425 abalienaverant
417 1392 606 1424 incendiarii
627 1393 671 1422 illi
692 1392 797 1429 aulici,
821 1393 874 1432 qui
896 1403 995 1423 novas
1015 1403 1098 1423 scm·
1125 1400 1127 1426 ε

131 1446 189 1476 per
211 1436 431 1467 accusationes
455 1435 612 1466 adversus
635 1435 797 1465 Davidem
822 1435 854 1465 in
879 1435 982 1474 ipsius
1005 1445 1098 1466 aures

131 1478 387 1509 insusurrabant.
412 1478 559 1508 Primum
583 1477 682 1517 igitur
700 1477 809 1508 David
827 1476 959 1508 Saulem
984 1476 1097 1508 crude·
1123 1491 1125 1504 ι

130 1520 229 1552 litatis
256 1522 397 1558 incusat,
429 1520 483 1560 qui
514 1519 738 1550 adulatoribus
767 1530 862 1550 aures
893 1520 1098 1558 praebuerit:
1123 1538 1125 1551 s

131 1563 246 1594 deinde
276 1563 495 1594 innocentiam
527 1571 620 1593 suam
646 1567 764 1598 tuetur,
796 1572 832 1593 ac
862 1562 998 1601 proinde
1028 1562 1098 1593 istis

129 1606 308 1637 rationibus
321 1605 430 1636 David
443 1605 554 1636 Saulis
574 1604 773 1635 iracundiam
787 1614 941 1641 coercere,
965 1609 997 1635 et
1010 1604 1099 1636 virus
1124 1618 1126 1632 ι

131 1648 270 1679 retinere
293 1658 352 1688 pro
375 1648 499 1679 viribus
522 1653 668 1678 conatur.

215 1690 355 1730 Ideoque
378 1689 418 1721 ad
432 1690 537 1721 Deum
561 1689 667 1728 ipsum
688 1699 851 1720 summum
871 1688 1010 1720 iudicem
1025 1700 1097 1728 pro-

133 1739 234 1772 vocat,
257 1743 357 1772 quum
380 1733 442 1763 ait:
473 1731 592 1763 ludicen
620 1731 781 1762 Dominus
809 1732 889 1762 inter
912 1741 959 1762 me
982 1734 1008 1762 et
1029 1735 1056 1762 tc
1075 1735 1101 1763 et

130 1774 299 1806 ulciscatur
320 1785 367 1806 me
389 1774 549 1806 Dominus
570 1784 608 1805 ex
630 1776 665 1805 te.
703 1773 805 1812 Quasi
830 1774 932 1805 dicat:
963 1774 1035 1814 Ego
1060 1775 1099 1804 ad

131 1816 238 1849 Deum
262 1822 437 1858 patronum
456 1823 488 1848 et
507 1817 708 1847 defensorem
729 1826 837 1847 meum
856 1815 1016 1856 confugio,
1040 1827 1100 1857 ego

131 1859 349 1891 innocentiam
373 1870 479 1890 meam
500 1864 607 1897 testor,
631 1869 690 1899 ego
710 1860 773 1889 tuis
792 1857 968 1889 commodis
986 1864 1017 1889 et
1037 1859 1099 1889 uti-

129 1901 214 1933 litati
238 1902 358 1939 studui‚
388 1908 423 1933 tu
446 1902 514 1941 ipse
544 1902 642 1941 probe
666 1901 760 1940 nosti²
793 1906 890 1931 testes
918 1907 994 1931 sunt
1016 1902 1100 1932 oculi

131 1944 185 1980 tui,
209 1949 246 1975 tu
269 1954 345 1976 vero
369 1955 420 1975 me
450 1943 625 1975 crudeliter
649 1945 856 1974 innocentem
887 1945 1098 1983 persequeris.
1124 1940 1127 1969 l

130 1987 175 2017 At
201 1998 265 2018 non
295 1997 346 2018 me
376 1991 513 2026 tantum⁷
545 1986 601 2016 sed
624 1986 732 2025 ipsum
756 1986 864 2016 Deum
889 1985 981 2024 petis,
1008 1985 1096 2017 futu-

131 2039 203 2060 rum
232 2029 308 2060 olim
340 2028 476 2060 iudicem
507 2038 543 2059 ac
575 2028 752 2065 vindicem,
783 2038 910 2058 summa
939 2039 1012 2058 eum
1043 2034 1125 2059 tua*

131 2071 328 2109 confusione,
353 2071 437 2112 quod
461 2081 552 2102 meae
575 2071 775 2110 integritatis
799 2070 926 2109 meique
950 2070 1098 2102 candoris

131 2119 164 2145 et
180 2114 256 2145 fidei
279 2115 439 2145 rationem
462 2114 585 2144 nullam
609 2113 736 2144 habeas.
763 2113 814 2143 Tu
838 2112 939 2152 igitur
961 2113 988 2143 si
1012 2114 1098 2153 sapis

131 2161 162 2186 et
185 2157 245 2188 nisi
269 2166 429 2188 summam
453 2156 674 2187 confusionem
699 2155 731 2186 in
761 2159 853 2186 tuum
877 2160 974 2194 caput
997 2154 1097 2186 dedu-

131 2209 203 2230 cere
227 2199 284 2237 vis,
315 2199 354 2230 ab
384 2199 455 2230 istis
485 2198 615 2229 iniuriis
639 2197 775 2234 abstine,
807 2202 838 2227 et
862 2197 902 2228 ab
926 2197 997 2228 istis
1020 2197 1097 2228 adu-

132 2240 284 2273 latoribus
307 2241 430 2272 recede.
464 2241 553 2272 Hinc
575 2242 684 2280 itaque
707 2240 862 2271 discimus
883 2239 981 2271 licere
1005 2241 1095 2271 nobis

131 2282 349 2324 integritatem
374 2288 517 2315 nostram
542 2289 574 2313 et
596 2282 814 2314 innocentiam
841 2282 934 2317 tueri,
959 2287 990 2313 et
1009 2283 1093 2323 apud

130 2324 238 2357 hostes
267 2332 394 2357 nostros
424 2325 605 2362 defendere,
637 2325 780 2364 ipsorum
813 2330 943 2364 peccata
967 2325 1095 2356 demon-

131 2372 281 2406 strantes,
308 2374 340 2399 et
362 2374 562 2399 accusantes.
608 2367 692 2398 Nam
723 2378 823 2406 quum
852 2368 1014 2406 scriptura
1038 2379 1094 2399 nos

131 2410 290 2449 patienter
312 2411 447 2441 iniurias
471 2411 554 2440 ferre
577 2409 673 2447 iubet,
698 2420 762 2440 non
779 2409 847 2440 vult
868 2414 975 2440 tamen
995 2410 1094 2441 hosti-

131 2451 190 2483 bus
219 2458 250 2483 et
279 2453 433 2493 improbis
464 2451 648 2483 hominibus
679 2451 813 2488 adulari,
846 2456 902 2482 aut
930 2452 1094 2483 saeviendi

782 198 829 230 IN
854 200 878 231 I.
904 199 992 230 LIB.
1018 199 1216 232 SAMUEL.
1241 200 1336 232 OAP.
1362 202 1490 232 XXIV.

130 2495 328 2526 occasionem
352 2494 514 2535 praebere.
553 2494 617 2526 Sed
641 2499 750 2525 tamen
774 2494 936 2534 patienter
958 2494 1095 2525 iniurias
1120 2507 1121 2513 ¹

130 2536 222 2574 ferre,
254 2542 286 2568 et
314 2537 359 2568 ita
382 2537 511 2577 quidem
535 2542 570 2567 ut
594 2536 865 2576 quemadmodum
894 2543 1002 2567 monet
1027 2538 1094 2567 Do-

131 2578 238 2609 minus
260 2584 368 2611 noster
390 2579 483 2611 Iesus
507 2579 666 2616 Christus,
705 2579 733 2610 si
763 2579 834 2618 quis
864 2579 896 2609 in
927 2579 1093 2610 dexteram
1118 2599 1120 2606 r

131 2621 297 2652 maxillam
331 2633 390 2654 nos
424 2621 574 2653 ceciderit
598 2622 804 2653 obvertamus
834 2620 862 2651 ei
889 2625 920 2651 et
947 2621 1092 2659 alteram,
1120 2615 1121 2626 ¹

229 2672 338 2698 Calviozi
354 2680 446 2705 opera.
485 2672 544 2698 Vol.
561 2671 657 2698 XXX.

2062 201 2124 233 4923

1160 298 1216 324 aut
1227 294 1252 325 si
1266 294 1337 334 quis
1352 295 1494 326 tunicam
1509 296 1675 335 acceperit,
1689 295 1891 326 dimittamus
1904 296 1931 326 ei
1946 296 2042 326 etiam
2056 296 2123 336 pal-

1160 336 1248 367 lium.
1273 337 1363 375 Quae
1388 343 1495 367 tamen
1520 338 1616 368 verba
1640 348 1701 368 non
1726 345 1801 369 sunt
1823 338 1867 368 ita
1886 338 1972 369 nudc
1991 346 2023 369 et
2046 340 2122 370 sim-

1132 386 1133 392 *
1160 378 1292 417 pliciter,
1325 385 1359 409 ut
1390 386 1514 417 sonant,
1549 380 1741 419 accipienda,
1772 379 1828 411 scd
1858 380 1902 410 ita
1936 386 1971 411 ut
1994 392 2033 411 ex
2058 380 2124 413 illis

1160 420 1320 452 discamus
1362 422 1496 452 affectus
1538 428 1661 453 nostros
1696 423 1783 453 velut
1824 423 1950 453 iniectis
1989 422 2124 455 habenis

1159 469 1314 499 coercere,
1339 470 1371 494 et
1395 474 1434 494 nc
1458 464 1565 495 ulcisci
1591 476 1647 496 nos
1675 465 1812 495 velimus
1825 475 1923 504 quum
1937 466 2053 496 iniuria
2065 466 2123 496 ali-

1159 505 1230 543 quis
1254 505 1408 544 affecerit,
1433 512 1487 536 aut
1505 517 1560 545 spe
1581 507 1750 537 frustrarit.
1777 506 1867 545 Quae
1880 518 1978 546 quum
1999 508 2044 538 ita
2057 509 2123 539 sint

1160 547 1264 577 danda
1288 548 1376 579 nobis
1408 554 1455 579 est
1484 549 1588 579 omnis
1616 559 1712 588 opera
1736 555 1773 580 ut
1803 549 1909 580 illatas
1934 550 2068 581 iniurias
2090 555 2123 581 et

1159 590 1372 620 contumelias
1402 590 1561 630 patienter
1591 591 1748 625 feramus,
1786 591 1840 622 sed
1872 592 1917 622 ita
1948 598 2055 622 tamen
2087 598 2123 624 ut

1160 632 1244 662 vivis
1279 632 1552 663 admonitionibus
1586 633 1788 664 adversarios
1830 641 1957 664 nostros
1991 635 2122 666 vincere

1131 675 1132 683 ¹
1160 684 1224 703 non
1256 674 1386 705 ultionis
1415 675 1559 714 appetitu
1582 685 1744 713 conemur,
1773 681 1803 706 ct
1827 682 1969 707 nostram
1995 677 2121 716 patien-

1131 723 1133 733 ¹
1159 716 1236 746 tiam
1261 717 1306 747 sie
1330 717 1482 747 admirari
1501 723 1668 757 cogantur,
1694 723 1727 748 ut
1750 718 1788 749 ad
1810 718 1916 749 Deum
1935 729 1968 749 se
1988 729 2121 750 conver-

1159 758 1246 788 tendi
1271 770 1309 789 ex
1334 759 1389 789 illa
1412 760 1540 798 capiant
1558 760 1767 791 occasionem.
1793 760 1875 791 Nam
1897 761 2028 792 obsecro
2049 762 2120 801 quis

1158 810 1273 840 scopus
1303 807 1333 831 ct
1363 802 1437 831 finis
1468 802 1641 840 patientiae
1673 808 1801 833 nostrae
1825 803 1920 834 debet
1945 803 2027 834 alius
2050 813 2121 834 esse

1130 842 1132 847 “
1158 853 1253 882 quam
1286 849 1321 873 ut
1345 844 1476 874 miseras
1506 844 1638 880 animas,
1668 852 1699 874 et
1722 844 1864 883 perditas
1888 845 2058 883 lucremur,
2089 851 2121 876 et

1159 885 1197 915 ad
1222 885 1335 916 salutis
1360 886 1445 916 viam
1470 897 1654 916 revocemus
1677 888 1731 925 qui
1764 887 1873 926 procul
1899 887 2117 918 aberrabant?

1157 927 1203 958 At
1225 928 1252 958 si
1266 928 1343 958 viris
1366 928 1520 967 improbis
1540 929 1710 959 adulemur
1729 935 1757 959 et
1779 929 1863 959 mala
1887 929 2030 968 ipsorum
2055 930 2119 961 dis·

1157 970 1356 1008 simulemus,
1379 977 1503 1000 certum
1527 976 1576 1000 est
1599 971 1776 1010 proditores
1791 982 1847 1001 nos
1871 972 2013 1011 ipsorum
2038 983 2118 1012 csse,

1157 1012 1242 1042 etin
1275 1012 1451 1043 inferorum
1483 1013 1634 1052 abyssum
1659 1024 1677 1043 a
1701 1013 1792 1044 nobis
1823 1013 1925 1053 magis
1957 1024 1992 1044 ac
2016 1015 2119 1054 magis

1156 1055 1314 1094 immergi.
1341 1054 1560 1093 Quamobrem
1579 1055 1717 1085 sciamus
1737 1065 1794 1086 nos
1810 1066 1871 1086 non
1894 1066 1985 1095 posse
2005 1056 2120 1087 melius

1156 1097 1277 1127 malum
1298 1096 1380 1127 bono
1400 1107 1618 1136 compensare,
1643 1108 1737 1136 quam
1758 1097 1903 1128 hostibus
1922 1099 2119 1137 exprobran-

1157 1144 1204 1170 tes
1228 1140 1363 1169 iniurias
1387 1140 1502 1178 quibus
1525 1150 1581 1169 nos
1606 1139 1794 1177 affecerunt,
1825 1139 1918 1170 modo
1945 1146 2054 1170 tamen
2079 1139 2120 1171 ad

1155 1181 1241 1212 hunc
1264 1192 1393 1221 scopum
1418 1181 1627 1219 collimemus,
1659 1187 1694 1212 ut
1718 1181 1797 1212 vitia
1820 1192 1876 1212 sua
1899 1188 2120 1222 agnoscentes,

1156 1230 1187 1254 et
1205 1223 1264 1255 sibi
1284 1224 1392 1254 inillis
1405 1224 1619 1263 displicentes
1644 1234 1721 1254 vera
1742 1224 1939 1263 poenitentia
1958 1224 1996 1254 ad
2010 1224 2120 1255 Deum

1154 1271 1394 1298 convertantur.
1436 1266 1608 1297 Caeterum
1640 1265 1730 1296 falsis
1753 1266 2010 1297 accusationibus
2034 1266 2119 1306 apud

1155 1319 1246 1349 reges
1274 1314 1328 1338 aut
1352 1309 1521 1347 principes,
1546 1314 1601 1338 aut
1620 1307 1700 1338 alios
1723 1308 1854 1347 quosvis
1873 1308 1980 1345 delati,
2006 1308 2119 1340 demus

1154 1361 1295 1390 operam,
1315 1356 1352 1381 ut
1365 1351 1579 1380 innocentiam
1593 1356 1734 1380 nostram
1752 1350 1867 1389 reipsa
1880 1351 2118 1389 patefaciamus.

1153 1393 1236 1423 Nam
1261 1393 1343 1432 quod
1374 1392 1519 1432 plerique
1551 1393 1686 1422 multum
1717 1392 1863 1422 laborant
1892 1393 1925 1422 in
1949 1404 1982 1423 se
2007 1393 2117 1424 multis

1152 1436 1260 1466 verbis
1281 1435 1416 1466 sollicite
1430 1434 1623 1470 excusando,
1649 1434 1714 1465 fere
1728 1435 1771 1470 fit,
1793 1434 1877 1473 quod
1898 1436 2119 1466 innocentiam

1153 1488 1255 1517 suam,
1279 1484 1311 1507 et
1334 1477 1555 1517 integritatem
1580 1477 1636 1506 vix
1660 1477 1785 1516 possint
1816 1477 1884 1515 ipsa
1916 1478 2120 1516 experientia

1154 1527 1262 1550 notam
1292 1520 1404 1555 facere,
1440 1525 1472 1549 et
1503 1519 1596 1549 tueri.
1643 1518 1763 1549 Sumus
1794 1519 1895 1556 igitur
1926 1519 2119 1558 plerumque

1153 1562 1263 1593 diserti
1297 1568 1328 1592 et
1352 1562 1535 1601 eloquentes
1559 1561 1591 1591 in
1616 1560 1849 1600 amplificandis
1874 1561 2010 1599 iniuriis,
2039 1572 2118 1600 quas

1152 1606 1346 1644 accepimus,
1382 1610 1413 1635 et
1441 1604 1614 1634 multorum
1647 1604 1814 1633 verborum
1850 1603 2008 1634 lenocinio
2039 1603 2119 1634 iusti

1153 1658 1221 1678 esse
1247 1647 1411 1677 volumus:
1443 1646 1498 1677 sed
1530 1656 1592 1675 nou
1619 1645 1909 1675 animadvertimus
1937 1645 2118 1676 istiusmodi

1153 1690 1377 1720 excusationes
1410 1694 1473 1718 tam
1506 1688 1631 1725 anxias,
1661 1693 1791 1726 tamque
1821 1687 1981 1724 sollicitas,
2014 1688 2118 1728 magis

1153 1742 1189 1763 ac
1212 1732 1315 1771 magis
1340 1737 1480 1761 nostram
1513 1729 1747 1769 turpitudinem
1779 1729 1938 1769 detegere.
1982 1729 2117 1760 Davidis

1153 1775 1252 1814 igitur
1276 1773 1460 1813 exemplum
1485 1772 1649 1802 imitemur
1672 1776 1703 1801 et
1727 1772 1944 1801 innocentiam
1970 1777 2114 1802 nostram

1154 1816 1250 1848 verbo
1276 1822 1435 1853 tueamur,
1459 1825 1494 1845 ac
1514 1814 1552 1844 de
1572 1814 1696 1844 iniuriis
1716 1813 1805 1844 nobis
1825 1813 1923 1843 illatis
1942 1815 2115 1844 veritatem

1152 1859 1291 1889 iudicem
1311 1858 1472 1892 faciamus,
1498 1862 1529 1887 et
1548 1857 1646 1886 vitam
1661 1862 1803 1886 nost-ram
1823 1859 1959 1895 tanqum
1973 1855 2115 1887 obsidem

1152 1906 1280 1932 nostrae
1304 1899 1500 1940 integritatis
1524 1905 1555 1929 et
1580 1898 1742 1928 fidelitatis
1766 1897 1887 1928 demus.

1237 1943 1280 1973 Et
1304 1942 1342 1973 de
1366 1943 1435 1973 istis
1459 1941 1623 1972 hacteuus.
1660 1940 1728 1970 Iam
1754 1950 1830 1970 vero
1854 1949 2000 1970 severam
2025 1939 2114 1970 illam

1154 1985 1288 2016 Davidis
1312 1984 1557 2015 obtestationem
1582 1982 1620 2013 ad
1641 1982 1786 2012 divinum
1808 1981 1961 2012 iudicium
1981 1981 2113 2013 Saulem

1152 2028 1332 2059 revocantis
1363 2026 1593 2066 expendamus.
1638 2024 1706 2055 Nae
1736 2034 1863 2054 summa
1887 2029 1919 2054 et>
1941 2024 2114 2064 praecipua

1151 2077 1200 2101 est
1223 2070 1285 2100 ista
1311 2069 1452 2100 fidelium
1483 2067 1667 2106 consolatio,
1699 2077 1795 2105 quum
1822 2066 1926 2096 Deum
1959 2066 2018 2096 sibi
2042 2077 2113 2106 per-

1151 2112 1284 2143 suadere
1308 2117 1443 2151 possunt
1463 2110 1494 2140 in
1509 2109 1604 2141 coelis
1623 2115 1794 2148 patronum
1815 2119 1848 2139 se
1860 2107 1988 2146 habere,
2012 2118 2111 2147 quum

1150 2153 1399 2186 ab'hominibus
1422 2154 1454 2183 in
1481 2153 1573 2183 terris
1598 2152 1716 2182 iniuste
1740 2151 1859 2181 fuerint
1883 2150 2002 2181 afflicti.
2027 2150 2110 2181 Nam

1149 2207 1229 2237 quae
1250 2206 1346 2227 causa
1359 2200 1407 2226 est
1426 2195 1511 2225 illius
1525 2194 1623 2224 animi
1638 2193 1845 2232 impotentiae
1863 2203 1945 2231 quae
1964 2192 2111 2224 homines

1149 2240 1189 2270 ad
1219 2238 1397 2269 vindictam
1425 2238 1621 2275 inflammat,
1661 2243 1695 2266 ut
1726 2235 1830 2266 nullas
1860 2234 1996 2266 iniurias
2028 2235 2110 2265 ferre

1148 2282 1280 2322 possint,
1306 2281 1368 2310 nisi
1390 2280 1497 2319 opinio
1520 2279 1575 2309 illa
1598 2288 1678 2317 quae
1702 2278 1844 2316 ipsorum
1869 2278 1993 2307 animos
2017 2287 2108 2308 occu-

1147 2332 1211 2364 pat,
1243 2331 1410 2362 nunquam
1434 2321 1651 2352 adventurum
1684 2326 1809 2359 tempus
1833 2318 1988 2349 ultionis?
2019 2319 2109 2351 Haec

1147 2367 1215 2398 sola
1233 2366 1384 2403 cogitatio
1409 2370 1574 2402 tantopere
1598 2362 1745 2392 homines
1776 2366 1955 2392 commovet
1975 2367 2006 2391 et
2025 2362 2109 2400 ipso—

1147 2420 1217 2439 rum
1249 2408 1383 2439 affectus
1414 2406 1452 2437 ad
1484 2410 1607 2436 tantam
1632 2404 1818 2435 violentiam
1849 2405 1979 2441 excitat,
2010 2409 2045 2434 ut
2075 2414 2109 2434 se

1147 2451 1293 2482 homines
1323 2449 1555 2480 obliviscantur
1578 2452 1608 2477 ct
1633 2446 1821 2476 modestiam
1851 2456 1978 2476 omnem
2011 2446 2108 2476 rati«.-

1147 2503 1284 2532 nemque
1308 2491 1468 2522 abiiciant.
1493 2489 1558 2520 Sed
1581 2489 1607 2519 si
1632 2489 1671 2519 ad
1687 2489 1791 2519 Deum
1816 2498 1914 2527 usque
1938 2498 2108 2528 assurgere

1147 2535 1340 2568 noverimus,
1370 2539 1400 2564 et
1431 2538 1516 2563 certo
1548 2531 1638 2562 uobis
1668 2530 1859 2570 persuadere
1890 2529 2027 2560 ultorem
2060 2531 2107 2560 in-

1146 2579 1299 2609 iuriarum
1324 2576 1400 2612 fore,
1423 2581 1451 2605 et
1472 2584 1585 2606 causae
1599 2579 1727 2604 nostrae
1741 2572 1957 2603 defensionem
1977 2583 2107 2613 suscep-

1147 2627 1266 2658 turum⁷
1297 2629 1398 2658 neque
1435 2617 1637 2647 imitaturum
1662 2622 1804 2646 terrenos
1829 2614 1957 2651 iudices,
1997 2615 2050 2654 qui
2075 2625 2110 2646 se

1890 2664 1902 2679 Ἰ

1871 2665 1893 2675 a.

1870 2676 1901 2689 :J-
