2551 3044
144 189 206 221 505

146 296 205 317 nec
234 284 337 316 voluit
371 293 429 314 nec
463 282 578 322 potuit.
630 281 805 312 Praeterea
839 290 876 310 ex
914 285 1023 310 vetere
1058 280 1112 310 illo

145 327 315 369 proverbio
345 335 407 365 quo
437 335 471 356 se
503 323 606 354 David
638 328 755 358 tuetur,
788 322 899 353 utilem
931 321 1111 352 doctrinam

147 370 298 408 colligere
321 367 490 403 debemus;
520 366 582 396 duo
605 365 689 396 enim
714 364 809 395 simul
841 364 1017 403 coniungit,
1050 364 1110 394 ini-

146 413 300 453 quitatem
333 420 414 450 quae
445 409 484 439 ab
515 408 625 447 iniquo
658 406 776 444 exibit,
813 413 843 437 et
875 417 909 436 se
943 412 1112 445 propteroa

147 465 263 486 manus
292 454 324 483 in
353 451 485 483 Saulem
517 460 579 480 non
611 449 815 479 iniecturum.
868 448 982 487 Itaque
1013 459 1110 487 quum

147 508 205 528 nos
228 496 353 535 iniquos
378 504 439 524 non
464 503 532 523 csse
554 491 716 522 declarare
735 490 947 527 voluerimus,
972 501 1012 520 ne
1036 502 1111 521 eon-

147 539 247 570 suetis
270 535 532 568 excusationibus
556 538 694 569 utamur,
728 543 827 572 quare
857 534 944 572 prior
976 532 1029 562 illc
1055 543 1112 563 nos
1138 541 1139 546 ¹

147 582 189 613 sit
219 588 403 620 aggressus,
440 587 498 607 nos
528 576 654 607 cunctis
684 576 764 606 bene
796 575 894 612 velle,
926 574 981 605 sed
1014 576 1110 605 etiam

147 622 311 654 lacessitos
335 625 481 660 oportere
506 619 570 650 vim
594 619 627 649 vi
658 618 820 658 repellere,
854 627 917 648 non
950 627 1020 648 esse
1052 618 1110 647 im-

147 664 256 706 probis
279 664 312 694 in
337 672 395 693 nos
417 660 733 693 saeviendidandam
749 660 958 696 occasionem,
982 659 1111 690 ululan-
1138 660 1139 666 ¹

147 708 223 738 dum
259 705 448 736 necessitate
488 703 626 744 quadam
667 713 736 734 esse
779 713 853 734 cum
894 702 988 741 lupis.
1047 701 1111 733 Sed

147 754 260 782 contra
283 748 389 787 potius
414 747 596 786 improbum
611 755 679 776 esse
693 755 764 776 eum
789 745 944 781 sinamus,
969 745 1021 783 qui
1043 754 1111 775 esse

148 791 242 824 velit:
266 801 324 821 nos
347 799 425 821 vero
438 789 544 820 Deum
570 799 587 818 a
610 788 702 819 nobis
715 788 747 818 in
761 787 910 818 omnibus
923 787 1111 817 tentationi-

147 834 208 865 bus
243 838 443 864 constantem
479 830 693 862 obedientiam
724 830 889 869 requirere
921 839 1110 870 persuasum

147 875 334 912 habeamus,
359 882 390 904 et
414 873 517 905 eidem
547 880 660 912 sponte
689 872 958 912 obtemperemus.
1006 873 1112 910 Atque

147 919 199 950 hic
232 928 311 949 usus
341 921 390 948 est
422 915 581 956 proverbii
613 915 700 945 illius
731 915 857 954 antiqui
888 914 971 955 quod
1003 913 1111 944 David
1138 927 1139 931 ¹

148 964 293 1000 usurpat,
324 969 440 998 nempe
469 959 542 989 licet
572 957 611 988 ab
642 957 795 996 improbis
826 967 1048 997 provocemur,
1081 962 1112 986 et

148 1003 236 1035 velut
269 1004 303 1032 in
340 1001 491 1042 praedam
526 1000 604 1040 ipsis
639 999 810 1036 cedamus,
851 1000 927 1031 licet
967 1010 1025 1029 nos
1066 998 1111 1028 illi

147 1045 333 1082 stimulent,
378 1049 409 1074 et
442 1049 536 1074 extra
569 1043 702 1073 rationis
737 1042 892 1073 terminos
927 1043 952 1073 si
988 1041 1113 1081 possint

146 1087 293 1123 efficiant,
325 1096 492 1126 nunquam
525 1090 631 1115 tamen
662 1084 889 1115 mandatorum
927 1085 1112 1115 divinorum

148 1129 386 1165 obliviscamur,
414 1133 446 1159 et
480 1138 521 1158 ne
551 1127 621 1158 istis
654 1127 775 1158 similes
805 1128 919 1158 fiamus
952 1138 970 1158 a
997 1127 1113 1165 quibus

147 1173 187 1204 ad
222 1172 342 1203 malum
377 1170 606 1205 sollicitamur,

148 1214 288 1246 torribus
311 1213 423 1253 ignitis
447 1213 485 1243 ad
508 1223 566 1243 nos
590 1212 628 1242 ad
643 1212 763 1242 malum
787 1212 985 1243 inducendos
1009 1211 1113 1242 abuti-

148 1264 211 1295 tur,
246 1261 278 1288 et
307 1267 348 1286 ne
379 1266 519 1296 unquam
551 1254 792 1286 labefactemur.

147 1300 245 1337 haec,
275 1298 394 1336 fateor,
433 1298 551 1329 nostris
582 1297 750 1328 affectibus
788 1303 819 1329 et
850 1302 987 1329 naturae
1019 1295 1113 1327 valde

147 1345 316 1382 repugnat.
362 1341 445 1371 Nam
477 1341 535 1371 etsi
566 1344 714 1370 naturam
745 1340 922 1380 angelicam
954 1339 1112 1370 induisse-

148 1395 237 1422 mus,
272 1383 422 1414 facillime
457 1387 565 1414 tamen
602 1382 756 1421 improbis
793 1393 851 1414 nos
882 1381 1112 1414 lacessentibus

147 1425 397 1465 corrumpimur,
429 1425 555 1456 etiamsi
579 1425 640 1455 Dei
664 1425 866 1456 voluntatem
900 1426 989 1464 sequi
1021 1423 1112 1455 nobis

144 1468 424 1509 proposuerimus,

144 1511 239 1542 modo
262 1511 295 1541 in
328 1511 420 1548 hanc,
453 1509 548 1541 modo
578 1509 613 1540 in
643 1509 732 1540 illam
763 1517 888 1550 partem
920 1521 989 1541 sese
1021 1509 1110 1539 incli-

146 1553 312 1584 nantibus.

146 1601 179 1627 et
201 1596 358 1627 rationem
382 1606 478 1635 quam
498 1599 595 1626 antea
618 1604 846 1635 acceperamus
865 1605 936 1626 cum
951 1594 1112 1633 aequitate

146 1643 179 1669 et
201 1637 358 1678 patientia
383 1637 549 1668 tradamus
572 1637 739 1674 oblivioni,
770 1643 802 1669 et
826 1638 860 1668 in
883 1638 943 1669 hoc
973 1637 1113 1676 plerum·
1139 1646 1141 1657 1

146 1691 207 1721 que
232 1681 379 1711 homines
403 1680 568 1711 labuntur.
604 1678 668 1711 Sed
691 1681 761 1712 istis
784 1680 932 1712 omnibus
952 1690 991 1710 ex
1016 1689 1112 1718 oppo-

145 1723 207 1754 sito
229 1722 369 1754 Davidis
392 1723 578 1762 exemplum
608 1723 809 1762 sequendum
833 1727 891 1760 est,
922 1733 986 1752 non
1018 1721 1114 1761 quale

146 1765 199 1796 hic
241 1765 331 1796 nobis
371 1764 580 1796 describitur:
621 1764 676 1795 sed
715 1765 811 1805 quale
845 1766 943 1796 etiam
977 1764 1045 1803 ipse
1080 1764 1113 1794 in

146 1807 287 1839 Psalmis
319 1808 479 1847 proponit,
509 1818 543 1838 se
575 1817 691 1846 nempe
720 1808 894 1848 diligenter
924 1806 1114 1837 observasse

144 1849 321 1890 improbos,
343 1855 376 1880 et
399 1860 461 1889 quo
481 1849 690 1889 procliviores
714 1850 746 1880 in
771 1850 851 1880 vitia
873 1848 1113 1885 animadvertit,

145 1903 182 1924 eo
205 1892 302 1923 etiam
327 1892 516 1932 diligentius
547 1902 581 1923 se
606 1892 638 1922 in
671 1892 787 1923 timore
811 1892 872 1923 Dei
904 1891 1112 1923 continuisse.

145 1934 365 1974 Quamobrem
400 1945 462 1974 quo
504 1934 717 1974 procliviores
756 1945 868 1966 sumus
902 1934 941 1965 ad
979 1934 1113 1965 affectus

145 1987 272 2017 pravos.
307 1977 463 2016 improbis
503 1977 703 2008 occasionem
745 1977 836 2008 nobis
876 1976 1112 2017 praebentibus,

146 2019 308 2051 discamus
331 2019 479 2050 fraenum
504 2019 637 2051 iniicere
662 2020 782 2050 nostris
812 2018 1053 2059 cupiditatibus,
1083 2023 1114 2049 et

145 2072 208 2102 quo
238 2062 341 2101 magis
369 2062 511 2093 furorem
541 2072 635 2092 suum
668 2062 806 2102 improbi
836 2061 1113 2102 despumaverint,

145 2114 181 2135 eo
204 2104 308 2144 magis
333 2108 389 2135 nos
403 2104 465 2135 Dei
479 2104 873 2143 volunt-atisubiiciamus,
896 2110 928 2135 et
947 2109 1114 2143 praeterea

147 2146 295 2177 norimus
319 2157 383 2177 non
408 2157 476 2178 esse
503 2146 594 2177 nobis
614 2151 742 2178 tantum
762 2147 918 2178 adversus
941 2146 1029 2185 ipsos
1049 2145 1115 2176 luc-

149 2192 214 2219 tam
248 2199 349 2228 quum
383 2199 441 2220 nos
483 2188 689 2227 adoriuntur,
730 2189 786 2220 sed
820 2189 918 2220 etiam
959 2189 1115 2219 adversus

150 2231 330 2270 superiores
372 2235 563 2271 potestates:

149 2272 240 2304 docet
259 2273 376 2313 Ephes.
400 2284 450 2313 ap.
471 2274 500 2312 6,
524 2284 623 2313 quum
647 2274 701 2310 ait,
725 2284 786 2305 non
808 2283 872 2305 esse
893 2273 980 2304 nobis
1002 2272 1115 2303 luctam

148 2315 299 2346 adversus
327 2316 511 2355 sanquinem
533 2318 560 2347 et
581 2326 714 2353 carnem,
745 2316 799 2347 sed
825 2317 977 2347 adversus
1006 2315 1116 2346 mundi

149 2357 302 2396 dominos,
332 2361 461 2389 rectores
491 2357 686 2390 tenebrarum
716 2358 847 2397 saeculi,
881 2360 909 2389 et
935 2357 1116 2397 spirituales

150 2399 301 2431 malitias.
347 2400 456 2439 Quare
480 2411 578 2440 quum
602 2401 778 2432 adversum
797 2411 854 2432 nos
875 2399 1116 2432 insurrexerint

151 2441 288 2481 improbi
311 2442 468 2481 homines,
492 2448 525 2474 et
542 2442 689 2474 faucibus
702 2443 823 2482 apertis
840 2448 994 2482 tanquam
1008 2442 1116 2473 leones
1142 2470 1144 2478 ,

152 2488 209 2514 aut
237 2483 305 2515 ursi
335 2494 394 2516 nos
423 2485 596 2526 deglubere
627 2485 709 2516 velle
740 2485 945 2522 videbuntur,
976 2485 1116 2516 sciamus

153 2535 219 2556 non
247 2528 376 2566 proprio
407 2527 552 2567 ipsorum
583 2532 672 2558 motu
700 2527 731 2558 id
760 2528 832 2559 fieri
862 2527 951 2569 (licet
980 2526 1117 2566 improbi

154 2567 279 2598 malitia
301 2578 360 2599 sua
383 2569 423 2600 ad
446 2570 569 2601 malum
592 2569 751 2608 ferantur,
782 2570 872 2601 cuius
903 2570 979 2600 olim
1010 2579 1117 2599 coram

155 2609 225 2640 Deo
248 2610 405 2642 rationem
428 2612 584 2643 reddituri
612 2612 713 2653 sunt),
743 2612 799 2644 sed
823 2612 919 2643 altius
943 2621 1116 2650 assurgen-
1144 2637 1145 2643 ,

786 187 832 217 IN
858 188 882 217 Ι.
910 187 995 217 12113.
1022 187 1218 219 SAMUEL.
1244 190 1340 220 CAl'.
1366 189 1494 220 XXIV.

649 1175 681 1200 et
715 1169 832 1210 quibus
866 1171 970 1201 Satan
1013 1167 1140 1199 veluti*

846 1255 932 1287 Sane
968 1253 1113 1285 doctrina
1138 1260 1139 1263 ’

474 1472 509 1499 ut
549 1466 705 1498 simillimi
746 1468 918 1499 videamur
964 1466 1141 1507 procellisv

359 1552 448 1584 Adeo
472 1558 507 1583 ut
529 1554 746 1583 reverentiam
770 1563 853 1592 quae
873 1553 943 1583 Deo
969 1551 1112 1588 debetur,
1139 1574 1141 1583 s

606 2231 874 2271 quemadmodum
908 2230 950 2262 D.
991 2230 1114 2261 Paulus
1141 2252 1142 2261 ,

2068 190 2129 219 50⁴}

1167 281 1253 317 dum,
1279 292 1394 322 nempe
1418 282 1633 313 iustrumenta
1664 293 1733 313 csse
1764 282 1835 313 illos
1867 281 1983 312 diaboli
2015 281 2130 321 quibus

1165 323 1203 353 ad
1229 324 1462 363 impatientiam
1488 335 1546 355 nos
1571 325 1713 364 impellit,
1739 336 1773 355 ac
1799 325 1930 364 proinde
1950 335 1989 354 ne
2013 323 2128 355 adver-

1138 390 1140 397 ,
1165 377 1218 395 sus
1243 366 1348 396 Deum
1373 366 1591 406 obloquamur,
1621 374 1651 397 ct
1684 378 1722 397 ne
1747 368 1778 397 in
1812 367 1927 397 furoris·
1960 377 2127 397 excessum

1138 409 1140 452 l
1165 409 1355 447 praecipites
1380 410 1529 439 feramur.
1566 409 1629 439 Sed
1653 409 1691 439 ad
1706 410 1916 440 afflictionum
1942 415 2128 439 nostrarum

1165 451 1320 489 originem
1352 450 1592 481 adscendamus.
1652 452 1736 482 Nam
1773 452 1798 482 si
1835 451 1914 482 adeo
1952 451 2057 481 stolidi
2097 456 2129 482 et

1165 492 1284 531 stupidi
1314 493 1484 530 fuerimus,
1525 500 1557 523 ut
1588 494 1617 523 in
1651 494 1688 524 iis
1724 504 1742 524 a
1769 494 1887 533 quibus
1918 504 2129 532 provocamur

1165 534 1363 571 haereamus,
1399 535 1528 573 perinde
1566 536 1731 566 nobiscum
1767 543 1880 575 agetur
1919 540 2014 574 atque
2055 545 2129 566 cum

1137 578 1139 615 j
1165 576 1298 608 canibus
1331 577 1383 616 qui
1408 578 1541 608 missum
1577 578 1712 617 lapidem
1744 578 1909 614 ari-odunt,
1940 585 1969 608 et
2001 588 2038 608 ex
2068 578 2130 608 ira-

1165 619 1282 649 cundia
1306 626 1466 659 spumant,
1492 630 1555 649 uon
1581 625 1688 651 tamen
1715 631 1844 650 manum
1870 620 1938 651 eius
1962 620 2015 659 qui
2047 619 2127 659 lapi-

1165 660 1236 691 dem
1269 662 1357 692 misit
1388 661 1603 700 inspicientes.
1650 663 1756 701 Atque
1796 673 1832 693 ea
1863 662 2052 702 plerumque
2082 669 2129 692 cst

1165 704 1307 733 omnium
1342 704 1507 734 hominum
1539 712 1655 734 natura
1691 705 1743 744 qui
1783 705 1920 736 lacessiti
1949 704 1988 735 ab
2020 704 2127 743 aliquo

1137 751 1139 773 l
1165 756 1230 775 non
1254 747 1427 785 respiciunt
1452 747 1543 777 cuius
1558 747 1697 785 impulsu
1713 747 1742 776 id
1768 748 1830 781 liat,
1856 757 1971 785 nempe
1987 746 2127 777 Satanae

1166 788 1319 827 principis
1344 789 1493 827 ipsorum.
1540 788 1583 818 At
1610 790 1692 819 lucta
1716 789 1892 827 spiritualis
1916 789 1989 819 talis
2021 795 2069 819 est
2094 793 2128 819 ut

1165 830 1260 869 longe
1284 837 1414 870 superet
1437 830 1587 870 quidquid
1608 832 1638 860 iu
1664 831 1769 861 oculos
1784 832 1927 868 incurrit,
1952 837 2007 861 aut
2030 840 2125 870 quae—

1165 883 1293 911 cunque
1328 873 1445 903 damna
1479 873 1513 902 in
1549 873 1598 902 his
1635 874 1727 903 terris
1761 875 1825 913 pati
1868 884 2050 913 possemus,
2091 883 2127 904 ac

1166 915 1298 954 proinde
1321 915 1500 945 cavendum
1525 926 1726 954 summopere
1759 922 1806 946 est
1835 927 1874 945 ne
1898 916 2019 946 malum
2045 915 2128 946 malo

1164 968 1384 997 compensare,
1409 957 1463 988 sed
1488 964 1597 988 contra
1622 958 1725 997 potius
1745 958 1851 989 oeulos
1874 958 1912 988 ad
1927 958 2032 988 Deum
2052 968 2127 988 eon-

1138 1002 1308 1036 lvertere,
1350 1004 1382 1030 et
1425 1000 1585 1039 patienter
1627 1001 1726 1039 ipsius
1765 1001 1920 1031 auxilium
1956 1007 2128 1039 expectare

1165 1042 1366 1078 studeamus,
1401 1052 1471 1072 cum
1508 1047 1595 1072 metu
1630 1048 1660 1072 et
1695 1043 1875 1073 reverentia
1909 1042 2128 1072 fortitudinem

1164 1084 1265 1114 animi
1289 1088 1438 1124 petentes
1462 1083 1501 1114 ab
1524 1085 1600 1123 ipso.
1626 1090 1661 1114 ut
1680 1085 1875 1124 quibuslibet
1896 1084 2129 1115 tentationibus

1165 1133 1196 1157 et
1227 1127 1399 1157 insultibus
1429 1127 1576 1157 resistere
1614 1137 1777 1165 queamus.
1831 1127 1901 1157 Hae
1933 1127 2057 1156 ratione
2090 1126 2129 1157 de

1166 1168 1312 1199 hostibus
1336 1169 1559 1208 spiritualibus
1583 1170 1749 1199 victoriam
1775 1180 1900 1208 semper
1933 1169 2129 1208 reportaturi

1140 1228 1141 1231 ¹
1166 1222 1287 1247 sumus,
1313 1211 1337 1242 si
1364 1211 1541 1242 doctrinam
1566 1211 1659 1242 istam
1683 1212 1720 1241 ad
1747 1223 1839 1242 usum
1858 1211 2129 1247 revocaverimus,

1167 1260 1199 1285 et
1222 1259 1257 1284 ut
1283 1253 1432 1284 omnibus
1464 1253 1696 1283 tentationibus
1726 1255 1924 1289 resistamus,
1957 1253 2036 1284 haec
2067 1252 2129 1283 duo

1167 1297 1271 1336 capita
1295 1296 1389 1326 simul
1420 1296 1691 1333 coniunxerimus,
1723 1297 1874 1335 quoniam
1905 1296 2058 1335 iniquitas
2091 1295 2129 1326 ab

1167 1340 1277 1378 iniquo
1301 1339 1525 1377 proficiscitur,
1549 1349 1589 1368 ne
1614 1338 1652 1368 ad
1677 1339 1796 1369 malum
1821 1338 2002 1373 incitemur,
2034 1343 2065 1368 et
2089 1348 2129 1368 ne

1167 1391 1282 1411 manus
1312 1386 1438 1411 nostras
1468 1381 1625 1420 sanguine
1662 1381 1859 1419 polluamus,
1898 1391 1936 1411 ne
1975 1379 2129 1410 ultionem

1168 1423 1324 1454 adversus
1348 1433 1400 1453 cos
1425 1428 1613 1462 expetamus
1633 1423 1687 1462 qui
1701 1424 1897 1454 occasionem
1913 1421 2130 1462 praebuerint,

1168 1472 1199 1497 et
1223 1476 1263 1496 ne
1291 1466 1443 1505 speciosis
1472 1465 1650 1495 rationibus
1681 1465 1874 1495 iniustitiam
1905 1470 2063 1504 tegamus,
2094 1469 2131 1494 ut

1139 1507 1141 1546 l
1168 1508 1357 1548 plerumque
1388 1507 1546 1548 ingeniosi
1584 1512 1661 1537 sunt
1698 1507 1843 1538 homines
1874 1508 1907 1537 in
1937 1505 2130 1546 quaerendis

1168 1552 1238 1582 istis
1268 1551 1411 1590 effugiis,
1451 1560 1549 1589 quum
1581 1550 1619 1580 de
1648 1559 1762 1580 causae
1794 1550 1954 1588 aequitate
1983 1554 2015 1579 et
2047 1549 2131 1579 bona

1139 1613 1141 1626 s
1168 1594 1254 1624 fama
1279 1592 1446 1623 retinenda
1472 1593 1616 1632 quaestio
1647 1597 1703 1622 est.
1750 1591 1813 1622 Sed
1846 1592 1905 1622 hoc
1934 1591 2130 1631 principium

1167 1635 1374 1666 retinendum
1421 1640 1469 1665 est
1514 1634 1620 1665 Deum
1674 1635 1840 1664 hominum
1897 1634 2131 1672 turpitudinem

1168 1678 1334 1718 detegere,
1378 1678 1450 1708 licet
1491 1676 1681 1707 mortalibus
1722 1676 1877 1707 creaturis
1918 1676 2041 1706 occulta
2081 1675 2131 1706 sit.

1167 1721 1284 1751 Procul
1323 1720 1423 1760 igitur
1457 1730 1475 1750 a
1509 1719 1599 1750 nobis
1630 1719 1767 1749 facessat
1809 1719 1899 1749 fucus
1933 1718 2037 1748 omnis
2067 1728 2129 1757 quo

1167 1763 1356 1802 iniquitates
1380 1768 1537 1802 tegamus,
1562 1766 1593 1792 et
1617 1761 1655 1792 ad
1670 1761 1774 1791 Deum
1800 1771 1873 1792 cum
1897 1760 1984 1790 omni
1998 1760 2130 1790 humili-

1167 1811 1233 1836 tate
1278 1804 1475 1843 accedamus,
1522 1804 1649 1834 veniam
1695 1803 1735 1833 ab
1779 1803 1848 1842 ipso
1890 1803 2128 1841 consequuturi.

1167 1848 1288 1878 Parum
1313 1847 1397 1877 enim
1412 1851 1494 1877 esset
1514 1856 1619 1877 coram
1634 1845 1818 1876 hominibus
1832 1845 1957 1875 absolvi
1977 1846 2001 1875 si
2022 1854 2128 1875 coram

1168 1890 1278 1921 divina
1302 1890 1468 1920 maiestate
1482 1889 1527 1919 rei
1546 1898 1698 1919 essemus.
1729 1888 1773 1917 Et
1785 1887 1860 1926 quid
1880 1888 1965 1917 enim
1980 1887 2128 1917 homines

1167 1932 1284 1963 iuverit
1314 1942 1420 1963 coram
1452 1931 1522 1961 Deo
1552 1930 1774 1964 condemnari,
1806 1935 1842 1959 ut
1872 1929 1910 1959 ab
1942 1929 2129 1959 hominibus

1167 1975 1378 2005 aestimentur
1412 1979 1442 2003 et
1476 1973 1583 2012 magni
1618 1972 1719 2003 fiant?
1768 1972 1811 2002 Et
1851 1971 1924 2010 quid
1961 1971 2129 2001 hominum

1167 2017 1323 2048 malitiam
1347 2021 1379 2047 et
1402 2015 1638 2055 improbitatem
1670 2015 1790 2044 imitari
1818 2013 1971 2053 proderit,
2002 2018 2033 2043 et
2061 2023 2131 2044 sese

1166 2060 1232 2090 illis
1263 2059 1382 2089 socium
1415 2058 1606 2097 adiungere,
1643 2067 1721 2097 quos
1757 2055 1918 2086 horrenda
1946 2055 2130 2086 maledictio

1167 2107 1287 2133 manet.
1970 2108 1972 2110 ·

1252 2144 1296 2174 Et
1319 2143 1474 2174 hactenus
1506 2142 1543 2171 de
1572 2142 1650 2172 istis.
1690 2140 1881 2179 Sequuntur
1911 2139 1969 2170 illa
1991 2139 2131 2171 Davidis

1168 2186 1284 2217 verba:
1323 2185 1397 2216 Post
1426 2194 1515 2224 quem
1532 2183 1683 2223 processit
1710 2193 1764 2213 rex
1792 2182 1952 2213 Israelis?
1980 2192 2071 2221 quem
2099 2184 2131 2212 tu

1162 2228 1383 2268 persequeris?
1406 2227 1602 2265 persequeris
1623 2235 1728 2256 canem
1750 2227 1912 2260 mortuum,
1933 2224 2134 2263 persequeris

1141 2271 1297 2311 ‘pulicem
1322 2279 1436 2300 unum.-
1466 2269 1582 2308 quibus
1614 2268 1722 2298 verbis
1751 2266 1859 2297 obiicit
1883 2266 1976 2297 Sauli
2007 2266 2132 2296 uillam

1141 2311 1143 2358 l
1169 2315 1274 2353 ipsum
1307 2311 1426 2343 habere
1457 2313 1572 2341 iustam
1604 2310 1804 2340 occasionem
1835 2308 2000 2338 metuendi
2031 2307 2091 2338 sibi
2115 2318 2133 2338 a

1169 2354 1307 2391 Davide,
1339 2354 1392 2394 qui
1422 2353 1561 2384 fideliter
1591 2358 1623 2382 et
1655 2350 1798 2381 modeste
1829 2361 1862 2381 se
1893 2360 2020 2389 semper
2056 2360 2132 2390 erga

1169 2398 1272 2437 ipsum
1294 2396 1405 2436 gessit,
1418 2396 1463 2425 ita
1481 2400 1515 2425 ut
1528 2394 1653 2424 nullum
1666 2393 1803 2423 officium
1817 2393 1919 2432 possit
1933 2391 2132 2423 desiderare:

1170 2440 1275 2471 nullas
1300 2449 1332 2469 se
1357 2438 1463 2477 copias
1487 2436 1665 2476 collegisse,
1690 2435 1779 2465 nulla
1802 2434 1937 2466 consilia
1961 2434 2134 2464 adversum

1170 2483 1274 2522 ipsum
1299 2481 1447 2520 agitasse.
1482 2479 1525 2509 Et
1549 2479 1665 2509 idcireo
1690 2488 1722 2508 se
1742 2482 1868 2507 mortuo
1892 2476 1961 2507 cani
1981 2483 2013 2506 et
2037 2476 2135 2515 pulici

1170 2529 1345 2564 comparat.
1382 2520 1540 2561 Equidem
1555 2520 1656 2550 fateor
1674 2519 1861 2559 hypocritas
1881 2523 1911 2549 et
1931 2518 2135 2549 simulatores

1172 2572 1203 2597 et
1226 2566 1278 2606 qui
1303 2564 1443 2595 maxime
1467 2563 1576 2593 iniurii
1602 2562 1730 2597 fuerint,
1755 2561 1885 2592 tandem
1911 2559 2135 2600 deprehensos,

1172 2609 1358 2640 mitissimos
1377 2611 1409 2637 ct
1428 2605 1609 2636 lenissimos
1630 2604 1741 2640 videri,
1767 2603 1878 2643 vulpes
1892 2603 2034 2633 imitatos
2057 2612 2137 2642 quae
