2551 3044
401 235 461 266 461

402 328 492 359 valde
514 327 654 359 callidus.
697 324 747 356 23.
773 323 980 358 Considerate,
1003 325 1029 353 et
1055 321 1149 353 ridete
1172 320 1273 351 omnia
1298 319 1368 350 lati·
1394 321 1397 330 ’

401 371 471 402 bula
495 371 570 406 cius,
601 369 633 399 in
661 367 774 407 quibus
801 365 1017 398 absconditur.-
1045 368 1069 395 et
1106 363 1298 395 revertimini
1328 363 1369 394 nd

400 423 447 444 me
470 413 509 443 ud
533 422 593 442 νυνι
614 414 734 445 certum,
757 411 790 440 ut
805 409 919 440 vadam
941 408 1113 439 vobiscum:
1135 406 1216 446 quod
1232 406 1262 437 si
1277 406 1369 436 etium

402 457 435 487 in
460 458 571 485 terrum
595 466 627 485 sc
649 452 843 489 obstrui-crit,
868 451 1086 491 perscrutabor
1107 459 1176 481 eum
1198 449 1230 480 in
1253 448 1369 480 cunctis

401 498 541 529 millibus
565 497 657 528 Iuda.
683 495 732 526 24.
758 495 801 525 At
826 494 871 525 itli
894 496 1051 533 sumentes
1068 492 1210 524 abierunt
1232 491 1265 522 in
1286 490 1367 530 Ziph
1394 506 1396 512 ν

401 544 470 573 aute
494 539 586 571 Saul.-
610 538 717 570 Durid
740 540 841 568 autem
864 539 891 567 et
914 537 976 567 viri
998 537 1067 567 eius
1088 537 1176 566 erant
1198 535 1232 566 in
1253 534 1368 565 deserto
1394 559 1395 563 ,

403 583 509 615 Maon.
536 583 565 612 in
593 580 813 620 campestribus
835 579 876 610 acl
899 580 1024 610 dea-tam
1050 578 1194 610 Iesimon.
1229 576 1368 608 §25:1cit

402 637 472 667 crya
488 625 566 657 Saul
585 627 611 655 et
631 625 705 655 socii
719 622 840 654 eiusad
858 622 1067 662 quaerendum
1083 631 1170 652 eum:
1191 622 1218 651 el
1240 619 1367 650 ammiu-

401 673 465 701 tum
493 671 536 699 est
568 667 696 702 Dacica,
727 666 890 704 statimque
923 664 1075 696 descendit
1104 664 1146 695 ad
1179 662 1312 701 Petram,
1343 664 1368 692 et
1394 672 1395 698 l

402 711 584 743 versabatur
619 711 647 741 in
683 709 797 740 deserto
832 707 942 738 Maon.
991 707 1076 746 Quod
1109 716 1202 746 quum
1232 705 1367 735 audisset
1393 725 1395 742 ,

405 755 492 791 Saul,
511 754 717 793 persequutus
736 754 780 782 est
799 750 907 781 Duricl
932 751 963 781 in
985 750 1100 781 deserto
1122 748 1227 780 IlIuon.
1252 748 1302 778 26.
1327 747 1368 778 Et
1394 762 1395 768 κ

403 797 469 828 ibat
483 796 561 827 Saul
583 795 624 826 ud
646 795 729 826 latus
747 793 860 824 montis
883 803 920 823 ea:
939 795 1113 833 partemve
1138 791 1245 823 David
1268 793 1366 821 autem
1393 821 1395 828 Α

403 843 429 872 et
461 840 520 870 riri
549 839 615 869 eins
634 840 722 869 erant
752 837 785 867 in
808 836 901 867 latere
930 835 1042 868 mordis
1074 846 1111 865 ex
1136 836 1227 874 parte
1255 833 1368 864 ultera:
1393 835 1395 866 l

399 893 496 922 porro
510 881 616 912 Duris?
638 879 818 919 desperabat
839 889 871 910 se
887 888 979 918 posse
997 878 1122 909 evadere
1140 888 1159 908 α
1181 877 1260 915 tunic
1275 874 1368 907 Saul:

406 927 508 965 itaque
532 923 612 955 Saul
634 925 659 954 et
682 923 744 954 viri
766 924 834 953 eius
856 922 890 952 in
912 920 1033 952 modum
1063 930 1190 952 coronae
1212 918 1368 958 cingebant

405 967 523 1006 David,
547 969 573 998 et
595 967 679 997 viros
697 966 774 1005 eius,
799 967 830 995 ut
852 966 992 1005 caperent
1014 973 1070 995 eos.
1096 963 1147 993 27.
1172 961 1213 992 Et
1238 961 1368 991 nuncius

405 1011 485 1042 venit
507 1010 548 1041 ud
574 1008 661 1044 Saul,
693 1009 804 1043 dicens,
837 1006 967 1038 Festina
987 1008 1013 1036 et
1044 1006 1125 1036 veni:
1155 1005 1300 1043 quoniam
1323 1004 1369 1034 4ιή-
1392 1028 1395 1033 .

403 1053 552 1093 fuderunt
581 1063 613 1083 se
644 1051 819 1083 Philistum
849 1060 943 1089 super
969 1051 1093 1080 terrum.
1139 1048 1187 1079 28.
1214 1047 1368 1077 Reversus

405 1099 448 1127 est
471 1106 538 1135 erqo
562 1095 638 1125 Saul
660 1094 809 1126 desistens
826 1092 973 1131 persequi
987 1091 1104 1127 David,
1129 1094 1154 1121 et
1172 1090 1313 1129 perrari(
1338 1089 1367 1118 in

405 1149 561 1170 occursum
577 1137 824 1168 Philistinomm.
847 1134 978 1174 Propter
996 1134 1050 1165 hoc
1072 1135 1250 1165 vocat-crant
1273 1132 1367 1162 locum

405 1182 495 1213 illum
518 1181 643 1212 Petram
666 1180 860 1211 dividentem.

491 1267 595 1299 Prout
617 1276 676 1297 nos
701 1264 800 1295 variis
817 1263 907 1294 Deus
926 1268 1053 1294 exercet
1077 1259 1315 1293 calamitatibus
1339 1264 1371 1290 ct

408 1309 653 1346 afflictionibus,
690 1307 844 1339 adversus
878 1305 1006 1336 easdem
1041 1304 1218 1336 remedium
1250 1302 1369 1334 adfert:

408 1354 506 1384 immo
529 1352 624 1384 ctiam
649 1350 825 1391 praevenit,
850 1358 889 1379 ne
913 1349 1059 1379 incautos
1082 1357 1208 1379 summa
1234 1345 1370 1376 necessi—

408 1404 457 1427 tas
480 1395 658 1436 opprimat:
688 1403 787 1432 quare
816 1393 860 1423 sic
884 1391 976 1422 malis
1000 1390 1119 1422 nostris
1150 1389 1305 1430 providet,
1335 1394 1371 1418 ut

408 1445 482 1470 ante
504 1440 603 1470 ictum
627 1437 804 1468 sentiamus
824 1435 929 1474 ipsum
954 1433 1054 1465 nostri
1071 1433 1238 1464 misertum
1263 1432 1370 1462 fuisse.

408 1479 689 1521 Quemadmodum
713 1477 852 1509 medicos
866 1476 1014 1508 videmus
1034 1481 1236 1516 aegrotorum
1262 1484 1371 1505 curam

408 1523 580 1560 habentes,
612 1521 801 1563 praevidere
831 1530 893 1560 quo
922 1524 1065 1559 tempore
1096 1518 1193 1549 febris
1222 1517 1371 1557 periodus
1397 1530 1399 1553 l

408 1568 451 1599 sit
482 1567 634 1602 reditura,
665 1570 697 1596 et
731 1564 914 1603 praecipere
944 1566 979 1593 ut
1009 1571 1046 1592 ea
1080 1560 1159 1592 hora
1189 1560 1277 1591 cibus
1308 1560 1371 1590 illis

408 1609 608 1651 praebeatur,
633 1606 717 1647 quod
742 1606 895 1646 postridie
910 1604 951 1636 sit
975 1603 1038 1636 illis
1062 1602 1280 1635 ieiunandum.
1306 1603 1371 1633 Aut

408 1650 679 1693 quemadmodum
699 1655 790 1690 pater
811 1649 926 1689 aliquis
944 1647 1047 1678 filium
1070 1656 1204 1687 peregre
1217 1646 1373 1685 profectu—

407 1706 479 1727 rum
504 1705 568 1725 non
600 1694 678 1725 sinit
708 1692 796 1723 abire
826 1690 1053 1723 discalceatum
1077 1696 1110 1721 et
1133 1699 1286 1720 vacuum:
1317 1687 1371 1718 sed

408 1738 468 1779 ipsi
493 1737 531 1768 dc
555 1736 651 1767 rebus
671 1735 860 1766 necessariis
883 1733 1048 1774 providet:
1074 1732 1124 1763 vel
1148 1731 1243 1763 sicuti
1267 1731 1372 1770 Impe—

408 1788 496 1812 rator
527 1778 720 1820 praevidens
750 1778 897 1808 futurum
926 1786 998 1807 cum
1030 1774 1177 1806 hostibus
1207 1774 1373 1814 praelium,

408 1824 496 1855 iubet
520 1822 638 1854 milites
651 1830 783 1861 corpora
802 1829 924 1857 curare,
948 1825 980 1850 et
996 1817 1175 1849 necessaria
1190 1815 1372 1857 providere.

408 1867 481 1898 Non
507 1865 610 1902 aliter,
633 1865 777 1904 inquam,
801 1862 893 1894 Deus
906 1867 1074 1903 paternam
1088 1859 1127 1891 de
1150 1860 1240 1891 nobis
1263 1869 1373 1891 curam

409 1909 504 1951 gerit,
530 1919 589 1939 nos
612 1908 793 1944 comitatur,
818 1910 850 1937 et
873 1905 905 1936 in
930 1903 1110 1936 clientelam
1134 1913 1224 1934 suam
1249 1901 1373 1941 recipit,
1399 1922 1401 1944 J

411 1952 596 1991 nostrisque
620 1949 771 1982 omnibus
795 1948 934 1980 miseriis
958 1946 1115 1985 medetur,
1145 1950 1177 1977 et
1199 1950 1293 1985 prout
1318 1954 1372 1974 va-

413 1995 471 2026 riis
493 2000 525 2026 et
548 1994 684 2025 diversis
707 1991 934 2023 afflictionibus
957 1996 1096 2025 exercet,
1124 1987 1282 2019 adversus
1305 1997 1373 2018 eas-

414 2038 486 2069 dem
516 2036 705 2069 nccessariis
736 2034 886 2066 remediis
915 2033 1029 2064 munit.
1075 2031 1183 2062 Huius
1211 2029 1375 2061 doetrinae
1400 2036 1401 2050 ¹

414 2091 566 2120 praesens
591 2078 724 2110 historia
747 2077 842 2108 fidem
866 2076 951 2114 facit,
974 2076 1006 2106 in
1028 2085 1091 2115 qua
1107 2072 1240 2114 ziphaei
1264 2072 1374 2103 dicuu-

414 2130 468 2154 tur
499 2122 537 2154 ad
562 2121 695 2154 Saulem
721 2119 880 2151 Davidem
912 2117 1069 2159 prodituri
1099 2117 1237 2148 venisse.
1283 2114 1375 2154 Quae

415 2176 492 2197 sane
520 2165 628 2205 gravis
658 2162 777 2195 Davidi
807 2162 910 2202 potuit
941 2161 1074 2192 tentatio
1105 2159 1307 2199 contingere,
1345 2162 1377 2188 et

416 2209 484 2239 eius
507 2207 650 2238 animum
681 2204 916 2246 quodammodo
946 2204 1145 2239 labefactare,
1174 2200 1264 2241 quasi
1288 2201 1377 2231 Deus

414 2251 505 2282 illum
525 2261 581 2290 spe
600 2260 659 2281 sua
678 2250 904 2280 frustraretur:
928 2246 982 2278 sed
1008 2246 1082 2278 huic
1102 2243 1275 2276 tentationi
1288 2243 1378 2274 Deus
1404 2269 1405 2277 ,

416 2293 574 2333 occurrit,
608 2293 785 2333 praemisso
819 2290 857 2321 ad
891 2288 1051 2321 Davidem
1085 2286 1282 2324 Ionatham,
1323 2285 1377 2326 qui

416 2337 572 2369 afflictum
603 2334 834 2370 consolaretur,
866 2337 1018 2372 ratasque
1048 2331 1108 2372 ipsi
1140 2330 1274 2362 factaret
1304 2338 1378 2368 pro·

416 2379 587 2411 missiones
601 2377 639 2409 de
652 2387 752 2418 regno
772 2376 832 2416 ipsi
854 2386 910 2416 per
923 2374 1108 2407 Samuelem
1123 2373 1231 2405 factas.
1256 2370 1377 2410 Quam-

417 2423 527 2454 obrem
557 2419 798 2452 observandum
824 2418 928 2449 Deum
961 2417 1150 2458 praevidere
1173 2413 1380 2446 necessitates

417 2470 560 2501 nostras,
592 2473 695 2504 neque
725 2466 912 2502 exspectare
942 2460 1044 2492 donec
1073 2460 1106 2491 in
1137 2469 1190 2490 eas
1215 2455 1380 2498 angustias

419 2507 628 2539 deveniamus
657 2511 694 2537 ut
724 2505 890 2545 deplorata
911 2503 1000 2535 salus
1032 2502 1197 2540 videatur,
1223 2499 1279 2532 sed
1310 2503 1380 2530 tan-

419 2559 516 2591 quam
547 2548 818 2589 alexipharmacis
849 2557 908 2578 nos
939 2545 1159 2587 praemunire,
1197 2542 1236 2574 de
1264 2541 1382 2583 quibus

421 2604 462 2625 ne
484 2591 735 2632 cogitaverimus
758 2589 897 2630 quidem,
921 2595 952 2620 et
975 2599 1055 2629 quae
1079 2588 1112 2619 in
1136 2586 1382 2619 admirationem

422 2636 558 2676 rapiant.
582 2634 638 2666 Sic
657 2634 756 2674 igitur
770 2633 860 2664 Deus
880 2641 1114 2672 nonnunquam
1131 2640 1190 2661 nos
1209 2626 1382 2660 admodum

421 2678 560 2718 benigne
573 2682 700 2716 tractat,
723 2680 754 2707 et
766 2675 956 2706 munificum
977 2684 1011 2706 se
1030 2674 1121 2706 nobis
1133 2671 1274 2709 exhibet,
1298 2668 1384 2710 quod

1182 224 1383 258 HOMILIA
1409 223 1559 256 LXXXI
1568 223 1604 254 V.

2321 221 2383 252 468

1422 318 1518 359 paulo
1548 322 1618 357 post
1647 326 1708 347 non
1733 316 1854 356 absque
1877 325 1974 346 causa
2004 315 2124 346 factum
2156 316 2386 356 cognoscimus,

1423 360 1477 392 sed
1502 360 1607 390 Deum
1634 369 1690 390 nos
1712 358 1783 390 istis
1807 357 1894 389 velut
1923 357 2073 388 amuletis
2103 357 2256 390 adversus
2280 359 2384 391 immi-

1423 410 1535 434 nentes
1560 402 1760 433 calamitates
1783 410 1957 441 paeparare
1982 400 2132 432 voluisse.
2167 400 2259 433 Istud
2283 402 2383 442 igitur

1422 444 1658 477 observandum
1688 455 1728 475 cx
1757 454 1793 475 eo
1823 443 1908 484 quod
1933 442 2150 474 Ionathanum
2175 443 2322 476 videmus
2345 444 2385 476 ad

1423 488 1582 519 Davidem
1608 487 1743 524 venisse,
1774 493 1805 517 et
1828 487 1934 526 ipsum
1958 486 2158 517 consolatum
2183 487 2289 525 fuisse,
2313 486 2385 519 Deo

1424 532 1515 561 istam
1531 529 1736 560 benedicente
1756 529 2002 569 profectionem:
2027 529 2110 568 quod
2125 529 2282 561 Davidem
2296 540 2385 570 opor-

1422 580 1501 603 teret
1522 571 1724 612 gravioribus
1743 582 1839 612 quam
1859 577 1953 602 antea
1975 572 2207 603 tentationibus
2224 573 2384 605 exerceri:

1394 616 1514 647 sicuti
1546 615 1704 654 Ziphaeos
1741 614 1780 646 ad
1813 613 1944 646 Saulem
1976 614 2104 646 venisse
2139 615 2201 646 iam
2236 615 2384 647 videmus

1422 660 1527 698 ipsum
1553 657 1744 697 prodituros.
1790 657 1934 697 Insignis
1958 663 2064 688 autem
2089 657 2225 689 istorum
2250 658 2312 689 fuit
2334 658 2384 689 in·

1421 701 1593 742 gratitudo.
1640 699 1723 731 Nam
1755 700 1814 731 etsi
1838 699 1947 730 David
1980 710 2042 730 non
2074 699 2161 740 ipsos
2192 701 2386 733 liberaverat

1421 744 1584 774 obsidione
1615 749 1650 773 ut
1680 742 1854 779 Ceilenses,
1886 748 1995 773 tamen
2025 742 2064 773 ad
2100 748 2199 773 totam
2231 742 2384 775 Iudaeam

1422 786 1611 817 beneficium
1632 785 1712 816 illud
1737 785 1928 826 pertinebat,
1954 794 1990 815 ac
2010 785 2144 825 proinde
2163 785 2201 816 ad
2215 785 2384 826 ziphaeos,

1421 829 1474 869 qui
1501 839 1574 868 pars
1597 834 1692 859 erant
1715 828 1827 868 populi
1849 827 1983 859 Iudaici.
2029 828 2078 859 Ac
2102 839 2164 858 non
2193 828 2291 860 semel
2316 832 2385 860 tau·

1421 877 1490 902 tum
1514 871 1622 902 David
1648 872 1734 902 venit
1760 872 1790 901 in
1811 876 1958 910 apertum
1983 870 2096 901 mortis
2117 870 2300 909 discrimen,
2329 871 2386 903 sed

1421 914 1558 946 subinde
1583 914 1682 957 vitam
1707 915 1856 954 exposuit
1887 913 2040 953 periculis
2064 913 2101 944 ad
2128 913 2236 954 populi
2260 924 2388 946 conser-

1423 958 1595 988 vationem.
1622 956 1686 988 Sed
1700 956 1790 987 illum
1804 955 1946 996 oportuit
1960 956 2128 986 hominum
2144 964 2207 987 tam
2223 957 2386 997 ingratum

1421 1001 1454 1030 in
1485 1010 1518 1030 se
1541 999 1685 1031 animum
1717 1000 1866 1038 experiri,
1899 1004 1931 1029 et
1960 1009 2033 1030 cum
2065 999 2239 1030 multorum
2262 999 2387 1031 malitia

1421 1042 1600 1079 colluctari,
1631 1048 1667 1073 ut
1690 1042 1729 1073 ad
1754 1041 1860 1073 Deum
1885 1041 1987 1073 solum
2013 1052 2183 1082 assurgere
2206 1048 2237 1073 ct
2260 1042 2294 1073 in
2318 1043 2386 1083 ipso

1422 1085 1488 1116 solo
1507 1095 1596 1125 spem
1616 1095 1708 1115 suam
1728 1085 1884 1116 collocare
1897 1084 2044 1119 disceret,
2064 1090 2160 1125 atque
2172 1095 2206 1116 se
2225 1085 2265 1116 ad
2285 1085 2387 1125 ipsius

1422 1128 1622 1159 voluntatem
1647 1137 1850 1167 componere,
1880 1127 1955 1158 licet
1986 1127 2105 1158 multae
2129 1127 2190 1168 ipsi
2221 1127 2260 1159 ab
2285 1127 2387 1159 homi-

1396 1200 1397 1210 ,
1423 1170 1516 1202 nibus
1539 1181 1655 1202 causac
1678 1170 1909 1210 desperationis
1929 1169 2133 1201 offerrentur.
2158 1169 2290 1209 Quanta
2309 1181 2384 1202 vero

1424 1213 1532 1245 Saulis
1555 1213 1607 1244 hic
1630 1223 1664 1245 se
1687 1213 1836 1253 patefacit
1861 1213 2040 1253 hypocrisis
2052 1212 2212 1253 ziphaeos
2231 1213 2278 1244 sic
2300 1213 2385 1245 exei-

1423 1256 1550 1296 pientis,
1582 1260 1618 1287 ut
1641 1261 1796 1296 tanquam
1825 1255 2086 1296 religiosissimus
2110 1256 2171 1287 Dei
2192 1266 2309 1287 nomen
2333 1256 2387 1288 ob-

1425 1299 1544 1336 tendat,
1568 1305 1600 1330 et
1625 1305 1776 1339 tanquam
1797 1308 1814 1329 a
1834 1298 1903 1329 Deo
1927 1297 2104 1330 benedictis
2122 1297 2204 1330 bene
2228 1303 2386 1339 precetur.

1425 1341 1481 1373 Vel
1506 1342 1721 1382 precationem
1754 1341 1895 1372 dicemus
1925 1351 1994 1372 esse
2024 1351 2085 1381 qua
2116 1341 2268 1381 Ziphaeis
2291 1341 2388 1382 perfi-

1425 1385 1513 1416 diose
1537 1383 1695 1416 Davidem
1727 1385 1759 1415 in
1783 1394 1899 1415 manus
1923 1393 1996 1415 suas
2019 1383 2147 1415 tradere
2169 1384 2387 1425 cogitantibus

1425 1427 1592 1464 adulatur,
1629 1427 1692 1458 Dei
1725 1437 1842 1458 nomen
1874 1427 1907 1457 in
1937 1437 2058 1458 vanum
2090 1436 2267 1467 usurpans:
2301 1426 2386 1467 quod

1425 1471 1580 1501 nimirum
1614 1470 1773 1510 frequenti
1801 1469 2001 1509 experientia
2022 1469 2259 1509 comprobatur.
2303 1469 2389 1501 Nam

1425 1514 1615 1553 plerumque
1637 1513 1748 1544 videas
1771 1523 1824 1544 eos
1847 1512 1903 1552 qui
1922 1511 1986 1543 Dei
2009 1512 2134 1543 nullum
2159 1513 2307 1544 timorem
2330 1512 2389 1544 ha-

1425 1556 1516 1593 bent,
1548 1556 1736 1596 frequenter
1764 1556 1797 1587 in
1828 1565 1881 1586 ore
1912 1565 2030 1586 nomen
2060 1555 2161 1594 ipsius
2192 1555 2326 1586 habere:
2359 1559 2392 1586 et

1425 1604 1577 1639 tanquam
1601 1598 1752 1639 clypeum
1773 1598 1926 1634 obiicere,
1961 1597 2134 1638 multisque
2158 1597 2261 1629 modis
2284 1597 2389 1638 profa-

1425 1653 1513 1673 nare.
1561 1641 1617 1673 Sic
1640 1641 1728 1673 fures
1747 1647 1803 1673 aut
1825 1641 1967 1672 latrones
1991 1639 2030 1672 de
2048 1640 2087 1671 iis
2110 1650 2191 1680 quae
2211 1645 2390 1681 rapuerunt

1425 1692 1455 1716 et
1485 1684 1631 1726 praedati
1660 1689 1746 1721 sunt,
1778 1683 1849 1715 Deo
1880 1684 2002 1724 gratias
2032 1692 2137 1724 agere,
2169 1684 2260 1724 quasi
2289 1693 2390 1714 manu

1424 1728 1527 1768 ipsius
1551 1727 1703 1768 praedam
1727 1733 1835 1759 essent
1858 1725 2058 1766 consequuti,
2088 1736 2154 1757 non
2184 1726 2255 1758 sine
2277 1730 2390 1758 contu-

1426 1771 1521 1802 melia
1544 1775 1576 1801 et
1599 1770 1825 1811 profanatione
1848 1769 1968 1801 solent:
2000 1779 2103 1809 neque
2127 1768 2192 1800 ulla
2215 1769 2318 1800 maior
2339 1769 2390 1800 in-

1426 1814 1500 1844 ferri
1520 1813 1589 1844 Deo
1613 1818 1719 1853 potest
1742 1813 1875 1844 iniuria:
1901 1817 1932 1843 et
1955 1811 2095 1851 insignis
2119 1817 2169 1843 est
2191 1811 2391 1852 blasphemia

1426 1856 1531 1888 Deum
1557 1856 1662 1887 facere
1693 1856 1889 1896 flagitiorum
1912 1859 1943 1886 et
1965 1854 2152 1894 rapinarum
2177 1854 2308 1886 socium.
2343 1855 2391 1886 At

1427 1910 1520 1930 nemo
1545 1899 1648 1930 nescit
1671 1909 1767 1938 quam
1792 1898 1888 1929 multi
1911 1897 2004 1928 malis
2025 1897 2149 1928 artibus
2169 1896 2338 1936 ditescant,
2359 1901 2392 1928 et

1426 1943 1575 1983 ingentes
1599 1952 1674 1981 opes
1699 1941 1910 1979 accumulent,
1941 1946 1974 1971 et
2004 1945 2112 1972 tamen
2136 1939 2175 1970 ad
2198 1939 2305 1971 Deum
2329 1939 2393 1971 ista

1427 1986 1577 2016 referant.
1602 1985 1709 2025 Reges
1731 1995 1766 2015 ac
1785 1984 1946 2024 principes
1965 1983 2018 2023 qui
2039 1982 2213 2014 ambitione
2233 1986 2265 2013 et
2288 1982 2389 2014 hono-

1427 2038 1499 2058 rum
1524 2027 1625 2058 nimia
1644 2026 1829 2067 cupiditate,
1854 2032 1884 2058 et
1908 2026 2044 2058 avaritia
2063 2026 2241 2066 flagrantes
2259 2025 2391 2066 sangui-

1428 2082 1499 2101 nem
1525 2070 1705 2101 humanum
1735 2069 1898 2109 fuderunt,
1929 2074 1958 2100 et
1991 2068 2076 2099 hunc
2100 2073 2132 2099 et
2159 2067 2250 2099 illum
2275 2067 2390 2109 spolia-

1428 2118 1504 2144 runt
1517 2119 1547 2144 ct
1566 2113 1693 2144 iniuriis
1706 2112 1893 2152 affecerunt,
1918 2111 1980 2142 Dei
1995 2115 2101 2142 tamen
2117 2110 2246 2142 nomine
2262 2120 2390 2151 semper

1429 2156 1619 2197 gloriantur,
1645 2161 1677 2187 et
1699 2165 1733 2187 se
1756 2165 1812 2196 per
1836 2154 1896 2186 Dei
1921 2154 2055 2193 gratiam
2078 2163 2214 2193 regnare
2237 2153 2391 2193 profiten-

1430 2205 1491 2230 tur.
1516 2198 1610 2237 Quod
1635 2199 1748 2230 vitium
1773 2197 1922 2229 omnibus
1945 2196 2082 2227 saeculis
2105 2195 2283 2227 invaluisse
2301 2194 2392 2226 vide-

1430 2252 1516 2272 mus:
1542 2247 1765 2272 verumtamen
1785 2241 1956 2280 diligenter
1974 2243 2023 2270 est
2045 2238 2136 2269 nobis
2154 2237 2392 2270 observandum

1431 2284 1507 2324 quid
1531 2284 1601 2325 lege
1624 2295 1681 2315 sua
1705 2283 1795 2314 Deus
1819 2283 1895 2314 olim
1918 2282 2080 2322 professus
2103 2281 2154 2318 sit,
2178 2290 2303 2321 nempe,
2327 2288 2393 2312 non

1432 2337 1600 2367 passurum
1627 2332 1661 2358 ut
1684 2337 1777 2358 suum
1803 2336 1919 2357 nomen
1943 2335 1962 2356 a
1980 2333 2140 2364 quoquam
2161 2323 2337 2364 accipiatur
2359 2323 2393 2354 in

1433 2380 1563 2400 vanum.
1587 2369 1805 2408 Quamobrem
1826 2377 2029 2407 summopere
2048 2365 2239 2405 cavendum,
2263 2376 2304 2398 ne
2322 2375 2395 2398 cum

1433 2412 1639 2443 simulatione
1672 2415 1704 2443 et
1739 2411 1902 2452 hypocrisi
1934 2409 2004 2441 Deo
2034 2409 2156 2449 gratias
2187 2407 2225 2440 de
2256 2408 2396 2449 acceptis

1433 2454 1525 2486 bonis
1555 2464 1705 2495 agamus:
1736 2460 1769 2485 et
1805 2464 1844 2486 ne
1873 2453 1935 2485 Dei
1969 2462 2088 2483 nomen
2122 2457 2243 2484 temere
2276 2451 2396 2483 nostris

1434 2497 1564 2537 flagitiis
1587 2497 1734 2538 tegendis
1756 2505 1960 2528 assumanUS.

1520 2540 1693 2571 Caeterum
1708 2540 1838 2580 quantis
1857 2549 1930 2571 cum
1951 2537 2194 2570 difficultatibus
2207 2536 2314 2569 David
2333 2537 2397 2569 alia

1435 2593 1474 2614 ex
1498 2588 1590 2622 parte
1617 2582 1758 2614 luctatus
1786 2582 1838 2620 sit,
1867 2589 1899 2613 et
1926 2581 1960 2612 in
1991 2585 2129 2620 quantas
2155 2579 2324 2621 angustias
2347 2590 2396 2612 re-

1437 2625 1559 2664 dactus,
1583 2636 1681 2665 quum
1705 2624 1847 2665 undique
1871 2635 1889 2656 a
1913 2622 2011 2656 Saule
2031 2627 2248 2664 premeretur,
2272 2627 2321 2654 est
2343 2633 2396 2655 ex-

1436 2667 1652 2709 pendendum.
1696 2668 1823 2700 Dicitur
1841 2667 1949 2707 itaque
1972 2665 2052 2698 Saul
2076 2676 2141 2698 non
2160 2665 2270 2697 statim
2283 2671 2399 2698 accur-
