2551 3044
193 193 252 223 193

190 297 252 317 non
289 292 490 327 oportuerat:
526 298 623 327 quare
658 298 742 318 nunc
774 287 862 317 Deus
896 285 1036 316 ostendit
1070 284 1145 325 quid

191 329 254 359 illis
286 334 374 360 tanta
404 331 458 360 illa
490 331 622 362 audacia
651 330 813 369 profuerit,
846 340 926 368 quae
959 339 1020 359 non
1052 327 1145 358 modo

192 377 323 412 repento
343 373 477 403 effluxit.
501 373 555 403 sed
580 373 675 403 ctiam
699 379 801 402 metus
826 372 938 411 ingens
963 371 1032 401 illos
1055 381 1146 401 occu-

192 417 290 454 pavit,
318 421 351 444 ut
376 426 478 454 neque
504 417 596 452 vires,
620 426 721 454 neque
745 414 914 445 consilium
937 424 998 453 quo
1021 423 1054 443 so
1078 417 1147 443 tue-

192 463 305 487 rentur
335 457 498 494 haberent,
529 458 583 488 sed
616 464 766 497 tanquam
792 457 990 487 semimortui
1014 455 1052 486 ad
1076 466 1146 485 suo-

192 510 262 530 rum
295 500 432 529 hostium
463 506 665 539 conspectum
690 499 925 539 obstupuerint,
950 504 981 529 et
1003 498 1144 529 animum

191 542 255 573 illis
289 542 468 579 resistendi,
504 542 577 572 licet
614 542 734 572 viribus
769 543 846 572 satis
881 541 1046 577 instructi,
1082 550 1145 570 non

193 584 372 615 habuerint.
409 585 472 615 scd
493 584 611 614 malum
637 585 730 623 longe
754 585 883 623 gravius
907 584 975 615 istis
997 582 1146 614 omnibus

192 626 334 663 accessit,
368 633 470 666 turpis
504 628 558 657 illa
593 628 733 667 gigantis
767 627 928 666 gloriatio,
962 625 1000 656 de
1031 625 1146 665 populo

192 668 391 709 subiugando
422 680 493 699 cum
530 669 587 700 l)ei
618 670 717 708 ipsius
746 669 941 700 contumelia
965 668 1145 698 coniuncta.

192 711 261 742 Nae
280 723 304 742 si
326 712 356 742 in
376 712 480 742 solum
502 713 652 751 populum
677 712 812 743 dedecus
837 711 1008 748 recidisset,
1033 719 1145 750 parum

193 753 224 784 id
256 754 382 785 fuisset:
415 754 469 785 sed
501 766 597 794 quum
631 755 746 794 impius
777 755 829 784 ille
859 755 948 793 gigas
979 754 1010 784 in
1042 753 1146 792 ipsum

193 797 298 827 Deum
325 797 487 827 viventem
512 799 665 837 insurgat,
697 798 785 836 quasi
811 798 972 837 populum,
996 806 1090 836 quem
1113 795 1146 825 in

192 850 283 871 suam
303 839 483 870 clientelam
509 846 679 878 receperat,
705 839 802 869 tutari
828 850 888 869 non
915 844 1026 878 posset,
1050 847 1108 868 nec
1131 848 1147 868 c

193 882 258 913 suis
290 882 436 912 manibus
468 882 600 920 eripere,
632 882 702 921 quis
732 893 804 912 vere
830 882 901 921 pius
925 886 956 911 et
980 881 1147 917 religiosus

193 924 288 955 homo
302 936 364 955 non
387 935 580 963 magnopere
599 925 706 954 animo
726 923 999 954 commoveretur?
1024 923 1146 953 Verum

193 968 357 998 enimvero
386 967 697 1006 maximam-populi
729 975 849 1006 partein
881 966 959 997 adeo
984 965 1147 1005 stupidam

193 1009 341 1040 videmus
371 1016 405 1039 ut
434 1010 503 1039 ist-is
537 1020 599 1039 nou
628 1009 803 1040 afficiatur:
835 1020 912 1049 quos
942 1015 1052 1039 contra
1075 1017 1146 1048 gra-

193 1052 276 1083 viter
305 1052 499 1083 commoveri
529 1052 704 1090 oportebat.
750 1053 804 1082 Sic
836 1052 904 1091 pios
928 1057 959 1082 et
982 1051 1147 1091 religiosos

192 1095 279 1125 viros
297 1095 519 1134 conspicimus,
544 1094 601 1124 etsi
622 1093 774 1124 dedecore
799 1101 829 1124 et
854 1094 1029 1134 ignominia
1052 1103 1147 1132 appe—

191 1142 313 1176 tantur,
343 1147 406 1167 non
438 1143 544 1166 tamen
570 1138 706 1176 propriis
729 1137 854 1167 iniuriis
876 1142 1041 1176 tantopere
1064 1135 1148 1166 affici

193 1185 226 1210 et
248 1180 452 1214 commoveri,
480 1190 574 1218 quam
599 1190 694 1218 quum
721 1179 780 1209 Dei
805 1185 1023 1219 contemptum
1046 1178 1148 1208 anim-

194 1222 383 1253 advertunt:
418 1223 462 1252 sic
497 1222 645 1251 audimus
676 1227 924 1261 conquerentem
954 1222 985 1252 in
1016 1220 1146 1252 Psalmo

192 1264 392 1305 prophetam,
421 1269 452 1295 et
482 1264 689 1294 vehementer
718 1275 750 1294 se
773 1265 1020 1302 excruciantem,
1050 1274 1146 1303 quum

192 1307 410 1347 improborum
441 1317 535 1337 voces
565 1307 637 1337 illas
668 1307 808 1337 audiret:
844 1306 904 1338 Um*
933 1309 974 1338 est
996 1316 1076 1337 nunc
1098 1306 1148 1337 ille

193 1349 282 1381 Deus
305 1352 407 1386 vester,
430 1360 510 1388 (sicar
533 1360 591 1379 noa
614 1360 663 1379 vos
685 1352 786 1380 servat
809 1350 913 1380 uuae?
957 1349 1062 1389 Atque
1086 1348 1147 1380 huc

193 1392 366 1432 impietatis
390 1392 560 1422 devenerat
587 1393 738 1431 profanus
762 1392 816 1422 ille
840 1392 980 1424 Groliath.
1007 1392 1059 1432 qui
1083 1402 1146 1421 non

192 1439 318 1466 tantum
335 1445 384 1465 res
407 1441 531 1465 creatas
554 1434 742 1474 aggreditur
765 1440 796 1465 et
819 1435 1017 1465 contumeliis
1041 1433 1146 1471 afficit,

192 1478 248 1509 sed
279 1478 310 1508 in
340 1477 444 1516 ipsum
475 1477 579 1507 Deum
614 1478 777 1507 viventem
807 1479 859 1517 qui
891 1477 1083 1508 adorabatur
1114 1477 1146 1507 in

191 1520 313 1551 Israele
331 1526 379 1550 est
401 1520 536 1550 iniurius
556 1525 587 1549 et
610 1520 866 1551 contumeliosus.
914 1522 960 1551 Ae
983 1530 1059 1550 sane
1082 1529 1148 1551 cer-

193 1570 261 1593 tum
290 1569 339 1593 est
364 1563 467 1593 Deum
500 1563 670 1602 aliquando
701 1563 886 1602 permittere
913 1573 1005 1593 suum
1030 1572 1146 1593 nomen

193 1605 408 1644 blasphemari
439 1611 569 1644 propter
598 1616 650 1635 eos
681 1605 734 1644 qui
766 1606 958 1644 profitentur
987 1616 1020 1636 se
1049 1604 1147 1644 ipsius

193 1648 345 1688 populum
365 1654 397 1678 et
420 1647 660 1678 haereditatem.
692 1648 734 1678 Et
757 1648 855 1687 impii,
879 1653 916 1678 ut
938 1647 1148 1688 impelluntur

192 1701 210 1722 a
241 1690 374 1727 diabolo,
405 1697 564 1730 quaerunt
593 1691 624 1720 in
656 1691 745 1721 nobis
769 1691 965 1721 occasionem
991 1689 1147 1721 fremendi

192 1732 345 1764 adversus
377 1733 497 1771 Deum,
531 1739 562 1763 et
592 1732 746 1763 adversus
776 1743 848 1763 eum
880 1732 1080 1773 insurgendi,
1116 1737 1148 1764 et

192 1781 431 1807 sacrosanctum
474 1776 572 1815 ipsius
613 1786 728 1805 nomen
767 1776 968 1806 contumeliis
1007 1774 1147 1815 proscin-

193 1817 299 1849 dendi.
345 1818 450 1858 Atque
478 1819 554 1857 proli
580 1817 685 1848 dolor!
712 1819 847 1848 nimium
872 1819 1050 1858 frequentia
1073 1823 1148 1849 sunt

192 1861 252 1892 hoc
271 1861 396 1892 saeculo
419 1861 551 1891 istorum
576 1861 732 1899 exempla.
768 1861 849 1891 Nam
875 1861 1025 1900 quoniam
1050 1871 1146 1891 evan-

189 1904 265 1944 gelii
304 1903 564 1934 reformationem
607 1904 811 1943 profitemur,
851 1914 957 1934 nonne
993 1908 1147 1943 quotquot

191 1946 359 1986 evangelio
383 1947 546 1983 resistunt,
570 1951 601 1976 et
624 1956 714 1976 suam
738 1946 963 1977 idolomaniam
984 1951 1014 1977 et
1037 1957 1146 1986 super-

192 1989 338 2020 stitiones
368 1989 575 2028 pertinaciter
604 1994 744 2025 tuentur,
776 1999 901 2028 semper
930 1993 1006 2019 sunt
1035 1989 1069 2019 in
1093 2000 1147 2020 ex-

192 2032 302 2070 cubiis,
333 2036 364 2062 et
394 2038 520 2061 nostras
541 2031 681 2061 actiones
705 2031 885 2070 explorant,
907 2032 932 2061 si
957 2032 1038 2063 forte
1060 2042 1146 2063 occa-

192 2074 239 2105 sio
274 2074 338 2105 illis
372 2073 526 2104 adversus
558 2074 661 2104 Deum
698 2073 939 2113 blasphemandi
974 2074 1080 2112 detur,
1115 2079 1147 2105 et

192 2116 348 2148 adversus
371 2116 484 2147 salutis
507 2115 685 2146 doctrinam
710 2116 799 2146 virus
822 2127 916 2147 suum
940 2116 1145 2148 effundendi?

192 2160 241 2191 Ac
285 2159 358 2190 licet
402 2159 597 2189 occasionem
641 2169 702 2189 nou
745 2158 884 2189 habeant
918 2159 1146 2197 calumniandi,

192 2202 318 2232 nullum
340 2206 448 2232 tamen
471 2201 609 2232 latrandi
632 2211 747 2232 canum
772 2202 875 2232 instar
896 2202 992 2232 finem
1015 2202 1147 2241 faciunt,

193 2244 220 2275 si
251 2244 396 2275 mordere
426 2255 490 2274 non
521 2250 662 2283 possunt.
708 2243 830 2274 Verum
860 2244 886 2274 si
914 2255 971 2276 nos
994 2245 1071 2276 adeo
1094 2256 1146 2277 ve-

193 2297 289 2318 sanos
307 2297 375 2317 esse
399 2287 577 2326 eontigerit,
601 2292 637 2316 ut
660 2286 846 2325 professioni
870 2298 933 2317 non
957 2287 1146 2327 respondea-

192 2339 273 2368 mus,
304 2334 336 2359 et
366 2329 431 2359 vita
463 2335 571 2359 nostra
595 2329 822 2368 professionem
845 2334 959 2370 arguat
981 2330 1145 2369 mendacii,

193 2372 219 2403 si
242 2381 357 2411 nempe
380 2381 438 2402 nos
462 2371 522 2401 Dei
546 2372 636 2407 filios,
659 2372 684 2401 si
708 2371 817 2402 fideles
840 2377 870 2402 et
893 2373 1050 2413 evangelii
1074 2373 1145 2404 doc-

193 2414 313 2445 trinam
327 2414 416 2453 sequi
430 2415 646 2453 profiteamur,
667 2419 699 2444 et
716 2414 844 2445 interim
864 2415 1014 2455 iniquitas
1034 2421 1146 2447 nostra

192 2457 300 2496 palam
312 2456 534 2496 conspiciatur,
553 2463 585 2486 et
598 2456 712 2487 Curios
731 2457 918 2488 simulantes
942 2457 1146 2490 bacchanalia

193 2500 351 2536 vivamus,
375 2509 451 2530 sane
465 2505 574 2530 nostra
587 2499 680 2538 culpa
693 2499 753 2530 Dei
774 2510 889 2530 nomen
909 2507 1145 2532 sacrosanctum

192 2542 366 2581 impiorum
408 2541 604 2580 blasphemis
637 2542 766 2572 vocibus
800 2543 997 2583 exponimus.
1052 2543 1144 2575 Istud

193 2591 300 2615 autem
336 2584 425 2614 Deus
458 2583 623 2623 permittit,
658 2589 693 2614 ut
725 2585 847 2616 crimen
881 2591 1025 2617 nostrum
1057 2591 1145 2619 tanto

193 2627 325 2668 gravius
354 2627 417 2664 fiat,
447 2632 477 2657 et
506 2627 576 2657 ideo
604 2633 712 2657 nostra
743 2627 838 2659 etiam
867 2629 968 2660 maior
995 2629 1145 2661 condem·

292 2677 403 2709 Calvi‘mi
418 2684 512 2710 opera.
550 2677 608 2704 Vol.
623 2677 720 2704 XXX.

831 193 876 223 IN
902 192 927 223 I.
952 192 1038 223 LIB.
1063 190 1260 223 SAMUEL.
1284 193 1380 223 GAP.
1404 194 1515 226 XVII.

2103 198 2162 228 194

1200 285 1294 316 natio.
1340 286 1428 317 Idem
1462 287 1499 318 iis
1523 289 1671 319 omnibus
1695 289 1855 330 contingit
1876 290 1930 330 qui
1954 290 2157 331 negligenter

1199 332 1255 357 aut
1284 333 1403 359 temere
1430 330 1534 360 Deum
1565 331 1685 367 colunt,
1716 337 1748 362 et
1779 332 1917 363 maxime
1947 335 2157 373 conspicuum

1199 377 1246 400 est
1271 371 1301 400 in
1317 371 1481 408 Israelitis,
1505 383 1582 412 quos
1608 374 1705 411 Deus,
1730 375 1879 414 quoniam
1904 376 2007 416 legem
2031 382 2062 407 et
2085 387 2161 416 pro-

1199 411 1312 451 phetas
1347 414 1561 453 reliquerunt,
1600 422 1632 447 et
1662 417 1800 447 nominis
1829 417 1928 448 divini
1959 420 2159 459 contemptui

1198 455 1397 486 occasionem
1418 458 1643 496 praebuerunt,
1668 460 1811 498 graviter
1834 460 1993 500 increpat:
2018 462 2084 493 Vos
2108 462 2158 493 in-

1198 498 1278 536 quit,
1308 508 1402 529 causa
1431 500 1507 530 estis
1537 500 1619 539 quod
1644 512 1760 532 nomen
1785 512 1892 533 meum
1918 503 2160 543 blasphematur

1199 541 1283 570 inter
1295 540 1486 581 incredulos,
1503 543 1577 582 quid
1597 544 1734 583 amplius
1747 544 1917 576 adversum
1933 557 1982 576 1110
1999 546 2154 587 potestis?

1199 582 1267 612 Nae
1301 583 1360 613 15ῑο
1393 585 1541 615 cumulus
1576 591 1623 615 est
1657 587 1848 626 impietatis,
1891 598 1989 628 quum
2024 595 2159 629 propter

1199 625 1276 655 vitia
1295 631 1325 655 et
1345 631 1475 665 peccata
1496 632 1601 658 vestra
1623 630 1765 668 profanis
1784 630 1905 661 occasio
1925 630 2157 668 datm-,nomen

1199 677 1305 698 meum
1330 667 1585 708 blasphemandi.

1284 710 1501 749 Quamobrem
1522 713 1705 752 exemplum
1726 714 1811 745 istud
1832 720 1880 746 cst
1904 715 2076 757 diligenter
2098 727 2159 747 no-

1199 752 1343 784 tandum.
1400 753 1483 784 Nam
1518 755 1577 785 etsi
1613 755 1704 786 hodic
1739 757 1872 788 Goliath
1907 770 1970 789 non
2008 759 2089 790 vivit
2121 760 2158 790 in

1199 796 1309 833 terris,
1344 795 1462 826 multos
1494 801 1600 827 tamen
1631 808 1830 830 successores
1861 806 1891 831 et
1920 801 2006 833 illius
2035 802 2158 833 similes

1199 842 1286 868 aetas
1306 843 1415 869 nostra
1433 840 1613 879 progenuit,
1638 841 1747 879 plenos
1766 844 1951 882 arrogantia
1974 850 2006 875 et
2030 845 2158 883 ferocia,

1199 881 1251 920 qui
1283 880 1407 911 nullum
1438 882 1535 912 finem
1566 883 1686 913 faciunt
1712 884 1815 915 Deum
1838 886 1943 925 ipsum
1967 892 1998 917 et
2022 887 2158 919 verbum

1171 950 1173 956 ,
1198 923 1299 962 ipsius
1323 923 1423 954 veluti
1446 924 1606 955 cornubus
1630 926 1813 965 impetendi.
1854 928 2025 961 Discamus
2048 930 2158 970 itaque

1199 965 1300 996 vitam
1334 971 1477 997 nostram
1513 972 1578 998 tam
1606 968 1731 1008 integre
1762 976 1792 1000 et
1820 970 1944 1002 sineere
1974 972 2157 1011 instituere,

1199 1012 1234 1038 ut
1257 1008 1411 1048 improbis
1434 1019 1468 1039 os
1492 1009 1669 1048 claudatur,
1696 1016 1727 1042 et
1749 1013 1935 1044 confusione
1958 1015 2158 1054 operiantur,

1200 1061 1240 1081 ne
1277 1051 1368 1082 nobis
1406 1052 1566 1092 evangelii
1600 1054 1778 1092 profanatio
1809 1061 1839 1085 et
1868 1057 2062 1087 contumelia
2092 1068 2159 1089 me-

1199 1093 1262 1124 rito
1297 1093 1396 1134 possit
1428 1094 1590 1134 imputari.
1648 1095 1733 1127 Sane
1766 1098 1867 1129 fateor
1896 1099 2057 1138 improbos
2088 1110 2155 1131 non

1199 1140 1369 1176 propterea
1387 1137 1484 1167 finem
1508 1138 1646 1168 facturos
1670 1138 1824 1171 adversus
1838 1141 1941 1171 Deum
1966 1141 2156 1182 blaterandi,

1200 1183 1230 1209 et
1255 1189 1370 1209 nomen
1394 1179 1494 1218 ipsius
1517 1180 1726 1220 discerpendi,
1757 1183 1783 1213 si
1808 1183 1939 1222 possint,
1963 1190 1994 1215 et
2018 1185 2155 1217 verbum

1199 1221 1299 1261 ipsius
1319 1221 1514 1261 blasphemis
1532 1223 1664 1254 vocibus
1683 1225 1915 1263 proscindendi,
1940 1227 2012 1258 licet
2031 1228 2156 1260 nullam

1200 1264 1277 1303 ipsis
1301 1265 1496 1296 occasionem
1522 1266 1781 1305 praebuerimus:
1813 1268 1867 1299 sed
1890 1269 1916 1299 si
1940 1270 2003 1307 fiat,
2033 1270 2155 1302 erimus

1200 1311 1293 1337 extra
1323 1307 1466 1346 culpam,
1495 1313 1527 1338 et
1557 1308 1685 1340 tandem
1715 1310 1811 1341 etiam
1842 1310 1931 1342 Deus
1961 1312 1994 1342 in
2025 1313 2157 1345 illorum

1200 1349 1306 1389 capita
1336 1349 1539 1389 blasphemas
1568 1351 1639 1383 illas
1669 1362 1762 1383 voces
1784 1358 1816 1384 et
1839 1355 2047 1385 contumelias
2071 1355 2156 1387 deri·

1201 1392 1300 1430 vabit,
1326 1396 1359 1423 et
1381 1393 1415 1422 in
1439 1393 1620 1433 graviorem
1643 1394 1940 1427 condemnationem
1964 1398 2156 1437 praecipites

1201 1435 1298 1466 dabit.
1340 1435 1457 1466 Danda
1479 1436 1578 1476 igitur
1597 1437 1688 1468 nobis
1711 1448 1806 1477 opera
1829 1443 1860 1469 et
1882 1439 1915 1469 in
1940 1439 1998 1470 1100
2020 1441 2156 1473 summis

1201 1477 1323 1509 viribus
1352 1477 1611 1516 incumbendum,
1641 1485 1676 1510 ut
1706 1491 1832 1511 omnem
1860 1482 2059 1513 occasionem
2082 1494 2155 1523 cap-

1201 1520 1342 1551 tantibus
1371 1520 1560 1559 adimamus,
1584 1522 1677 1553 Pauli
1708 1524 1841 1562 apostoli
1864 1530 2069 1564 praeceptum
2092 1525 2154 1558 hac

1200 1563 1232 1593 111
1262 1574 1296 1594 re
1326 1569 1504 1603 sequentes,
1534 1569 1574 1601 ct,
1605 1565 1860 1605 quandoquidem
1890 1567 2048 1607 evangelii
2080 1568 2154 1600 doc-

1201 1605 1317 1637 trinam
1341 1607 1487 1646 vitaeque
1510 1608 1754 1639 sanctimoniam
1784 1609 1987 1649 profitemur,
2017 1621 2051 1641 re
2081 1611 2153 1650 ipsa

1200 1658 1258 1679 nos
1288 1649 1368 1680 tales
1399 1649 1509 1688 quales
1538 1649 1648 1680 haberi
1672 1651 1820 1682 volumus
1844 1652 2062 1683 exhibeamus.
2107 1653 2154 1684 At

1199 1691 1225 1721 si
1255 1702 1341 1730 vero,
1365 1691 1427 1722 Dei
1456 1693 1569 1732 gratia,
1600 1693 1644 1724 sic
1673 1694 1848 1724 vixerimus
1877 1698 1912 1724 ut
1935 1695 2057 1726 nullam
2081 1696 2153 1727 istis

1199 1734 1259 1765 Dei
1297 1735 1568 1774 contemptoribus
1608 1735 1848 1775 blasphemandi
1882 1736 1982 1768 divini
2012 1738 2153 1770 nominis

1198 1776 1395 1808 occasionem
1427 1777 1617 1816 dederimus,
1648 1786 1678 1809 et
1709 1779 1802 1809 huius
1830 1779 1973 1810 criminis
2003 1781 2048 1810 rei
2079 1781 2152 1812 fieri

1198 1829 1261 1850 non
1292 1820 1467 1860 possimus,
1502 1820 1673 1851 dolendum
1704 1826 1809 1851 tamen
1840 1826 1886 1853 est
1916 1832 1955 1852 ex
1984 1823 2090 1853 animo
2120 1827 2154 1854 et

1198 1862 1442 1893 vehementibus
1460 1863 1631 1903 gemitibus
1654 1863 1835 1903 lugendum,
1859 1875 1957 1903 quum
1980 1866 2152 1905 impiorum

1198 1910 1263 1935 tam
1293 1905 1463 1936 effraenem
1493 1916 1562 1936 esse
1589 1907 1820 1937 contumaciam
1843 1906 2001 1945 audimus,
2032 1914 2067 1938 ut
2089 1908 2154 1940 Dei

1198 1958 1313 1978 nomen
1346 1958 1519 1987 veramque
1549 1949 1735 1988 religionem
1764 1954 1979 1987 contemnant,
2010 1957 2042 1981 et
2071 1950 2154 1982 blas-

1198 1990 1323 2028 phemis
1353 1990 1483 2022 vocibus
1513 1991 1727 2030 proscindant.
1772 1991 1835 2022 Hic
1862 1991 2045 2023 intueamur
2076 1993 2154 2024 boni

1197 2032 1283 2063 illius
1306 2034 1463 2064 Ezechiae
1487 2034 1572 2074 regis
1595 2034 1785 2073 exemplum,
1809 2034 1870 2073 qui,
1893 2045 1990 2074 quum
2014 2035 2053 2066 ad
2077 2046 2153 2068 suas

1198 2086 1292 2106 aures
1323 2077 1547 2116 pervenissent
1577 2077 1737 2107 Rabsaees
1767 2077 1852 2107 illius
1884 2077 2016 2108 insanae
2047 2088 2153 2116 voces,

1197 2118 1313 2158 quibus
1344 2118 1450 2150 Deum
1481 2119 1591 2150 vivum
1622 2119 1790 2153 irridebat.
1829 2119 1935 2150 dicens
1965 2120 2055 2151 illum
2086 2131 2154 2152 non

1199 2161 1409 2200 potentiorem
1439 2162 1505 2192 fore
1531 2161 1684 2193 adversus
1708 2162 1869 2192 dominum
1893 2172 1987 2192 suum
2010 2162 2154 2194 511110110-

1198 2204 1304 2235 ribum
1335 2203 1396 2234 diis
1425 2204 1560 2235 aliarum
1590 2205 1750 2244 gentium:
1782 2204 1855 2235 licet
1885 2204 1986 2236 bonus
2015 2205 2070 2235 ille
2093 2216 2151 2237 rex

1197 2247 1294 2277 sciret
1324 2246 1356 2276 id
1384 2257 1442 2277 sua
1471 2247 1564 2286 culpa
1594 2257 1657 2277 non
1688 2247 1867 2286 contigisse,
1897 2251 1929 2277 et
1954 2248 2153 2279 conscientia

1197 2289 1258 2329 ipsi
1282 2294 1457 2320 restaretur
1479 2288 1563 2329 apud
1576 2289 1682 2320 Deum
1705 2294 1736 2320 et
1758 2289 1858 2329 ipsius
1882 2289 2013 2329 angelos
2036 2290 2153 2322 virtuti

1197 2342 1272 2362 snae
1303 2332 1409 2371 potius
1438 2342 1532 2371 quam
1564 2332 1642 2362 vitio
1673 2332 1769 2363 tribui
1799 2342 1878 2371 quae
1909 2332 2152 2372 obiiciebantur,

1198 2379 1302 2404 tamen
1331 2374 1439 2405 scissis
1469 2374 1611 2405 vestibus
1640 2384 1746 2405 coram
1770 2374 1910 2405 Domino
1933 2378 2068 2406 testatus
2091 2380 2151 2413 est,

1197 2422 1315 2456 quanto
1358 2417 1485 2447 divinae
1519 2417 1639 2457 gloriae
1672 2416 1740 2447 zelo
1774 2416 1908 2447 arderet.
1964 2417 2056 2449 Illius
2090 2428 2151 2450 nos

1196 2460 1298 2490 zelum
1317 2462 1348 2490 et
1367 2460 1526 2490 fervorem
1546 2459 1634 2490 decet
1657 2459 1792 2489 imitari:
1817 2459 1949 2498 Deoque
1972 2471 2030 2490 sua.
2051 2460 2152 2491 relin-

1197 2512 1294 2541 quere
1313 2501 1438 2541 iudicia,
1458 2502 1510 2541 qui
1532 2501 1733 2541 blasphemos
1751 2501 1822 2532 illos
1840 2512 1897 2532 suo
1917 2507 2060 2542 tempore
2079 2508 2151 2534 tan·

1197 2545 1268 2575 dem
1299 2548 1346 2575 est
1375 2544 1502 2575 ulturus
1531 2550 1563 2574 et
1597 2544 1797 2584 gravissimis
1827 2544 1938 2583 poenis
1967 2545 2154 2584 puniturus.

1197 2587 1290 2618 Licet
1312 2597 1387 2618 vero
1407 2587 1495 2618 Deus
1516 2586 1678 2626 improbos
1700 2591 1731 2617 et
1753 2586 1956 2626 blasphemos
1979 2587 2154 2620 ulciscatur

1198 2640 1255 2661 suo
1290 2633 1448 2670 tempore,
1489 2632 1520 2660 et
1553 2629 1588 2660 in
1620 2629 1763 2670 ipsorum
1796 2630 1900 2669 capita
1933 2629 2151 2670 blasphemias

1915 2680 1948 2706 13
