2551 3044
224 238 286 269 669
838 234 885 265 IN
911 235 936 265 I.
962 233 1051 264 LIB.
1073 232 1272 264 SAMUEL.
1309 233 1406 263 (JAP.
1433 232 1598 263 XXVIII.
2153 230 2217 260 {170

224 336 289 367 est,
327 342 408 371 quae
441 330 476 361 in
499 329 617 360 multos
647 326 715 358 dies
745 330 811 357 tam
842 327 948 367 ipsum
972 337 1068 366 quam
1092 325 1195 356 socios

225 376 334 406 fovere
366 373 534 414 potuisset,
564 369 687 402 vitulus
718 369 874 400 nimirum
898 380 969 401 cum
994 369 1115 410 azymis
1139 377 1194 407 pa-

226 417 330 449 nibus.
375 417 426 447 Ex
454 424 515 454 quo
538 417 672 452 apparet
696 411 817 442 nullam
839 411 911 443 iesse
935 412 1195 451 temperantiam,

225 461 257 491 in
282 460 321 491 iis
344 459 398 498 qui
412 457 473 487 Dei
497 455 622 486 timoris
645 452 770 485 radices
794 454 827 484 in
852 455 969 485 animis
992 455 1111 484 infixas
1130 463 1194 482 non

226 503 356 534 habent.
402 498 500 530 Modo
531 496 617 527 enim
647 500 771 526 terrore
801 497 942 536 perculsi
973 497 1119 527 animum
1150 494 1195 525 sic

225 545 381 576 abiiciunt
411 545 447 572 ut
471 540 639 578 desperata
659 538 745 569 salus
768 538 927 577 videatur,
952 544 984 569 et
1007 539 1098 569 nulla
1117 547 1196 568 sana

225 586 359 618 consilia
377 583 565 614 admittant:
588 580 683 611 modo
702 591 790 619 vero,
814 587 847 612 et
869 581 999 621 quidem
1022 585 1195 616 momento,

225 627 424 669 ingaudium
438 629 470 655 et
488 625 590 654 risum
611 622 836 654 effunduntur.
856 624 971 663 Neque
993 634 1067 654 vero
1087 629 1195 653 tamen

225 671 304 703 Saul
318 670 363 700 sio
381 678 451 699 sese
470 666 679 701 exhilaravit,
704 665 780 704 quin
805 667 1022 697 conscientiae
1046 665 1196 696 stimulos

224 713 378 747 senserit,
408 709 525 749 quibus
556 718 625 738 sese
658 718 676 737 a
700 707 770 738 Deo
799 708 1050 739 condemnatum
1081 707 1194 738 memi-

222 759 332 787 nerat:
364 757 405 790 et,
437 756 474 782 ut
497 751 595 790 vulgo
619 749 744 789 dicitur,
770 750 853 781 risus
876 751 979 790 ipsius
1002 751 1062 781 fuit
1085 750 1194 780 sardo-

222 798 297 829 nius
314 806 377 827 non
397 794 484 825 ultra
501 793 612 824 fauces
622 802 832 831 progressus:
856 804 960 833 neque
970 793 1104 824 dubium
1118 792 1195 832 quin

222 840 362 871 libenter
375 845 495 868 metum
511 841 542 866 et
562 835 729 865 horrorem
744 845 805 874 quo
825 846 843 866 a
866 841 992 875 spectro
1016 836 1072 866 illo
1092 836 1197 866 fuerat

221 881 390 923 perculsus
425 878 562 909 abiicere
595 877 686 907 nisus
717 877 821 915 fuerit,
857 878 912 909 sed
947 889 1011 909 non
1046 878 1195 917 potuerit.

221 925 274 956 Ex
303 933 367 963 quo
398 921 552 952 discimus
576 920 647 951 Deo
672 928 731 950 nos
754 920 853 951 variis
877 921 981 952 modis
1004 921 1195 960 castigante,

221 972 254 999 et
276 967 310 996 in
334 975 388 995 eas
409 961 781 1003 angustiastredigente,
813 967 848 993 ut
879 974 966 994 mors
989 963 1108 1002 ubique
1128 973 1197 993 sese

221 1009 315 1040 nobis
338 1007 463 1043 offerat,
491 1009 524 1036 et
546 1004 655 1035 omnia
679 1011 882 1043 praesentem
905 1010 1043 1036 mortem
1068 1006 1195 1035 minen-

222 1057 284 1088 tur,
310 1049 523 1081 nihilominus
543 1046 582 1078 ad
607 1046 708 1085 ipsius
732 1047 985 1079 misericordiam
1010 1048 1195 1087 confugere,

220 1099 252 1126 et
283 1103 373 1133 spem
403 1100 533 1130 semper
561 1090 717 1126 retinere,
753 1091 898 1129 persuasi
931 1091 1037 1121 Deum
1068 1101 1126 1121 nos
1155 1100 1196 1120 ex

218 1136 322 1177 ipsius
345 1133 486 1174 sepulcri
510 1131 656 1162 faucibus
679 1131 815 1163 educere
841 1143 948 1172 posse:
973 1134 1073 1164 immo
1097 1133 1195 1163 etiam

219 1178 359 1210 mortuis
378 1176 480 1207 vitam
501 1173 646 1209 reddere,
671 1174 761 1205 cuius
782 1175 852 1214 ipse
874 1176 944 1206 fons
967 1182 1017 1206 est
1040 1180 1072 1206 et
1095 1175 1196 1215 origo.

223 1222 346 1253 Contra
377 1228 455 1250 vero
478 1217 551 1248 Deo
574 1216 667 1247 nobis
689 1217 755 1247 otia
778 1218 925 1257 faciente,
949 1218 1109 1249 discamus
1130 1228 1195 1248 non

223 1270 430 1304 segnescere:
462 1260 517 1290 sed
549 1259 584 1290 in
614 1259 806 1290 memoriam
835 1260 897 1291 Dei
928 1261 1196 1291 comminationes

221 1310 412 1338 revocantes
440 1302 615 1341 sapiamus,
646 1307 677 1332 et
707 1307 781 1341 post
804 1304 993 1340 triennium,
1021 1303 1196 1342 quadrien-

220 1349 322 1385 nium,
357 1344 561 1381 decennium,
593 1344 655 1375 Dei
690 1345 879 1384 patientiam
915 1346 1132 1382 admirantes,
1164 1348 1196 1376 et

221 1402 280 1423 nos
293 1389 454 1421 debitores
474 1391 688 1428 agnoscentes
711 1387 848 1427 gloriam
871 1389 932 1428 ipsi
956 1388 1097 1419 debitam
1122 1387 1195 1418 red-

222 1434 354 1465 damus:
380 1431 424 1462 sic
440 1432 477 1460 ut
497 1440 537 1461 ex
561 1434 652 1469 parte
675 1430 853 1469 propitium
878 1441 948 1461 esse
971 1431 1077 1470 ipsum
1102 1430 1195 1461 nobis

222 1475 432 1517 gaudeamus,
467 1478 501 1503 et
530 1472 593 1502 alia
616 1482 657 1502 ex
680 1478 771 1511 parte
795 1473 833 1503 de
855 1473 993 1512 peccatis
1016 1473 1196 1513 lugeamus,

222 1524 254 1550 et
266 1516 432 1558 perpetuis
445 1514 597 1554 suspiriis
616 1519 647 1544 et
666 1515 840 1554 gemitibus
863 1515 1005 1546 dolorem
1028 1516 1195 1546 internum

221 1566 389 1592 testemur.
414 1557 528 1596 Neque
541 1558 628 1587 enim
653 1557 833 1596 spiritualis
857 1558 979 1589 laetitia
998 1569 1039 1589 ex
1062 1558 1196 1590 divinae

222 1613 300 1643 erga
329 1611 388 1632 nos
417 1599 659 1631 misericordiae
689 1609 798 1639 sensu,
829 1605 885 1631 aut
915 1601 1109 1640 superbiam,
1139 1604 1196 1630 aut

222 1643 451 1684 arrogantiam,
483 1647 539 1673 aut
570 1641 708 1681 denique
741 1652 890 1683 soporem
915 1649 945 1673 et
968 1644 1138 1683 segnitiem
1161 1642 1196 1673 in

220 1687 313 1720 nobis
344 1686 438 1717 debet
467 1694 639 1725 generare:
678 1684 734 1715 sed
763 1686 808 1716 ita
838 1690 948 1716 tamen
978 1695 1124 1716 recreare
1161 1690 1198 1716 ut

219 1734 375 1771 perpetuo
406 1727 514 1767 aliqua
538 1727 672 1757 tristitia
704 1728 746 1758 sit
769 1727 930 1764 admixta,
961 1738 1042 1768 quae
1073 1738 1132 1759 nos
1157 1728 1197 1759 ad

219 1782 331 1805 veram
356 1771 573 1801 humilitatem
598 1769 702 1800 ducat.
727 1771 771 1801 Et
790 1770 829 1801 de
849 1770 959 1802 Saulis
978 1771 1061 1802 facto
1075 1771 1197 1802 dictum

220 1815 379 1846 hactenus
400 1818 478 1843 esto.

307 1856 481 1887 Caeterum
510 1855 792 1894 magnanimitatis
820 1855 918 1886 etiam
940 1855 973 1886 in
998 1856 1068 1895 ipso
1092 1855 1198 1887 cuius-

221 1900 295 1931 dam
317 1902 478 1939 apparent
501 1898 611 1937 signa:
637 1898 721 1937 quod
745 1897 783 1928 de
803 1898 1027 1929 Israelitarum
1051 1898 1198 1929 exercitu

220 1940 395 1976 fundendo,
428 1946 460 1971 et
489 1941 525 1970 in
557 1951 674 1971 manus
697 1940 950 1971 Philistaeorum
975 1947 1130 1976 ventum,
1161 1950 1197 1971 ac

221 1983 356 2025 proinde
390 1982 428 2014 de
462 1983 658 2013 imminente
693 1982 754 2013 sibi
786 1988 891 2014 morte
931 1984 1050 2013 certior
1095 1984 1198 2014 factus

223 2037 287 2058 non
311 2025 445 2057 omnino
468 2025 585 2056 abiecit
609 2026 767 2063 animum,
790 2025 845 2056 sed
870 2030 983 2056 curato
1006 2035 1140 2065 corpore
1163 2026 1197 2055 in

225 2073 330 2100 castra
359 2078 419 2099 sua
449 2074 669 2098 reversusest:
711 2074 746 2098 ut
775 2068 901 2098 fortiter
935 2068 1083 2099 videatur
1115 2068 1197 2099 Saul

225 2110 287 2141 Dei
316 2110 444 2141 iudiciis
483 2110 693 2149 acquievisse,
735 2109 908 2150 Deumque
946 2114 1103 2150 sequutus
1135 2121 1198 2149 quo

226 2152 369 2184 vocabat.
398 2153 524 2184 Verum
548 2153 784 2183 observandum
810 2152 994 2184 incredulos
1017 2158 1197 2183 momenta-

227 2204 305 2225 neos
325 2195 480 2234 quosdam
501 2199 628 2226 tantum
653 2195 812 2234 impulsus
836 2195 965 2232 habere,
997 2205 1033 2226 ac
1065 2195 1198 2235 proinde

226 2237 321 2267 firma
334 2237 396 2268 fide
407 2246 474 2268 non
493 2237 572 2276 niti
596 2237 682 2277 quod
702 2238 808 2277 potius
828 2238 1016 2277 arrogantia
1039 2238 1082 2268 sit
1100 2247 1197 2277 quam

227 2278 307 2309 fides
330 2278 475 2310 dicenda.
510 2280 555 2310 Et
577 2285 746 2319 praeterea
769 2279 832 2310 Dei
856 2280 983 2310 iudiciis
1006 2280 1046 2310 ad
1071 2286 1198 2319 tempus

227 2321 409 2360 perculsos,
438 2321 586 2352 timorem
619 2333 748 2353 omnem
780 2323 889 2353 conari
920 2322 1075 2353 abiicere:
1106 2322 1198 2362 quasi

228 2364 291 2394 Dei
305 2363 413 2393 minae
427 2367 550 2394 tantum
565 2365 675 2395 inania
687 2365 786 2397 verba
805 2365 882 2402 sint,
907 2369 939 2395 et
958 2375 1062 2396 vanus
1081 2369 1197 2395 metue.

228 2405 466 2444 Quamcunque
500 2405 598 2440 igitur
631 2406 727 2438 fidem
763 2407 923 2438 increduli
959 2417 1196 2446 nonnunquam

229 2449 360 2485 iactent,
384 2447 487 2486 deque
499 2447 561 2478 Dei
574 2449 678 2488 gratia
698 2449 888 2489 glorientur,
913 2453 945 2480 et
967 2449 1072 2489 plenis
1091 2449 1199 2480 buccis

228 2489 428 2530 praedicent,
451 2489 526 2519 fidei
546 2500 662 2521 nomen
684 2491 769 2522 haud
782 2497 935 2529 meretur,
959 2492 1014 2522 sed
1028 2491 1198 2531 superbiae

228 2532 337 2572 potius
357 2536 388 2562 et
411 2532 628 2571 arrogantiae.
651 2533 747 2565 Hanc
770 2534 809 2565 ob
833 2545 964 2566 causam
988 2534 1028 2565 ad
1052 2534 1199 2573 quamvis

228 2585 342 2605 auram
374 2578 503 2610 nutant,
534 2578 567 2604 et
596 2576 709 2613 quovis
739 2580 837 2607 vento
867 2577 972 2608 instar
1001 2576 1199 2607 arundinum

228 2617 415 2657 agitantur:
447 2614 585 2655 denique
614 2621 734 2648 temere
764 2618 828 2649 huc
850 2618 928 2650 illuc
951 2619 1112 2656 feruntur,
1143 2628 1199 2649 ne-

228 2669 289 2700 que
302 2659 365 2690 Dei
378 2658 547 2698 promissis
568 2657 665 2698 plane
683 2660 956 2700 conquiescentes,
975 2671 1080 2701 neque
1101 2660 1200 2692 minis

1249 324 1350 363 ipsius
1370 329 1406 354 ut
1424 325 1591 364 oportebat
1610 325 1730 356 territi:
1761 324 1815 355 sed
1836 324 1874 355 ad
1895 324 2061 363 ingenium
2082 324 2218 353 subinde

1248 373 1473 403 revertuntur,
1505 373 1535 398 ct
1566 374 1696 407 stupore
1727 368 1821 408 plane
1853 367 2039 397 habt-scunt.
2094 366 2217 396 Eadem

1249 409 1349 447 igitur
1379 410 1440 439 fuit
1464 410 1574 440 Saulis
1606 411 1697 448 ratio,
1727 416 1822 449 atquc
1845 410 2041 448 reliquorum
2068 408 2218 439 incredu-

1248 451 1351 481 lorum
1383 452 1545 483 omnium:
1580 453 1838 491 quandoquidem
1872 452 1959 482 nulla
1992 458 2038 481 est
2071 452 2217 487 firmitas,

1249 503 1352 532 neque
1382 496 1563 525 constantia
1588 496 1618 525 in
1644 496 1682 525 iis
1705 506 1784 534 quos
1811 495 1870 524 Dei
1894 495 2026 533 spiritns
2052 504 2115 523 non
2140 494 2217 531 agit.

1248 536 1308 565 Est
1326 536 1412 565 enim
1428 536 1489 566 Dei
1509 538 1641 577 spiritus
1665 537 1797 577 spiritus
1821 536 2024 567 rectitudinis
2037 541 2069 566 ct
2082 535 2218 575 integri-

1249 578 1334 615 tatis,
1359 589 1422 616 quo
1445 580 1500 618 qui
1525 580 1753 615 destituuntur,
1782 584 1901 609 temere
1925 578 1988 609 huc
2012 579 2086 609 illuc
2111 579 2219 608 ferun-

1249 625 1312 651 tur.
1358 620 1525 652 Reversus
1557 623 1655 661 igitur
1680 623 1711 652 in
1736 627 1840 653 castra
1864 632 1921 651 sua
1947 621 2026 652 Saul
2053 626 2217 659 stuporem

1249 673 1343 693 suum
1374 664 1482 702 potius
1506 675 1601 703 quam
1627 664 1845 695 fortitudinem
1871 669 1926 694 aut
1949 663 1988 694 ad
2014 663 2118 693 Deum
2143 672 2218 692 con-

1249 706 1431 736 versionem
1465 706 1617 745 prodidit,
1648 711 1679 737 et
1709 707 1892 737 divinorum
1925 706 2117 736 iudiciorum
2143 716 2217 735 con-

1250 752 1419 787 temptum.
1456 749 1627 779 Discamus
1652 750 1751 788 igitur
1775 749 1844 779 Deo
1868 748 2057 779 iudiciorum
2083 758 2216 778 suorum

1250 791 1348 821 minis
1377 801 1435 821 nos
1459 796 1617 827 terrente,
1649 791 1823 828 humiliari,
1847 792 1953 831 potius
1977 801 2074 830 quam
2099 791 2216 820 fortem

1250 833 1396 864 animum
1431 844 1507 872 prae
1541 833 1632 864 nobis
1666 835 1764 869 ferre,
1800 839 1833 863 ut
1868 833 1960 864 multi
1985 833 2091 863 solent
2114 832 2216 863 admi-

1249 875 1385 906 rabilem
1416 877 1522 906 nescio
1553 886 1650 915 quam
1683 876 1902 906 fortitudinem
1925 876 2039 911 dicere,
2066 876 2091 905 si
2116 875 2217 906 nullis

1249 918 1346 948 minis
1377 922 1570 953 terreantur,
1602 923 1633 948 et
1664 918 1751 948 nullo
1775 918 1917 957 periculo
1940 924 2217 955 commoveantur,

1250 966 1404 1000 tanquam
1440 960 1586 991 duriores
1621 961 1783 1000 Marpesia
1817 966 1918 991 caute.
1977 960 2051 996 Sed,
2087 970 2216 999 quaeso,

1250 1005 1380 1034 suxisne
1393 1008 1449 1033 aut
1469 1003 1592 1034 truncis
1611 1003 1723 1033 honori
1748 1003 1875 1033 dabitur
1898 1004 1923 1032 si
1948 1013 2052 1041 neque
2076 1003 2217 1043 lugeant,

1250 1056 1355 1085 neque
1379 1045 1455 1075 mali
1479 1046 1653 1085 quidquam
1677 1045 1943 1085 apprehendant?
1979 1045 2116 1076 Minime
2139 1055 2218 1085 gen-

1250 1088 1348 1119 tium!
1393 1088 1507 1127 Neque
1539 1088 1624 1118 enim
1658 1088 1762 1119 locum
1794 1087 1889 1117 habet
1912 1088 2020 1118 virtus
2043 1088 2075 1118 in
2100 1088 2139 1118 iis
2162 1087 2217 1126 qui

1249 1141 1380 1162 sensum
1413 1131 1541 1161 nullum
1572 1130 1708 1161 habent:
1746 1141 1781 1161 ac
1816 1130 1950 1169 proinde
1982 1141 2045 1160 non
2077 1130 2218 1160 vertitur

1249 1173 1337 1204 laudi
1367 1173 1567 1209 hominibus,
1600 1173 1660 1203 Dei
1691 1173 1818 1204 iudiciis
1848 1183 1911 1202 non
1943 1173 2156 1210 commoveri,
2186 1176 2218 1202 et

1249 1217 1320 1246 eius
1350 1216 1455 1246 minas
1478 1226 1542 1246 non
1566 1220 1727 1246 metuere:
1758 1215 1812 1246 sed
1837 1214 1869 1244 in
1893 1215 2017 1245 malitia
2041 1214 2217 1245 obfirmari.

1250 1258 1316 1290 Sed
1350 1268 1477 1289 summa
1512 1259 1615 1288 virtus
1645 1258 1908 1288 Christianorum
1939 1263 1987 1288 est
2018 1257 2078 1288 Dei
2111 1258 2217 1293 timor,

1249 1311 1312 1341 quo
1330 1301 1432 1340 ipsius
1451 1299 1569 1331 iudicia
1588 1305 1746 1340 metuunt,
1770 1306 1802 1330 et
1827 1300 1865 1329 de
1888 1310 1921 1330 se
1945 1300 2023 1339 ipsis
2047 1300 2218 1339 desperan-

1250 1349 1297 1374 tes
1335 1344 1368 1373 in
1404 1343 1506 1382 ipsius
1537 1342 1756 1373 misericordia
1787 1342 1939 1372 fiduciam
1969 1353 2096 1372 omnem
2126 1352 2217 1372 suam

1249 1391 1422 1425 reponunt.
1447 1385 1535 1416 Sane
1547 1385 1600 1424 qui
1613 1395 1748 1424 magnos
1767 1385 1890 1415 animos
1909 1390 2037 1424 gerunt,
2059 1389 2091 1414 et
2110 1384 2218 1415 nescio

1249 1439 1347 1468 quam
1371 1428 1593 1458 fortitudinem
1616 1428 1747 1465 iactant,
1771 1437 1835 1457 non
1860 1427 1969 1466 procul
1995 1437 2013 1457 a
2036 1437 2094 1457 suo
2118 1427 2218 1457 exitio

1249 1471 1376 1502 absunt.
1433 1470 1555 1501 Contra
1596 1470 1651 1509 qui
1696 1480 1825 1500 suorum
1862 1474 2063 1508 peccatorum
2099 1469 2218 1499 conscii

1250 1513 1411 1553 supplices
1442 1512 1482 1544 ad
1506 1513 1567 1543 Dei
1598 1513 1851 1543 misericordiam
1874 1511 2076 1551 confugiunt,
2100 1512 2217 1543 confir-

1251 1561 1382 1587 mantur
1395 1560 1426 1586 et
1439 1555 1625 1595 eriguntur:
1649 1554 1783 1594 ideoque
1803 1554 1898 1592 longe
1916 1554 2027 1584 utilior
2050 1553 2218 1585 humilitas

1251 1603 1283 1629 et
1302 1598 1403 1629 animi
1423 1598 1566 1637 deiectio,
1587 1607 1682 1636 quam
1706 1596 1845 1636 superba
1868 1596 2017 1636 gloriatio
2042 1601 2073 1626 et
2095 1597 2218 1627 iactan-

1250 1641 1305 1672 tia.
1350 1641 1526 1671 Praeterea
1553 1650 1650 1680 quum
1685 1640 1717 1669 in
1744 1650 1802 1670 sua
1824 1645 1931 1670 castra
1954 1639 2035 1670 Saul
2058 1644 2143 1669 esset
2166 1649 2218 1669 re-

1250 1694 1374 1719 versus,
1398 1683 1551 1723 populum
1565 1687 1597 1712 et
1610 1682 1728 1713 liberos
1740 1681 1903 1712 exhortari
1924 1681 1963 1711 ad
1984 1682 2218 1721 poenitentiam

1250 1731 1282 1757 et
1311 1725 1557 1757 conversionem
1587 1724 1626 1754 ad
1657 1724 1764 1754 Deum
1795 1734 1970 1763 veramque
1999 1724 2217 1754 humilitatem

1251 1768 1403 1800 debebat:
1438 1767 1492 1798 sed
1528 1767 1607 1797 nihil
1644 1767 1706 1797 tale
1743 1767 1863 1797 factum
1894 1766 1933 1797 ab
1964 1767 2032 1805 ipso
2064 1767 2217 1806 legimus:

1250 1812 1314 1842 imo
1342 1811 1451 1851 potius
1475 1808 1628 1850 quidquid
1652 1809 1822 1839 audiverat
1845 1808 1964 1839 celasse
1988 1809 2128 1840 videtur.
2175 1810 2219 1839 At

1251 1855 1278 1885 si
1302 1854 1354 1885 vel
1377 1853 1512 1883 verbum
1536 1863 1572 1882 ea
1595 1851 1634 1882 de
1654 1862 1687 1881 re
1708 1851 1889 1882 Ionathano
1913 1852 2050 1890 fecisset,
2074 1852 2218 1891 profecto

1250 1907 1284 1927 se
1297 1901 1388 1936 patre
1400 1895 1564 1925 fortiorem
1577 1893 1781 1930 ostendisset,
1805 1904 1842 1924 ac
1865 1893 2084 1924 admonitione
2109 1894 2220 1924 divina

1250 1939 1424 1978 sapuisset,
1455 1942 1486 1968 et
1515 1937 1707 1967 correctioni
1738 1937 1868 1967 divinae
1899 1946 1968 1966 sese
1998 1941 2115 1975 sponte
2146 1936 2219 1967 sub-

1251 1982 1401 2012 misisset.
1426 1980 1490 2010 Sed
1505 1979 1584 2010 Saul
1606 1985 1758 2017 tanquam
1779 1979 1938 2008 attonitus
1961 1979 2070 2009 omnia
2094 1981 2218 2016 reticet,

1250 2029 1282 2055 et
1315 2034 1387 2054 cum
1422 2029 1553 2061 stupore
1588 2027 1742 2051 eventum
1778 2021 1863 2052 illius
1897 2021 2128 2060 praedictionis
2166 2032 2219 2051 ex-

1250 2071 1523 2106 spectan-neque
1555 2069 1661 2094 tamen
1693 2063 1731 2093 ad
1756 2063 1863 2094 Deum
1896 2064 2106 2094 convertitur.
2153 2063 2220 2094 Nos

1250 2113 1363 2140 eontra
1386 2107 1547 2137 discamus
1570 2116 1633 2136 non
1658 2106 1856 2141 erubescere,
1880 2116 1983 2144 neque
2009 2106 2221 2136 verecundari

1250 2157 1454 2191 peccatorum
1488 2153 1676 2179 nostrorum
1707 2148 1917 2185 confessione,
1950 2158 2050 2187 quum
2075 2149 2220 2179 minatus

1251 2193 1342 2224 nobis
1377 2193 1465 2222 Dens
1497 2191 1611 2227 fuerit,
1646 2194 1681 2221 ut
1715 2191 1971 2222 consolationem
2006 2191 2219 2230 recipiamus:

1250 2236 1305 2267 sed
1325 2239 1437 2266 contra
1456 2233 1532 2263 inde
1552 2233 1698 2273 praeberi
1722 2233 1813 2263 nobis
1837 2233 2034 2264 occasionem
2060 2233 2220 2262 immissus

1251 2290 1269 2309 a
1303 2277 1373 2307 Deo
1403 2276 1634 2316 castigationes
1668 2275 1878 2311 admittendi,
1913 2280 1945 2306 et
1979 2275 2018 2305 ad
2052 2275 2219 2305 meliorem

1250 2322 1376 2359 frugem
1411 2329 1482 2349 cum
1519 2318 1603 2349 seria
1636 2318 1835 2358 poenitentia
1868 2316 2068 2353 revertendi,
2110 2316 2220 2347 Saulis

1251 2361 1433 2402 superbiam
1464 2365 1496 2391 et
1526 2361 1702 2391 amentiam
1736 2360 1942 2396 detestemur,
1973 2369 2068 2398 quem
2093 2364 2219 2389 certum

1250 2410 1298 2436 est
1321 2403 1557 2442 turpitudinem
1581 2412 1673 2433 suam
1697 2403 1857 2433 occultare
1894 2401 2052 2436 voluisse,
2092 2411 2218 2439 nempe,

1251 2458 1284 2478 se
1308 2445 1539 2486 Pythonissam
1570 2445 1738 2475 mulierem
1771 2444 1808 2474 de
1835 2448 1955 2474 eventu
1980 2443 2219 2482 interrogasse:

1251 2495 1282 2520 et
1312 2489 1434 2528 regiam
1466 2487 1659 2527 dignitatem
1688 2487 1828 2517 retinere
1856 2486 1909 2516 vel
1939 2485 2044 2515 invito
2075 2484 2218 2516 Domino

1251 2531 1407 2563 voluisse:
1432 2530 1643 2560 defectionem
1667 2529 1776 2568 populi
1795 2528 1958 2563 metuisse,
1983 2538 2001 2558 a
2024 2537 2087 2566 quo
2112 2527 2220 2558 deser-

1252 2580 1304 2605 tus
1325 2572 1443 2613 praeda
1456 2572 1598 2602 hostium
1612 2572 1713 2601 fieret.
1737 2570 1874 2609 Regiam
1898 2570 2007 2609 itaque
2026 2569 2220 2609 dignitatem

1252 2617 1402 2650 retinere,
1433 2625 1528 2654 quam
1552 2613 1624 2644 Deo
1653 2613 1788 2653 gloriam
1819 2612 1896 2643 dare
1922 2611 2058 2643 mavult.
2102 2612 2220 2643 Nonne

1253 2668 1330 2690 vero
1361 2657 1577 2697 praestitisset
1606 2665 1680 2686 eum
1709 2655 1814 2687 solum
1842 2655 1941 2692 mori,
1972 2664 2069 2694 quam
2099 2654 2219 2694 populo
