2551 3044
349 202 410 233 20?

349 305 444 335 quam
480 294 611 325 virtutis
645 304 754 325 amore
788 300 819 326 et
852 294 958 326 studio
1002 293 1174 325 ducuntur.
1230 293 1313 325 Nam

351 336 553 376 triumphare
577 343 609 368 et
631 337 664 367 in
688 337 816 368 theatro
839 337 996 377 conspici,
1030 344 1125 375 atque
1149 335 1188 368 ab
1211 337 1315 367 omni—

1171 198 1374 231 IIOMILIA
1397 200 1502 232 LXII.

2267 202 2330 234 ‘208

1367 294 1476 326 obrem
1497 299 1621 325 tantum
1639 305 1716 336 erga
1733 306 1790 327 nos
1804 296 1865 327 Dei
1886 295 2076 327 beneficium
2096 296 2206 336 magni
2225 296 2331 329 facere

1368 347 1425 368 nos
1456 344 1590 377 oportet,
1621 343 1651 368 et
1681 338 1823 370 vicissim
1856 339 1925 370 Deo
1957 338 2159 379 respondere,
2189 343 2221 370 et
2244 339 2331 370 veri-

351 380 409 411 bus
443 379 593 410 honorari
626 379 770 420 cupiunt,
804 379 866 412 Dei
899 390 975 411 vcro
1005 379 1125 410 nullam
1156 379 1316 410 rationem
1340 390 1341 408 l
1367 385 1466 411 tatem
1491 390 1572 420 quae
1595 380 1684 412 nobis
1706 381 1770 413 illic
1794 381 1984 421 proponitur
2007 381 2165 421 amplecti,
2188 392 2229 412 ne
2252 380 2330 422 bap·-

351 423 480 453 habeut.
537 422 587 453 Ab
621 422 680 453 isto
712 422 821 454 furore
854 422 959 454 David
996 423 1055 453 fuit
1089 422 1315 459 alienissimus,

349 466 402 512 qui
427 465 485 495 etsi
518 464 663 505 graviter
691 464 813 496 ferebat
842 465 950 506 populi
977 465 1147 496 Ιετίϋὶίιίοἰ
1178 464 1316 504 ignomi-
1341 466 1343 473 '

351 508 447 543 niam,
476 518 540 538 non
570 518 607 538 ea
637 513 745 538 tamen
775 514 903 539 tantum
925 509 1057 539 affectus
1086 513 1134 538 est
1158 513 1316 547 quantum

352 550 413 581 Dei
437 550 556 590 gloria,
588 560 683 590 quam
714 550 753 582 ab
783 550 838 581 illo
862 551 1082 582 incircumciso
1106 550 1189 581 laedi
1211 550 1318 581 audie-

351 594 413 624 bat.
444 592 532 623 Hinc
554 592 627 623 illae
652 593 753 632 ipsius
777 604 878 630 voees,
903 594 1007 624 Deiue
1031 593 1170 624 viventis
1193 593 1317 624 exerci-

352 642 420 667 tum
455 636 697 667 incircumcisus
730 635 784 667 ille
817 635 914 667 habet
947 635 1109 667 ludibrio?
1155 635 1229 666 Non
1263 635 1316 673 ait,

351 678 504 719 populine
527 684 557 709 ct
581 678 687 718 gentis
709 688 798 710 meae
811 679 954 719 gloriam,
978 679 1042 715 sed,
1068 678 1163 709 illene
1177 679 1318 709 viventis

351 721 414 752 Dei
438 721 572 761 gloriam
596 721 728 760 impune
752 721 864 759 laedet,
887 722 946 753 sub
967 722 1058 752 cuius
1086 721 1236 761 auspiciis
1260 720 1318 752 mi-

352 763 504 795 litamus?
550 763 642 794 Istud
672 764 858 804 exemplum
893 765 1070 801 imitemur,
1105 770 1140 794 ut
1173 764 1201 794 si
1235 762 1318 804 quod

352 807 518 838 ecclesiam
543 805 604 836 Dei
636 806 699 837 tale
727 806 934 846 opprobrium
966 808 1068 846 feriat,
1099 817 1161 837 non
1190 811 1319 837 tantum

352 850 407 880 alii
431 849 567 879 aliorum
591 849 770 888 opprobriis
793 855 825 880 et
843 850 970 881 iniuriis
990 850 1177 886 afficiamur,
1201 856 1231 880 et
1252 859 1320 880 mu-

353 898 446 923 tuum
470 890 629 922 auxilium
653 891 874 931 praebeamus,
897 892 952 923 sed
976 893 1114 923 maxime
1134 892 1195 922 Dei
1219 891 1320 931 gloria

352 944 555 971 moveamur,
579 943 674 973 quam
694 934 790 966 rebus
808 935 958 966 omnibus
970 935 1207 974 pretiotissimis
1224 935 1320 975 longe

354 982 599 1017 anteponamus.
654 977 752 1015 Nam,
782 978 929 1015 obsecro,
962 978 1067 1008 Deum
1095 978 1133 1008 ab
1168 977 1320 1017 improbis

354 1021 439 1051 affici
473 1019 696 1057 coutumeliis,
729 1026 762 1050 et
794 1025 1035 1052 sacrosanctum
1070 1021 1170 1060 ipsius
1205 1031 1320 1051 nomen

355 1061 536 1094 conculcari
565 1072 628 1101 qua
657 1068 766 1093 mente
796 1063 975 1094 ferremus?
1021 1063 1086 1094 Nos
1116 1072 1193 1103 ergo
1223 1063 1322 1094 Davi-

354 1106 426 1136 dem
449 1105 583 1141 imitati,
614 1115 678 1135 non
709 1106 791 1136 tanti
814 1106 968 1137 faciamus
991 1105 1098 1136 illatas
1121 1106 1211 1137 uobis
1235 1106 1320 1136 iniu-

353 1148 420 1179 rias
453 1147 493 1177 ab
527 1147 717 1185 incredulis,
752 1154 784 1178 et
817 1158 915 1188 purae
948 1148 1111 1189 religionis
1145 1149 1322 1179 coniuratis

354 1189 512 1226 hostibus,
536 1190 595 1221 etsi
610 1190 660 1221 vel
675 1191 708 1221 in
729 1191 841 1222 faciem
861 1191 1029 1231 despuant,
1050 1200 1082 1222 et
1105 1191 1321 1231 blasphemias

355 1243 467 1264 omnes
496 1237 649 1272 tanquam
680 1233 769 1264 virus
799 1233 832 1264 in
864 1244 921 1265 nos
943 1239 1101 1270 evomant,
1125 1234 1320 1274 triumphos-

355 1286 417 1316 que
447 1285 520 1306 suos
548 1275 734 1314 instituant,
765 1281 800 1307 ut
831 1277 1008 1317 ignominia
1030 1283 1061 1307 et
1085 1276 1239 1308 dedecore
1262 1287 1320 1308 nos

354 1319 502 1355 obruant,
527 1328 566 1348 ne
590 1318 722 1358 inquam
747 1330 804 1350 uos
826 1319 872 1350 ita
895 1319 1112 1359 respiciamus,
1135 1320 1211 1359 quin
1230 1330 1321 1359 prae-

355 1362 447 1401 cipue
478 1361 538 1391 Dei
569 1360 690 1401 gloriae
717 1361 821 1393 studio
851 1362 1047 1399 ferveamus,
1077 1368 1108 1393 et
1137 1362 1319 1393 istiusmodi

355 1403 528 1443 vituperiis
556 1405 675 1444 exponi
705 1403 885 1436 doleamus:
915 1410 946 1436 et
975 1405 1058 1445 quod
1087 1406 1132 1436 ait
1161 1405 1320 1445 propheta

355 1446 487 1478 Psalmo
510 1445 550 1477 69
574 1456 649 1477 vere
673 1446 764 1477 nobis
787 1446 964 1478 tribuatur:
1002 1448 1083 1486 Quia
1104 1448 1190 1479 celus
1211 1448 1319 1479 domus

355 1492 426 1520 luae
455 1489 555 1520 eredit
583 1499 637 1527 me,
664 1491 691 1519 et
721 1489 889 1528 opprobria
912 1490 1040 1529 probris
1072 1490 1271 1529 afficientium
1293 1493 1320 1521 te

356 1532 497 1564 accidunt
518 1531 604 1562 milri.
640 1531 688 1562 Ne
709 1532 818 1572 itaque
841 1537 907 1563 tam
927 1533 1029 1563 nostri
1052 1538 1196 1564 amantes
1218 1534 1318 1565 simus

356 1580 394 1606 ut
417 1579 559 1605 nostram
582 1574 689 1613 potius
711 1585 807 1614 quam
830 1574 963 1606 Domini
986 1575 1121 1615 gloriam
1143 1576 1227 1607 tueri
1249 1581 1318 1608 stu-

357 1617 505 1655 deamus,
537 1616 593 1648 sed
615 1617 682 1647 zelo
706 1618 811 1665 potius
834 1617 954 1658 gloriae
976 1617 1038 1649 Dei
1062 1619 1252 1657 exedamur,
1282 1622 1319 1650 ιιι

357 1660 385 1691 si
418 1659 501 1690 laedi
535 1659 608 1689 ullis
642 1659 814 1700 impiorum
849 1660 982 1692 vocibus
1016 1660 1105 1691 illam
1139 1661 1318 1710 audiamus,

357 1712 548 1751 rumpamur
579 1703 686 1741 potius
712 1713 807 1742 quam
831 1713 895 1734 nou
919 1703 1120 1735 ulciscamur.
1166 1704 1250 1735 Nam
1272 1704 1318 1735 ita

358 1756 392 1776 re
420 1745 491 1785 ipsa
520 1744 799 1784 comprobabimus
829 1755 886 1777 nos
909 1755 985 1778 vera
1007 1756 1076 1777 esse
1099 1746 1172 1777 Iesu
1195 1747 1318 1778 Christi

357 1787 493 1819 Domini
524 1787 627 1818 nostri
661 1787 820 1825 membra,
862 1798 963 1828 quum
996 1789 1158 1820 Davidem
1192 1790 1251 1821 hae
1284 1790 1318 1820 in

358 1835 451 1871 parte
484 1829 684 1861 studebimus
717 1830 854 1868 imitari,
889 1831 944 1871 qui
977 1832 1079 1862 nostri
1111 1832 1225 1871 capitis
1260 1833 1318 1864 fuit

357 1874 475 1914 figura.
513 1873 567 1904 eui
598 1883 655 1904 nos
683 1873 781 1904 etiam
810 1878 935 1913 oportet
964 1874 1167 1906 conformari.
1223 1875 1318 1914 Quod

358 1926 436 1947 vero
450 1915 640 1947 Goliathum
660 1921 752 1947 vocat
774 1917 1032 1955 irwircumcisum,
1055 1917 1189 1956 perinde
1213 1924 1260 1949 cst
1283 1928 1319 1949 ac

359 1959 385 1990 si
399 1957 560 1990 ethnicum
574 1964 606 1989 ct
617 1958 819 1990 incredulum
834 1958 928 1990 dicat.
959 1959 1050 1990 Tunc
1068 1960 1154 1990 enim
1168 1959 1320 1992 Israelitis

359 2001 560 2033 circumcisio
582 2001 665 2032 idem
689 2006 766 2039 erat,
791 2000 875 2041 quod
898 2001 994 2033 hodie
1016 2002 1108 2034 nobis
1131 2002 1319 2042 baptismus,

360 2053 476 2083 nempe
505 2043 647 2083 sigillum
678 2054 740 2084 quo
769 2043 859 2076 Deus
887 2044 1000 2075 foedus
1029 2054 1102 2076 cum
1130 2045 1320 2077 Abrahamo

361 2087 477 2117 initum
506 2086 744 2127 obsignaverat,
775 2086 861 2127 quod
891 2086 931 2118 ad
958 2087 1060 2127 ipsius
1082 2093 1227 2128 posteros
1251 2098 1321 2128 per-

361 2129 503 2167 tinebat,
557 2133 590 2160 ut
646 2129 685 2160 ab
741 2130 873 2160 humani
923 2130 1051 2170 generis
1100 2130 1322 2162 maledictione

361 2171 503 2213 generali
527 2173 756 2203 eximerentur.
794 2172 903 2211 Quare
924 2171 1162 2204 observandum
1185 2173 1321 2204 circum-

359 2215 511 2246 cisionem
547 2220 578 2245 et
612 2215 838 2255 praeputium,
871 2215 956 2255 quod
990 2221 1126 2253 vocant,
1167 2216 1322 2256 populum

360 2262 391 2288 et
422 2257 587 2288 eeclesiam
615 2257 674 2288 Dei
705 2257 890 2289 distinxisse
920 2268 938 2289 a
966 2258 1098 2298 reliquis
1128 2258 1325 2296 nationibus,

360 2310 443 2340 quae
466 2300 532 2330 irae
554 2305 587 2330 et
610 2300 827 2331 maledictioni
851 2300 913 2332 Dei
941 2306 1035 2332 crant
1056 2300 1223 2332 obnoxiae.
1270 2301 1324 2331 sic

361 2343 458 2374 etiam
495 2342 588 2373 hodie
622 2353 836 2383 agnoscamus
869 2354 927 2375 nos
959 2343 1122 2384 obsignari
1155 2343 1324 2383 baptismo,

361 2392 392 2416 et
427 2385 553 2415 admitti
586 2386 618 2415 in
654 2385 792 2416 filiorum
824 2385 886 2416 Dei
916 2396 1096 2423 numerum,
1126 2391 1163 2417 ut
1196 2391 1324 2417 tantum

362 2428 551 2459 beneficium
596 2434 748 2468 tanquam
793 2428 1152 2469 incomprehensibilem
1191 2429 1324 2460 thesau-

362 2481 434 2501 rum
461 2471 667 2502 aestimemus
691 2476 723 2501 et
745 2472 859 2510 quanti
882 2482 941 2511 par
963 2477 1013 2502 cst
1035 2472 1198 2503 faciamus.
1241 2471 1325 2503 Nam

362 2512 541 2553 baptismus
585 2518 634 2544 est
677 2513 770 2544 nobis
814 2520 937 2546 tessera
981 2514 1110 2546 divinae
1149 2524 1227 2554 erga
1267 2523 1326 2545 nos

363 2555 615 2593 benevolentiae,
661 2555 742 2596 quod
788 2556 820 2587 in
865 2567 902 2588 eo
945 2556 1113 2588 Christum
1147 2555 1326 2588 Dominum

366 2605 511 2629 nostrum
535 2599 723 2635 vestiamus,
755 2604 787 2629 et
809 2599 842 2630 in
866 2599 956 2630 illum
981 2600 1173 2638 inseramur,
1199 2604 1235 2630 ut
1258 2609 1326 2631 om-

366 2640 453 2671 nium
487 2641 587 2680 ipsius
622 2640 779 2672 bonorum
815 2643 930 2674 fiamus
964 2642 1146 2683 participes.
1203 2641 1325 2682 Quam-

1341 496 1343 542 l

1368 423 1501 453 tismum
1545 428 1693 454 nostrum
1737 424 1926 464 polluamus.
1984 423 2174 455 Cavendum
2219 424 2330 464 itaque

1368 476 1570 505 summopere
1600 476 1640 496 ne
1670 466 1807 498 stultitia
1837 472 1946 498 nostra
1977 475 2007 497 et
2029 466 2214 507 arrogantia
2237 476 2331 507 prae-

1368 508 1481 548 cipites
1514 508 1663 546 feramur,
1698 514 1730 540 et
1763 509 1796 540 in
1831 520 1939 541 eorum
1975 520 2108 541 numero
2143 509 2330 548 habeamur,

1369 551 1422 590 qui
1457 551 1658 582 vocationem
1691 551 1730 583 ad
1760 562 1856 592 quam
1888 552 1992 583 vocati
2022 558 2099 583 sunt
2129 563 2194 583 non
2225 557 2331 583 atten-

1370 594 1466 624 dunt:
1496 598 1531 624 ut
1560 593 1708 625 solebant
1737 594 1812 626 olim
1842 595 1955 626 Iudaei
1986 595 2230 626 circumcisione
2261 594 2331 635 glo-

1369 636 1456 673 riari,
1491 636 1571 667 nihil
1606 636 1713 669 minus
1744 643 1854 669 tamen
1888 647 1983 677 quam
2014 637 2109 669 eorde
2139 637 2331 670 circumcisi.

1369 678 1494 710 Idcirco
1533 683 1599 710 tam
1639 679 1823 720 frequentes
1857 679 2003 710 videmus
2037 679 2121 719 apud
2155 680 2332 720 prophetas

1370 721 1575 753 iustiusmodi
1605 721 1859 763 obiurgationes:
1892 722 1960 753 Vos
1990 732 2008 752 a
2039 732 2091 753 me
2114 723 2191 754 estis
2214 723 2332 763 aversi,

1371 775 1470 804 quum
1502 770 1608 795 vestra
1636 765 1760 796 malitia
1789 764 1911 796 cultum
1941 775 2051 795 meum
2082 765 2267 805 reliquistis,
2299 770 2332 797 et

1372 814 1478 838 vestro
1508 807 1628 847 templo
1658 812 1690 839 et
1717 814 1851 839 externo
1882 807 1938 838 illo
1961 807 2214 839 circumcisionis
2237 809 2331 849 signo

1372 849 1466 881 valde
1494 849 1688 891 gloriamini,
1717 861 1833 891 meque
1864 850 1954 882 vobis
1985 850 2055 881 ideo
2082 850 2270 882 devinctum
2299 855 2332 882 et

1372 892 1550 933 obligatum
1575 892 1791 930 arbitramini;
1823 898 1854 924 et
1877 893 1995 925 idcirco
2019 892 2108 925 vobis
2131 892 2171 924 ad
2195 892 2333 933 quodvis

1372 936 1529 976 flagitium
1556 935 1697 967 habenas
1723 936 1849 974 laxatis,
1880 935 1934 967 sed
1965 936 2074 975 procul
2095 946 2113 967 a
2131 946 2183 966 me
2207 935 2332 975 profani

1371 983 1404 1009 et
1433 979 1524 1018 impii
1555 978 1702 1010 homines
1725 983 1836 1018 estote,
1868 978 1946 1009 dicit
1968 978 2139 1009 Dominus.
2184 978 2252 1010 Nos
2275 979 2333 1010 ita-

1372 1031 1434 1061 que
1466 1020 1639 1062 diligenter
1668 1032 1850 1058 caveamus,
1881 1031 1921 1052 ne
1951 1022 2071 1052 nostris
2101 1020 2333 1061 pollutionibus

1372 1063 1570 1104 baptismum
1603 1068 1751 1095 nostrum
1785 1063 1984 1095 aboleamus:
2023 1063 2077 1095 sed
2113 1064 2220 1104 potius
2252 1063 2334 1095 illud

1371 1111 1525 1147 tanquam
1539 1107 1805 1147 pretiosissimum
1820 1112 1946 1138 nostrae
1965 1106 2192 1147 redemptionis
2214 1106 2335 1147 pignus

1372 1150 1563 1181 habeamus:
1595 1154 1626 1180 et
1649 1150 1754 1181 Deum
1786 1155 1910 1189 patrem
1941 1155 1973 1181 et
2002 1156 2202 1181 servatorem
2225 1159 2334 1190 spere-

1372 1202 1453 1230 mus,
1473 1192 1568 1223 modo
1586 1192 1620 1223 in
1639 1193 1741 1232 ipsius
1759 1193 1875 1224 timore
1893 1191 2105 1230 ambulemus,
2124 1192 2333 1233 debitumque

1372 1235 1435 1276 ipsi
1465 1235 1618 1266 honorem
1648 1240 1681 1266 et
1703 1235 1838 1275 gloriam
1864 1234 2048 1266 reddamus:
2077 1240 2164 1267 certo
2187 1235 2334 1275 persuasi

1372 1288 1437 1309 non
1467 1278 1588 1309 frustra
1612 1278 1718 1309 Deum
1748 1288 1807 1309 nos
1830 1277 1870 1309 ad
1893 1288 1926 1309 se
1948 1288 2090 1315 vocasse,
2119 1277 2174 1309 sed
2197 1282 2333 1310 externo

1372 1320 1427 1352 illo
1461 1320 1553 1360 signo
1587 1321 1700 1352 testari
1734 1330 1791 1352 nos
1824 1320 1857 1351 in
1889 1320 1990 1360 ipsius
2023 1321 2162 1352 filiorum
2198 1330 2333 1352 numero

1372 1363 1495 1395 censeri
1519 1368 1550 1394 et
1574 1363 1695 1401 haberi,
1726 1373 1788 1403 quo
1812 1363 2023 1395 discernimur
2046 1369 2077 1395 ct
2101 1363 2335 1404 distinguimur

1372 1407 1412 1438 ab
1435 1407 1474 1437 iis
1496 1416 1574 1446 quos
1597 1417 1655 1446 pro
1678 1406 1746 1437 suis
1768 1416 1834 1437 non
1857 1407 2009 1448 agnoscit.

1457 1449 1528 1481 Iam
1552 1459 1628 1481 vero
1651 1449 1747 1491 agite,
1770 1450 1822 1481 etc.

1655 1686 1901 1728 HOMILIA
1925 1688 2055 1728 LXII.

1457 1791 1507 1822 28.
1535 1790 1621 1830 Quod
1639 1800 1734 1830 quum
1752 1790 1889 1822 audisset
1899 1789 1996 1822 Eliab
2012 1790 2113 1830 frater
2135 1791 2202 1821 eius
2222 1790 2335 1832 mator,

1370 1834 1506 1873 loquente
1529 1844 1562 1865 eo
1583 1843 1652 1865 eum
1674 1833 1758 1871 aliis,
1780 1834 1884 1864 ‘iratus
1903 1835 1945 1864 est
1965 1836 2071 1865 contra
2083 1832 2202 1871 David,
2225 1836 2252 1864 et
2273 1833 2334 1865 ait:

1375 1880 1478 1915 (guare
1510 1877 1630 1916 venisti,
1665 1878 1693 1907 et
1725 1886 1822 1916 quare
1853 1876 2046 1916 dereliquisti
2074 1875 2230 1914 pauculas
2260 1875 2336 1908 illas

1372 1930 1441 1950 oves
1460 1920 1494 1950 in
1513 1918 1656 1951 deserto?
1692 1918 1760 1959 Eyo
1783 1919 1854 1950 novi
1875 1918 2050 1958 superbiam
2072 1920 2157 1949 tuam
2180 1920 2206 1950 et
2227 1919 2336 1958 nequi—

1371 1963 1448 1993 tiam
1469 1962 1570 1994 cordis
1592 1962 1647 2000 tui,
1677 1963 1753 2001 quia
1774 1964 1808 1993 ut
1824 1961 1942 1993 videres
1957 1960 2118 2000 praelium
2140 1961 2333 1992 descendisti.

1373 2005 1423 2035 29.
1447 2004 1491 2036 Et
1508 2004 1589 2036 dixit
1601 2004 1726 2036 David:
1753 2004 1834 2043 Quid
1850 2004 1935 2044 feci?
1959 2003 2108 2043 numquid
2126 2014 2187 2035 uon
2209 2003 2335 2035 verbum

1372 2048 1439 2079 est?
1484 2047 1535 2079 30.
1565 2046 1608 2078 Et
1635 2047 1798 2079 declinavit
1821 2046 1988 2086 paululum
2015 2046 2053 2077 ab
2082 2056 2115 2077 eo
2145 2047 2187 2078 ad
2216 2046 2334 2078 alium:

1372 2091 1511 2130 ‹Iioeitque
1540 2089 1669 2121 eundem
1697 2099 1876 2128 sermonem,
1905 2092 1931 2120 et
1957 2089 2115 2129 respondit
2143 2089 2170 2119 ei
2196 2088 2336 2128 populus

1373 2133 1495 2164 verbum
1524 2133 1604 2164 sicut
1625 2133 1731 2172 prius.
1784 2133 1834 2164 31.
1864 2132 1984 2164 Audita
2012 2134 2084 2162 sunt
2114 2133 2215 2163 autem
2243 2131 2335 2164 verba

1374 2186 1452 2215 quae
1479 2176 1621 2215 loquutus
1649 2177 1692 2207 est
1713 2175 1832 2214 David,
1862 2178 1888 2206 et
1909 2173 2098 2206 annunciata
2121 2175 2155 2204 iu
2177 2177 2334 2214 conspectu

1376 2218 1462 2250 Saul.
1504 2219 1554 2250 32.
1579 2218 1632 2249 Ad
1654 2228 1741 2258 Quem
1763 2228 1858 2258 quum
1875 2217 1986 2266 fuisset
2007 2217 2166 2265 adductus,
2191 2216 2335 2256 loquutus

1374 2264 1416 2292 est
1438 2262 1482 2293 ei:
1506 2261 1578 2292 Nou
1598 2261 1738 2293 concidat
1758 2271 1809 2292 cor
1830 2261 2011 2299 cuiusquam
2031 2260 2065 2290 iu
2088 2269 2129 2299 eo,
2153 2269 2203 2300 eyo
2226 2269 2336 2291 servus

1348 2323 1350 2333 .
1375 2306 1447 2335 tuus
1464 2304 1586 2341 vadam,
1609 2306 1637 2334 et
1650 2303 1795 2344 pustzabo
1817 2303 1966 2335 adversus
1979 2301 2193 2333 Pleilistaeum.
2229 2302 2278 2333 33.
2293 2301 2338 2334 Et

1375 2347 1419 2377 ait
1449 2346 1529 2378 Saul
1560 2346 1601 2378 ael
1633 2346 1758 2377 David:
1788 2346 1859 2377 Non
1886 2345 1969 2377 vales
1997 2345 2137 2376 resistere
2167 2343 2338 2377 Philistaeo

1375 2389 1439 2427 isti,
1474 2398 1527 2421 nec
1555 2398 1700 2429 pugnare
1733 2389 1882 2421 adversus
1903 2397 1986 2418 eum:
2021 2387 2097 2427 quia
2115 2397 2197 2426 puer
2217 2397 2257 2426 es,
2290 2386 2340 2420 hic

1376 2434 1477 2462 zeutem
1495 2432 1544 2463 vir
1567 2431 1692 2463 bellator
1714 2434 1758 2463 est
1779 2427 1816 2463 ub
1840 2430 2040 2463 adolescentia
2063 2440 2132 2461 sua.
2167 2429 2219 2460 34.
2231 2412 2340 2462 bime-

1376 2484 1433 2513 que
1455 2474 1564 2506 David
1586 2474 1628 2505 ad
1652 2473 1744 2505 Saul:
1770 2473 1918 2506 Pascebat
1939 2482 2046 2504 servus
2069 2475 2141 2503 tuus
2157 2473 2264 2511 patris
2285 2473 2338 2504 sui

1375 2527 1502 2556 yreyem,
1533 2519 1559 2548 et
1587 2517 1723 2548 veniebat
1752 2516 1796 2548 leo
1824 2516 1869 2548 vel
1889 2525 1992 2552 ursu8,
2023 2517 2049 2546 et
2070 2514 2191 2547 tollebat
2212 2515 2338 2547 arietem

1376 2558 1413 2589 cle
1435 2560 1532 2591 medio
1550 2560 1661 2600 yreyis.
1695 2559 1746 2591 35.
1770 2557 1814 2591 Et
1832 2557 2036 2599 persequebar
2059 2568 2116 2595 e08,
2140 2560 2167 2589 et
2181 2558 2337 2597 percutie-

1377 2601 1456 2638 bam,
1484 2602 1684 2642 eruebamque
1710 2603 1747 2634 de
1775 2612 1826 2634 ore
1853 2610 1965 2639 eorum,
1994 2603 2020 2631 et
2049 2600 2097 2631 illi
2119 2600 2338 2641 consumebant

1378 2643 1541 2676 adversum
1569 2655 1624 2684 me,
1652 2648 1678 2677 el
1706 2643 1965 2685 apprehendebam
1993 2645 2127 2674 meruum
2158 2653 2281 2682 eorum,
2310 2645 2338 2674 et
