2551 3044
99 213 154 244 381

99 306 187 337 Sane
228 305 303 336 licet
335 303 537 334 Ionathanus
571 301 720 332 videatur
761 298 840 329 illud
885 298 1064 338 periculum

100 346 315 388 praevidisse,
348 352 456 376 tamen
488 344 569 375 dura
598 342 654 373 illa
685 342 743 372 fuit
774 342 926 377 tentatio,
967 350 1066 379 quum

100 395 225 430 patrem
248 399 285 420 eo
307 387 493 419 iracundiae
526 391 557 416 et
589 384 708 415 furoris
740 383 822 414 vidit
850 382 1003 414 devenire
1032 386 1068 412 ut

100 434 245 463 lanceam
270 431 302 461 in
326 440 360 460 se
382 429 485 459 filium
509 426 666 458 direxerit
688 436 746 456 sua
776 436 874 456 manu
904 424 1066 455 trucidan-

101 475 187 512 dum,
211 473 271 504 nisi
296 472 384 502 Deus
408 471 507 502 ictum
538 469 716 504 avertisset,
748 467 1011 507 quandoquidem
1035 467 1066 497 in

101 517 209 548 animo
238 515 339 545 filium
364 513 525 543 trucidare
550 510 629 542 Saul
655 509 803 541 habebat.
849 510 936 540 Hinc
967 508 1068 540 disca-

102 569 173 590 mus
196 568 253 588 nos
275 557 302 587 si
326 556 404 586 bene
427 553 572 585 faciendo
595 553 629 583 in
653 553 821 583 hominum
846 556 1068 591 contemptum

101 607 133 632 et
155 599 262 630 odium
287 597 471 629 venerimus
495 606 557 626 non
582 600 730 635 oportere
762 600 868 625 tamen
901 594 1068 634 poeniten-

101 643 145 672 tia
171 640 410 673 benefactorum
439 637 525 670 duci.
571 637 654 668 Nam
688 637 888 667 Ion-athanus
919 636 1068 675 exemplo

100 684 192 715 nobis
216 686 272 720 est,
295 691 389 721 quem
402 685 526 712 certum
547 687 594 710 est
608 680 748 718 potuisse
761 679 904 719 graviter
929 676 1067 709 commo-

101 726 177 763 veri,
200 735 298 764 quum
323 728 447 763 patrem
471 722 645 753 adversum
669 732 703 752 se
728 726 818 752 tanto
851 722 959 751 furore
991 721 1067 750 ferri

101 767 308 808 conspiceret,
332 776 368 796 ac
392 764 526 805 proinde
550 774 614 794 non
638 764 721 794 nihil
751 764 790 794 ab
822 764 928 794 officio
953 763 1067 793 deflec-

100 816 176 842 tere.
212 807 492 848 Quemadmodum
516 816 611 845 saepe
624 806 774 837 videmus
798 816 850 836 eos
874 805 1067 845 quimagni-

99 854 195 884 ficum
219 850 348 890 aliquod
372 850 494 880 facinus
514 848 696 887 ediderunt,
720 849 746 878 si
772 849 867 878 minis
883 854 1069 878 terreantur

100 900 157 926 aut
177 893 401 925 imminentem
426 891 566 930 aliquam
591 891 781 922 seditionem
805 895 861 921 aut
879 890 1068 921 violentiam

101 937 234 968 videant
252 936 419 972 fluctuare,
442 939 474 964 et
487 933 592 964 ventis
606 934 685 969 vela,
712 939 746 963 ut
759 933 861 970 aiunt,
874 933 1069 972 permittere,

101 990 137 1011 ac
161 979 233 1010 licet
257 988 320 1008 non
344 978 514 1007 immutata
544 976 586 1006 sit
609 976 752 1015 ipsorum
778 975 929 1007 voluntas
953 974 1068 1005 nihilo-

100 1022 208 1052 minus
228 1025 334 1051 tamen
355 1018 573 1058 improborum
586 1018 753 1049 hominum
773 1018 889 1048 iramet
924 1018 1068 1047 furorem

102 1062 250 1104 placandi
273 1062 414 1093 rationes
437 1071 601 1100 quaerere,
625 1068 656 1091 et
679 1060 718 1091 ad
743 1066 872 1100 tempus
903 1061 1069 1099 quiescere

101 1116 258 1145 suumque
281 1103 423 1136 studium
436 1102 607 1134 occultare.
642 1103 733 1134 Istud
759 1104 893 1142 inquam
918 1103 1065 1141 frequen—

101 1157 150 1180 ter
172 1147 360 1188 contingere
383 1150 414 1176 et
437 1145 565 1185 quidem
590 1146 675 1176 inter
704 1156 757 1176 eos
787 1145 840 1185 qni
870 1145 903 1175 in
928 1145 1069 1175 maximo

101 1192 223 1222 honore
256 1193 332 1221 sunt
366 1188 527 1219 videmus:
564 1188 618 1218 sed
654 1188 858 1218 Ionathanus
891 1187 985 1217 nobis
1018 1187 1070 1218 hic

101 1233 231 1264 maioris
260 1231 460 1263 constantiae
495 1236 526 1261 et
561 1231 839 1270 magnanimitatis
878 1230 1070 1269 proponitur

100 1276 284 1315 exemplum
323 1273 526 1304 imitandum.
581 1273 665 1303 Nam
705 1275 762 1303 etsi
793 1277 885 1312 pater
915 1273 1070 1303 adversus

100 1319 204 1358 ipsum
228 1322 381 1356 tanquam
405 1315 557 1346 immanis
581 1314 737 1355 quaedam
765 1315 870 1346 bellua
900 1320 932 1346 et
962 1315 1069 1346 verbis

101 1365 132 1391 et
154 1360 247 1391 factis
268 1360 417 1396 ferretur,
442 1358 653 1389 nihilominus
674 1364 782 1388 tamen
806 1357 860 1388 ille
884 1357 1012 1388 fortiter
1035 1358 1068 1388 in

102 1403 237 1434 Davidis
258 1401 320 1433 fide
344 1401 530 1442 permansit,
556 1403 588 1430 et
612 1401 680 1431 eius
704 1400 924 1431 innocentiam
949 1410 1007 1440 pro
1022 1400 1069 1430 vi-

101 1445 152 1476 rili
175 1449 300 1476 tutatus
323 1449 381 1474 est.
422 1443 546 1474 Idcirco
570 1443 689 1474 dicitur
712 1443 892 1474 surrexisse
916 1453 934 1473 a
957 1453 1070 1474 mensa

100 1488 134 1518 in
157 1488 205 1518 ira
227 1486 357 1526 furoris⁷
389 1492 420 1516 et
444 1496 507 1516 non
528 1485 704 1516 comedisse
728 1486 761 1515 in
787 1485 838 1516 die
858 1485 1069 1516 calendarum

100 1530 242 1562 secunda
264 1539 379 1569 panem
407 1535 438 1558 et
458 1528 667 1559 vehementer
691 1528 856 1559 tristatum
880 1538 949 1559 esse
973 1538 1070 1568 super

103 1572 237 1609 Davide,
261 1582 298 1602 eo
322 1572 404 1611 quod
417 1571 616 1602 confudisset
640 1576 818 1610 cumpater
842 1571 874 1601 in
900 1570 1069 1601 homiuum

101 1619 204 1646 coetu.
249 1614 322 1645 Non
347 1615 453 1654 itaque
476 1613 622 1644 animum
655 1613 836 1653 despondit,
868 1624 932 1644 non
956 1612 1027 1644 ideo
1052 1624 1069 1643 a

104 1657 238 1689 Davidis
261 1657 402 1688 amicitia
426 1657 567 1693 recessit,
597 1666 660 1686 non
692 1666 726 1687 se
757 1656 864 1695 aliqua
887 1656 992 1695 specie
1016 1655 1070 1686 de-

101 1700 202 1731 functi
226 1699 322 1730 officii
347 1700 435 1736 texit,
460 1698 534 1729 licet
557 1698 727 1729 horrendis
757 1698 900 1738 agitatus
931 1698 1069 1729 difficul-

102 1742 241 1780 tatibus,
280 1741 336 1772 sed
371 1751 466 1782 quam
501 1741 620 1772 Davidi
661 1741 776 1779 fidem,
817 1741 973 1771 advocato
1008 1740 1071 1771 Dei

104 1785 242 1821 nomine,
266 1784 407 1821 dederat,
431 1784 565 1814 eandem
590 1783 696 1814 officio
720 1783 795 1814 boni
819 1784 913 1814 amici
938 1783 1070 1814 defunc-

102 1834 154 1858 tus
176 1827 319 1858 retinuit.

179 1869 305 1900 Idcirco
328 1869 483 1909 sequitur,
514 1879 612 1909 quum
636 1879 730 1899 mane
755 1868 918 1898 illuxisset
941 1869 1071 1899 venisse

96 1912 319 1943 Ionathanum
342 1911 374 1942 in
399 1922 512 1951 agrum
533 1911 739 1952 designatum
764 1917 795 1941 et
809 1910 929 1941 Davidi
949 1911 1070 1941 indica-

98 1960 179 1991 tum,
203 1960 236 1985 et
259 1954 394 1993 sagittas
414 1954 589 1985 iaculatum
616 1964 693 1990 esse,
719 1963 919 1993 puerumque
938 1953 1071 1984 iussisse

101 1997 237 2037 sagittas
260 1996 409 2036 colligere
432 2001 464 2027 et
488 1997 641 2027 festinare
655 1996 807 2027 velociter
832 2007 897 2026 non
917 2000 1070 2027 cunctan-

100 2045 176 2070 tem.
210 2039 317 2078 Atque
332 2039 410 2070 haee
433 2039 495 2070 duo
515 2039 647 2070 fuerunt
671 2039 812 2078 insignia
834 2039 920 2069 inter
945 2043 1070 2069 utrum-

101 2092 172 2121 que,
192 2081 412 2112 Ionathanum
426 2088 456 2112 et
471 2082 641 2121 Davidem,
656 2081 842 2118 constituta,
857 2091 955 2120 quum
971 2091 1071 2120 puero

101 2124 200 2155 dixit:
223 2124 357 2155 Festina
374 2124 534 2160 velociter,
559 2125 678 2164 sagitta
697 2129 745 2155 est
765 2133 859 2162 porro
873 2123 959 2154 ultra
972 2128 1013 2159 te,
1032 2133 1071 2153 ne

101 2167 241 2204 steteris,
265 2166 355 2205 quasi
380 2166 543 2197 Davidem
568 2167 613 2197 sic
637 2167 872 2206 alloqueretur:
898 2166 969 2196 Tibi
994 2166 1072 2205 fuga

102 2208 335 2240 consulendum
360 2213 417 2245 est,
450 2219 525 2239 nam
549 2219 607 2249 ego
630 2219 701 2240 cum
735 2209 940 2239 contumeliis
964 2208 1071 2247 repul-

104 2261 159 2282 sus
182 2261 262 2282 sum.
297 2250 383 2283 Hinc
405 2251 522 2282 iterum
548 2250 804 2291 diseamus‚Deo
828 2260 885 2282 nos
905 2251 1072 2290 affligente

104 2299 136 2324 et
164 2298 344 2331 exercente,
374 2304 437 2324 nou
467 2294 539 2325 ideo
570 2294 714 2325 animum
745 2293 1008 2332 despondenduin
1041 2298 1073 2323 et

105 2335 144 2366 ab
167 2335 272 2366 officio
297 2335 513 2373 resiliendum,
539 2336 594 2367 sed
619 2340 808 2367 constanter
831 2346 889 2375 per
911 2346 1072 2375 quaecun—

105 2388 166 2417 que
190 2377 377 2408 discrimina
399 2379 674 2418 perseverandum
695 2378 797 2408 donec
819 2378 980 2418 integram
1005 2378 1072 2408 vic-

106 2420 222 2450 toriam
253 2421 537 2458 reportaverimus.
583 2422 690 2452 Deum
721 2421 850 2460 quidem
883 2421 985 2451 fateor
1015 2431 1073 2451 nos

106 2472 198 2501 posse
219 2461 367 2492 omnibus
396 2463 549 2494 molestiis
578 2468 610 2494 et
639 2463 884 2495 difficultatibus
913 2473 1074 2501 exercere,

105 2514 206 2544 quum
229 2503 268 2534 ad
292 2504 394 2543 ipsius
417 2505 539 2536 cultum
563 2515 735 2537 vocamur:
759 2511 791 2536 et
810 2505 1072 2545 quandoquidem

107 2557 215 2577 rerum
238 2554 418 2577 creatarum
443 2547 538 2578 corda
555 2547 650 2579 habet
673 2549 707 2579 in
720 2559 830 2587 manu,
853 2552 960 2588 posset
984 2548 1074 2578 nobis

106 2588 190 2628 apud
222 2598 333 2619 omnes
364 2589 501 2629 gratiam
532 2591 717 2627 conciliare,
756 2590 810 2622 sed
842 2595 950 2621 tamen
982 2590 1074 2620 Deus

106 2635 230 2668 contra,
254 2640 294 2660 ne
318 2635 461 2662 nostram
484 2632 518 2662 in
536 2631 596 2663 hoc
611 2632 731 2663 mundo
745 2632 926 2664 mercedem
940 2643 1073 2671 exspec-

765 207 811 237 IN
839 207 862 237 Ι.
888 206 976 236 ΙιΙΒ.
1002 205 1199 237 SAMUEL.
1224 207 1322 237 (JAP.
1349 207 1423 237 XX.
2027 204 2088 234 fissi)

1122 302 1235 335 temus,
1270 310 1310 329 no
1345 299 1434 329 inani
1469 300 1573 339 gloria
1604 300 1811 336 inebriemur,
1846 309 1885 329 ne
1920 296 2089 328 hominum

1122 340 1268 371 laudibus
1292 342 1336 372 sic
1368 340 1561 372 deliniamur
1592 347 1627 372 ut
1650 342 1712 372 Dei
1743 341 1983 377 obliviscamur,
2016 349 2089 379 per-

1121 382 1222 412 mittit
1247 383 1394 414 homines
1428 384 1560 414 malitiis
1591 389 1623 415 et
1654 384 1827 423 iniquitate
1866 382 2020 419 laborare,
2059 387 2090 412 et

1121 435 1174 455 eos
1198 435 1277 463 quos
1303 425 1476 456 benefactis
1496 427 1662 457 cumulare
1687 437 1750 456 non
1775 425 1957 457 destitimus
1980 434 2017 455 eo
2041 424 2089 454 in-

1121 467 1329 506 gratitudinis
1364 468 1472 498 venire
1504 472 1538 499 ut,
1570 468 1687 505 oculos,
1720 474 1755 498 ut
1783 468 1829 499 ita
1852 467 1966 503 dicam,
1998 466 2090 497 nobis

1121 508 1296 539 effodiant:
1339 510 1398 541 hoc
1439 511 1570 550 inquam
1611 511 1655 541 ita
1689 510 1780 542 Deus
1815 509 1967 540 decrevit.
2024 509 2088 539 Sed

1121 551 1300 590 quorsum?
1332 552 1456 591 Nempe
1486 557 1521 583 ut
1552 554 1752 592 praemonui,
1783 563 1824 583 ne
1854 552 1949 582 huius
1977 551 2089 582 mundi

1122 593 1242 624 deliciis
1268 594 1478 633 pelliciamur,
1510 594 1565 625 sed
1589 595 1660 625 Deo
1691 600 1805 635 sponte
1836 594 2027 630 serviamus,
2060 600 2091 623 et

1122 646 1289 674 nunquam
1315 636 1458 667 adversis
1478 637 1675 673 deiicianiur,
1700 637 1754 668 scd
1779 637 1830 668 vel
1851 636 1963 667 invitis
1987 636 2089 666 omni-

1122 678 1181 708 bus
1207 678 1389 709 hominibus
1403 678 1532 709 fortiter
1551 681 1582 709 in
1604 680 1703 719 ipsius
1722 679 1813 710 cultu
1834 688 2088 719 perseveremus.

1122 720 1297 751 Praeterea
1310 720 1402 752 Deus
1426 721 1470 751 ita
1483 721 1683 752 demonstrat
1707 732 1739 752 se
1763 722 1789 753 si
1812 721 1888 761 quid
1901 721 2089 752 simulatum

1121 763 1155 793 in
1185 763 1277 793 nobis
1309 763 1406 794 fuerit
1435 774 1546 794 severe
1576 764 1827 803 castigaturum,
1856 768 1888 794 et
1920 763 1945 794 si
1977 769 2090 793 contra

1122 815 1241 845 magno
1265 805 1371 836 studio
1395 805 1427 835 in
1452 806 1553 845 ipsius
1579 806 1668 837 cultu
1694 807 1933 845 perrexerimus
1964 805 2089 837 felicem

1122 848 1245 878 exitum
1282 847 1374 878 nobis
1404 858 1647 885 concessurum,
1686 849 1928 888 quibuscunque
1960 847 2090 878 tandem

1122 889 1251 920 iniuriis
1283 890 1390 921 affecti
1419 892 1533 928 simus,
1569 896 1599 921 et
1639 901 1802 930 nunquam
1844 900 2017 930 passurum
2057 897 2091 920 ut

1122 932 1303 971 impunitus
1337 933 1377 963 sit
1418 938 1531 963 noster
1565 939 1785 972 contemptus,
1828 931 2088 972 quandoquidem

1123 985 1239 1005 causae
1262 980 1393 1005 nostrae
1423 975 1640 1006 defensionem
1674 976 1823 1015 suscepit.
1870 974 2090 1013 Quamobrem

1122 1018 1148 1048 si
1173 1017 1341 1047 hominum
1373 1017 1454 1048 odiis
1484 1019 1625 1048 exerceri
1656 1028 1764 1048 servos
1795 1028 1869 1048 suos
1898 1017 1988 1048 Deus
2018 1027 2091 1056 per-

1122 1060 1231 1094 mittit,
1256 1060 1290 1090 in
1314 1070 1422 1090 amore
1446 1060 1509 1090 Dei
1532 1060 1649 1091 debent
1674 1060 1914 1099 conquiescere:
1947 1059 2090 1099 quando—

1122 1102 1251 1141 quidem
1276 1102 1363 1133 solus
1386 1102 1440 1132 ille
1464 1106 1568 1141 potest
1592 1103 1676 1142 ipsos
1700 1102 1857 1133 adversus
1881 1111 2091 1141 quaecunque

1122 1145 1266 1184 pericula
1295 1144 1412 1182 tutari,
1447 1150 1479 1175 et
1508 1155 1549 1175 ex
1580 1144 1692 1175 iisdem
1728 1155 1850 1175 eruere.
1898 1145 2004 1183 Atque
2037 1144 2092 1174 ille

1123 1187 1213 1218 nobis
1239 1187 1366 1226 quidem
1391 1187 1564 1226 aliquando
1584 1187 1817 1218 relaxationem
1847 1197 1865 1216 a
1894 1187 1989 1217 malis
2018 1196 2092 1218 con-

1123 1230 1217 1266 cedit,
1242 1230 1286 1261 sic
1303 1234 1338 1260 ut
1351 1230 1435 1260 servi
1460 1230 1509 1260 sui
1534 1230 1599 1260 sint
1623 1229 1707 1269 apud
1721 1229 1868 1259 homines
1892 1229 1926 1259 in
1951 1229 2090 1259 honore:

1123 1273 1178 1304 sed
1210 1283 1274 1302 non
1306 1277 1354 1302 est
1377 1272 1432 1302 illa
1455 1271 1595 1303 conditio
1627 1272 1789 1307 diuturna,
1821 1281 1860 1302 ne
1890 1272 2090 1302 occasionem

1124 1315 1163 1346 ab
1193 1315 1248 1345 illo
1279 1314 1449 1346 recedendi
1481 1324 1690 1354 quaeramus,
1722 1313 1982 1354 quandoquidem
2013 1314 2092 1344 adeo

1124 1358 1344 1389 inconstantes
1372 1368 1499 1393 sumus,
1534 1360 1571 1387 ut
1602 1357 1651 1387 vel
1691 1357 1825 1387 minima
1855 1356 2022 1387 occasione
2054 1355 2094 1386 ab

1123 1400 1228 1431 officio
1252 1399 1481 1430 deterreamur.
1507 1399 1570 1438 Qui
1595 1410 1671 1439 ergo
1696 1400 1794 1430 vitam
1817 1408 1906 1429 suam
1933 1409 1971 1428 cx
1986 1399 2094 1428 animo

1124 1443 1194 1473 Deo
1217 1449 1393 1479 consecrat,
1417 1446 1449 1472 et
1472 1442 1506 1472 in
1530 1443 1697 1472 vocatione
1721 1446 1786 1471 tam
1817 1440 1966 1471 secundis
1997 1450 2093 1480 quam

1124 1485 1269 1516 adversis
1302 1485 1397 1516 rebus
1433 1485 1548 1524 pergit,
1581 1485 1623 1520 is,
1656 1484 1802 1523 inquam,
1840 1487 1964 1514 certum
1995 1482 2094 1513 habet

1125 1527 1347 1559 testimonium
1386 1537 1418 1558 se
1449 1527 1519 1557 Deo
1558 1537 1636 1566 puro
1677 1526 1844 1557 inservire.
1895 1525 1939 1555 Et
1974 1525 2093 1555 idcirco

1124 1571 1185 1601 Dei
1210 1570 1293 1601 filios
1313 1570 1410 1600 variis
1430 1569 1574 1599 exerceri
1597 1568 1833 1599 calamitatibus
1857 1572 1888 1598 et
1908 1567 2094 1598 tentationi-

1125 1613 1181 1645 bus
1207 1618 1341 1652 oportet,
1366 1618 1401 1642 ut
1423 1612 1488 1642 illis
1501 1612 1685 1642 excitentur
1705 1611 1742 1641 ad
1758 1621 1868 1650 proces
1880 1609 2091 1640 ardentiores.

1124 1656 1234 1695 Quare
1264 1655 1440 1692 discamus,
1472 1659 1507 1685 ut
1538 1654 1621 1691 dixi,
1656 1653 1725 1683 Deo
1762 1663 1820 1683 nos
1857 1651 1958 1683 variis
1990 1651 2094 1682 modis

1124 1698 1325 1738 explorante,
1350 1701 1383 1727 et
1406 1697 1615 1737 permittente
1638 1706 1695 1726 nos
1720 1696 1758 1726 ab
1774 1694 1958 1725 hominibus
1982 1694 2092 1730 affligi,

1123 1751 1260 1781 quorum
1285 1744 1395 1771 tamen
1420 1739 1596 1770 commodis
1627 1738 1858 1775 studuerimus,
1890 1747 1954 1767 non
1984 1743 2093 1767 tamen

1124 1783 1163 1814 ab
1187 1783 1292 1814 officio
1317 1781 1489 1818 discedere,
1521 1780 1578 1811 sed
1603 1781 1672 1811 Deo
1696 1791 1752 1811 nos
1784 1785 1815 1810 et
1850 1789 1918 1810 rem
1948 1783 2093 1809 nostram

1124 1826 1325 1858 committere
1350 1828 1381 1854 et
1404 1824 1508 1863 ipsum
1533 1824 1667 1863 precari,
1692 1829 1728 1853 ut
1754 1833 1810 1852 nos
1832 1832 1891 1861 pro
1915 1832 1974 1852 sua
2005 1821 2093 1851 boni-

1125 1873 1189 1899 tate
1203 1868 1248 1899 sic
1261 1867 1385 1905 toleret,
1412 1873 1446 1897 ut
1459 1866 1626 1906 quibusvis
1642 1862 1883 1905 impedimentis
1899 1869 1931 1894 et
1955 1863 2092 1894 difficul-

1124 1910 1245 1941 tatibus
1278 1909 1458 1940 resistendo
1500 1918 1593 1948 pares
1630 1908 1751 1943 simus,
1793 1907 1907 1946 quibus
1948 1905 2092 1945 alioquin

1124 1953 1229 1984 territi
1261 1963 1279 1983 a
1302 1952 1372 1982 Deo
1404 1950 1635 1982 recederemus.
1682 1950 1771 1980 Haec
1802 1949 1903 1988 igitur
1933 1948 2094 1979 discamus

1124 2007 1164 2026 cx
1188 1995 1381 2031 Ionathano,
1406 1994 1466 2025 nisi
1490 1994 1641 2023 malimus
1666 1992 1759 2022 illum
1783 1992 1897 2022 ultimo
1929 1990 1979 2021 die
2010 1990 2094 2020 iudi-

1123 2049 1193 2069 cem
1217 2038 1367 2077 experiri.

1212 2080 1367 2119 Sequitur
1403 2078 1532 2109 tandem
1571 2076 1731 2108 Davidem
1763 2076 1920 2113 exivisse,
1955 2080 1986 2106 et
2022 2086 2094 2106 cum

1124 2123 1307 2153 Ionathano
1351 2121 1559 2152 vehementer
1600 2119 1744 2155 flevisse,
1786 2117 1944 2149 Davidem
1987 2122 2094 2148 autem

1125 2166 1280 2205 amplius:
1311 2169 1343 2195 et
1366 2165 1399 2194 in
1423 2173 1498 2203 pace
1523 2162 1690 2193 dimissum
1716 2172 1733 2191 a
1757 2159 1946 2191 Ionathano.
1992 2160 2094 2190 Porro

1125 2206 1397 2247 quemadmodum
1421 2206 1543 2236 invicta
1566 2205 1627 2235 fuit
1651 2203 1825 2234 Ionathani
1849 2202 2038 2238 constantia,
2063 2207 2095 2232 et

1125 2251 1201 2281 data
1226 2249 1345 2281 Davidi
1370 2248 1458 2286 fides,
1481 2248 1520 2278 iis
1544 2247 1625 2277 fulta
1645 2245 1867 2277 fundamentis
1890 2255 1971 2284 quae
2003 2245 2095 2274 initio

1125 2292 1317 2329 audivimus,
1343 2301 1451 2321 amore
1474 2290 1626 2320 nimirum
1652 2288 1782 2319 virtutis
1807 2293 1839 2318 et
1866 2286 2094 2318 excellentium

1125 2335 1280 2366 donorum
1313 2334 1429 2373 quibus
1460 2335 1530 2363 erat
1554 2331 1663 2363 David
1692 2336 1840 2361 ornatus:
1874 2330 1919 2360 ita
1950 2329 2093 2360 vicissim

1128 2377 1288 2408 Davidem
1312 2386 1432 2415 magna
1444 2375 1623 2405 tentatione
1647 2373 1745 2404 fuisse
1768 2372 1946 2403 exercitum
1960 2372 2095 2402 minime

1127 2420 1258 2451 dubium
1283 2424 1347 2449 est:
1372 2428 1470 2457 quum
1494 2427 1528 2447 se
1552 2416 1665 2446 nullibi
1680 2420 1786 2446 tutum
1810 2414 1985 2446 israelitica
2007 2418 2095 2444 terra

1127 2462 1274 2494 exsulare
1299 2461 1367 2500 cogi
1392 2459 1501 2491 Saulis
1524 2458 1722 2489 truculentia
1734 2457 1866 2488 videret.
1901 2456 1986 2487 Nam
2007 2456 2096 2487 nulla

1127 2509 1202 2536 tunc
1226 2503 1380 2543 temporis
1404 2501 1466 2533 alia
1490 2506 1559 2531 erat
1589 2501 1622 2530 in
1654 2506 1719 2530 toto
1743 2500 1864 2531 mundo
1888 2504 1974 2529 terra
1997 2509 2094 2539 quam

1126 2548 1160 2578 in
1172 2545 1304 2582 Israele,
1330 2546 1362 2575 in
1388 2554 1448 2584 qua
1466 2543 1526 2574 Dei
1550 2543 1656 2574 cultus
1669 2553 1769 2582 purus
1793 2548 1825 2573 et
1843 2542 1970 2581 integer
1994 2546 2094 2573 esset:

1127 2600 1191 2620 non
1216 2592 1342 2629 poterat
1365 2587 1473 2625 itaque
1504 2585 1580 2616 alibi
1604 2595 1699 2624 quam
1730 2584 1815 2624 apud
1839 2584 2027 2615 idololatras
2065 2590 2097 2615 et

1128 2630 1375 2671 capitalissimos
1398 2629 1508 2659 hostes
1531 2628 1682 2659 ecclesiae
1713 2627 1916 2658 commorari.
1953 2626 2094 2665 Quinam
