2551 3044
178 191 237 222 145

830 190 876 221 IN
902 191 924 221 1.
949 191 1034 222 LIB.
1060 189 1255 221 SAMUEL.
1279 189 1375 220 (JAP.
1401 189 1473 219 XV.

2072 193 2131 223 146

175 294 292 316 saevus
320 289 352 315 et
382 284 518 316 crudelis
541 285 663 322 fuisset,
693 284 777 324 quod
799 285 989 324 sanguinem
1013 283 1126 314 huma·
1150 286 1152 319 Ι
1178 281 1320 318 missum,
1350 282 1408 312 etsi
1440 284 1593 322 propheta
1622 290 1704 315 erat:
1737 285 1905 325 Deumque
1935 285 2072 316 voluisse
2097 292 2132 316 ut

175 337 254 358 num
274 326 414 363 fudisset,
435 327 518 367 quod
538 327 654 358 multas
674 337 788 358 uxores
801 326 914 357 viduas
926 326 1124 357 reddidisset.

177 370 222 401 Et
240 374 346 400 tamen
366 370 473 401 divina
493 370 571 400 ultio
590 371 621 400 in
646 370 713 410 ipso
733 376 862 409 peccata
884 369 1010 399 illorum
1031 368 1125 399 ulcis-

177 413 260 443 citur
290 412 345 451 qui
374 413 436 443 iam
468 418 540 442 ante
571 418 728 444 trecentos
757 422 858 442 annos
884 417 1019 442 mortem
1041 410 1123 441 obie-

177 459 259 486 rant.
305 454 399 490 Sano,
431 460 462 484 et
484 454 558 485 inde
581 462 713 494 apparet
735 454 841 485 Deum
866 461 976 484 vetera
998 458 1126 493 peccata

177 498 355 537 exquirere,
386 507 467 535 quae
497 497 554 527 sibi
585 497 642 527 soli
674 497 799 537 cognito
830 503 973 536 tempore
1002 496 1124 535 puniat.

178 540 263 570 Hinc
292 539 451 569 discamus
483 539 543 569 Dei
573 540 732 570 infinitam
763 540 951 578 sapientiam
985 538 1126 576 adorare,

177 588 209 612 et
231 581 394 613 consilium
419 582 519 620 ipsius
542 589 704 612 aeternum
736 582 885 618 revereri,
916 586 948 612 et
976 582 1009 611 in
1039 581 1125 611 omni

176 624 358 654 humilitate
384 623 534 664 quidquid
565 634 655 655 sacra
683 624 773 655 docet
796 624 954 664 scriptura
976 624 1124 664 recipere.

176 667 218 697 Et
239 665 392 706 quidquid
414 666 554 696 humana
573 667 652 697 ratio
672 666 777 704 dictet,
797 676 831 697 os
850 670 956 697 tamen
968 665 1125 702 claudere,

175 715 208 739 01
241 710 273 738 10
307 719 424 739 arcana
451 708 510 739 Dei
546 709 660 740 iudicia
695 719 755 739 non
790 708 925 740 ulterius
953 708 1123 748 inquirere.

176 750 261 789 Quid
285 752 379 787 enim,
414 762 538 790 quaeso,
561 751 715 791 profuerit
737 751 890 783 adversus
911 751 1016 791 ipsum
1039 750 1124 781 oblo-

175 793 251 834 qui?
298 793 406 832 Quare
438 804 646 833 quaecunque
677 794 806 824 tandem
830 798 979 830 exerceat
999 793 1125 831 iudicia,

173 847 254 876 quae
277 837 369 867 nobis
397 836 569 866 insolentia
598 835 801 874 videbuntur,
831 847 872 867 ne
901 842 1007 867 tamen
1034 836 1124 876 quid-

176 889 272 918 quam
303 879 456 909 adversus
483 879 588 918 ipsum
612 878 839 918 obloquamur:
870 878 1125 919 quandoquidem

173 931 232 952 sua
260 931 386 960 semper
416 921 463 951 illi
493 921 683 951 iudiciorum
713 925 839 952 constat
864 922 955 952 ratio.
998 921 1126 952 Interea

173 970 316 994 nostram
348 964 571 1003 arrogantiam>
596 969 628 993 et
651 965 865 995 temeritatem
888 964 923 994 in
946 964 1126 995 scrutandis

175 1006 276 1046 ipsius
300 1006 424 1037 iudiciis
448 1005 638 1042 observabit,
660 1016 755 1045 quam
779 1017 836 1037 suo
860 1007 956 1037 etiam
983 1011 1126 1047 tempore

176 1049 357 1080 ulciscetur.
402 1048 618 1087 Quamobrem
647 1049 705 1078 etsi
736 1049 896 1080 humanae
923 1049 1037 1080 rationi
1061 1059 1125 1080 non

175 1096 327 1131 appareat
356 1091 499 1121 omnium
530 1090 592 1121 Dei
623 1090 808 1121 iudiciorum
838 1091 935 1129 ratio,
972 1097 1126 1132 tanquam

175 1135 351 1165 iustissima
373 1138 480 1164 tamen
503 1133 722 1172 suspiciamus.

260 1177 304 1207 Et
333 1177 505 1215 hactenus3
541 1186 622 1215 quae
653 1185 727 1206 vero
757 1182 937 1215 sequuntur
966 1176 1126 1216 quandam

176 1218 396 1250 difficultatem
425 1218 457 1248 in
489 1228 522 1249 sc
552 1218 728 1256 continent,
757 1218 840 1258 quod
865 1219 979 1250 dicitnr
1003 1219 1127 1250 Samuel

175 1262 209 1292 in
236 1262 340 1300 frusta
361 1261 527 1292 concidisse
549 1262 692 1301 Ayayum
714 1271 814 1291 coram
836 1261 970 1293 Domino
991 1262 1025 1292 in
1049 1262 1124 1293 Gal-

173 1304 264 1344 yalis.
310 1303 361 1334 An
387 1303 471 1333 enim
494 1304 630 1343 ipsemet
650 1303 812 1334 hominem
836 1304 1017 1335 interfecit?
1058 1305 1124 1335 Ita·

174 1356 235 1386 que
264 1346 315 1376 hic
343 1347 482 1384 primum
511 1346 745 1377 observandum
774 1352 830 1383 est,
862 1347 900 1377 iis
930 1347 1124 1387 temporibus

174 1399 238 1419 non
266 1399 336 1419 eam
366 1398 447 1428 quae
471 1399 556 1419 nunc
579 1388 701 1419 obtinet
724 1389 819 1419 fuisse
842 1389 1122 1421 consuetudinem:

174 1436 206 1462 et
234 1431 373 1462 iustitiae
401 1431 583 1461 ministrum
607 1441 674 1462 esse
698 1441 760 1461 non
784 1431 881 1462 fuisse
902 1431 1122 1463 inhonestum:

173 1474 331 1513 corruptis
359 1484 435 1504 vero
465 1473 579 1504 deinde
608 1473 743 1504 saeculis
773 1474 900 1511 factum,
929 1480 965 1505 ut
988 1474 1123 1506 (101301-

172 1518 294 1547 norosis
317 1527 382 1547 non
405 1520 551 1547 sumatur
572 1516 773 1556 supplicium,
804 1516 863 1547 nisi
886 1527 941 1556 per
964 1518 1123 1556 publicum

174 1558 326 1594 lictorem,
357 1558 396 1589 ad
420 1558 503 1590 hanc
526 1568 594 1588 rem
617 1558 811 1589 ordinatum.
854 1559 980 1590 Deinde
1002 1568 1122 1591 certum

173 1601 252 1632 illud
275 1611 353 1639 esse,
383 1600 565 1632 Samuelem
590 1610 608 1630 a
632 1600 700 1631 Deo
724 1601 813 1641 regia
835 1608 991 1641 potestate
1014 1610 1045 1633 et
1068 1614 1122 1633 311-

173 1644 304 1674 toritate
326 1648 494 1679 armatum,
518 1643 648 1673 iubente
662 1643 809 1683 Aaagum
833 1644 978 1676 interfici.
1012 1646 1123 1685 Neque

173 1686 260 1717 enim
290 1686 449 1717 Samuelis
480 1686 618 1716 officium
649 1694 717 1716 erat
747 1686 894 1726 Agagum
925 1688 1123 1719 interimere:

173 1729 227 1760 sed
252 1736 358 1759 tamen
382 1736 525 1760 cessante
550 1728 648 1759 Saule
672 1736 701 1758 et
727 1729 869 1759 officium
894 1741 954 1759 non
979 1731 1124 1770 faciente,

173 1771 304 1803 Samuel
329 1781 394 1801 rem
419 1771 557 1810 perfecit.
590 1771 685 1809 Quod
710 1781 784 1801 vero
808 1770 885 1802 Saul
910 1773 978 1803 sine
998 1780 1122 1804 contra-

173 1813 311 1845 dictione
334 1813 364 1844 id
389 1814 543 1853 permittit
564 1814 641 1846 fieri,
671 1815 702 1843 111
727 1824 762 1843 eo
787 1814 933 1845 videmus
955 1815 1044 1846 illum
1069 1827 1121 1846 ve-

172 1857 232 1887 luti
262 1856 373 1887 fraeno
405 1856 542 1896 quodam
575 1855 731 1886 cohiberi:
761 1857 814 1887 sed
840 1863 947 1887 tamen
971 1865 1122 1898 tanquam

171 1898 358 1930 simulatum
390 1899 563 1935 hominem,
601 1899 691 1929 cuius
721 1909 775 1929 cor
805 1910 869 1929 non
899 1906 965 1930 erat
993 1911 1123 1940 prorsus

172 1941 312 1972 alienum
338 1953 356 1972 a
379 1941 568 1972 rebellione:
599 1942 653 1971 sed
677 1942 730 1980 qui
755 1952 837 1972 nunc
860 1942 1058 1982 prophetam,
1088 1948 1123 1974 ut

172 1994 275 2024 nuper
297 1984 461 2024 populum,
485 1990 621 2014 metuat:
646 1989 677 2014 et
700 1983 813 2015 dubius
836 1994 873 2015 ac
890 1985 1031 2016 incertus
1049 1997 1119 2017 con-

172 2027 234 2057 silii
265 2026 357 2058 modo
387 2027 421 2057 in
452 2027 534 2057 hanc
561 2026 653 2057 modo
676 2027 707 2056 in
732 2026 819 2057 illam
843 2033 964 2066 partem
989 2039 1121 2068 propen-

173 2069 254 2100 deat.
300 2068 517 2108 Quamobrem
549 2079 611 2099 non
636 2074 684 2099 est
707 2068 914 2101 adscribenda
938 2069 1028 2102 Sauli
1051 2072 1121 2102 laus

171 2111 280 2152 aliqua
308 2112 453 2142 virtutis:
485 2111 538 2142 sed
568 2111 734 2142 sciendum
764 2122 782 2141 a
804 2111 874 2143 Deo
903 2113 999 2144 fuisse
1022 2114 1121 2145 veluti

173 2154 311 2185 belluam
340 2154 501 2194 quandam
529 2154 717 2185 fraenatum.
763 2153 868 2185 Deum
897 2157 1003 2196 itaque
1032 2156 1120 2188 vide-

172 2207 244 2228 mus
259 2195 401 2228 Samueli
424 2207 543 2227 novum
567 2196 668 2227 veluti
692 2195 790 2227 robur
813 2197 852 2227 ad
876 2197 934 2229 hoc
955 2209 1034 2238 opus
1056 2200 1120 2230 suf-

172 2239 295 2276 fecisse,
319 2238 403 2279 quod
426 2239 568 2279 alioquin
592 2250 610 2270 a
632 2249 666 2270 se
689 2250 753 2269 non
775 2239 917 2271 haberet.
961 2241 1054 2280 Nam,
1087 2249 1121 2273 ut

172 2281 321 2319 vidimus,
352 2281 392 2312 ad
421 2292 579 2312 summam
603 2287 800 2313 senectutem
822 2292 1016 2322 pervenerat,
1040 2295 1120 2324 quae

172 2323 288 2363 frigida
311 2324 497 2364 plerumque
520 2329 553 2355 et
575 2324 706 2355 infirma
728 2330 784 2355 est.
818 2326 913 2365 Agag
934 2333 1040 2358 autem
1063 2328 1119 2358 flo-

172 2372 264 2397 rente
293 2366 396 2397 adhuc
419 2372 522 2397 aetate
543 2366 671 2397 videtur
693 2366 806 2397 fuisse:
836 2375 867 2398 et
889 2368 962 2399 licet
983 2376 1118 2401 aetatem

172 2409 272 2448 ipsius
301 2409 495 2449 ignoremus,
525 2414 633 2440 tamen
666 2419 728 2439 non
753 2410 848 2440 fuisse
870 2411 1047 2444 confectum
1071 2423 1119 2443 se-

171 2457 299 2483 nectute
329 2451 501 2482 verisimile
531 2458 587 2481 est.
628 2451 729 2482 Porro
758 2462 820 2482 non
849 2458 974 2485 tantum
999 2465 1118 2492 caesus,

171 2493 226 2525 sed
246 2495 278 2525 in
297 2495 399 2525 frusta
422 2493 599 2533 discerptus
617 2504 635 2524 3
649 2493 797 2525 Samuele
820 2495 943 2537 dicitur⁷
966 2504 1118 2538 tanquam

171 2537 197 2567 si
228 2536 451 2567 mollissimum
475 2535 549 2575 quid
572 2536 770 2568 concidisset.
812 2537 881 2569 Nae
903 2540 1033 2571 omnino
1056 2547 1118 2572 sta-

171 2579 324 2610 tuendum
346 2578 406 2609 Dei
429 2588 559 2609 manum
581 2584 704 2610 tantam
727 2579 794 2610 vim
817 2580 960 2613 Samueli
983 2582 1117 2615 dedisse.

170 2621 264 2654 Unde
287 2621 490 2653 manifestum
513 2625 562 2652 est
580 2621 725 2653 Samueli
747 2632 864 2654 munus
886 2625 1011 2665 regium
1034 2636 1118 2657 com-

284 2672 393 2700 Calvini
407 2679 501 2705 opera.
520 2671 578 2699 Vol.
591 2672 686 2700 XXX.

1150 322 1151 335 ¹
1177 324 1259 364 quod
1274 324 1351 354 Saul
1366 324 1505 355 officium
1519 327 1714 366 neglexerat,
1738 328 1805 367 ipse
1818 327 1948 359 Samuel
1973 328 2131 368 impleret.

1261 366 1403 397 Tandem
1427 366 1541 398 dicitur
1566 368 1690 400 Samuel
1712 369 1825 401 abiisse
1847 371 1880 401 in
1903 370 2074 408 Ramatha,
2107 373 2133 401 et

1175 419 1234 440 non
1270 409 1385 440 vidisse
1424 410 1505 440 ultra
1544 411 1667 442 Saulem
1710 423 1804 452 usque
1844 413 1885 444 ad
1920 413 1999 444 diem
2027 414 2132 444 montis

1175 461 1258 489 suae,
1288 453 1491 482 verumtamen
1518 453 1634 484 haris-se
1662 454 1759 493 illum,
1790 456 1934 494 quoniam
1963 455 2132 487 Dominum

1171 494 1379 533 poenituisset,
1408 494 1487 533 quod
1508 497 1708 528 cmzstitzcisset
1735 507 1835 537 reyem
1860 497 1938 529 Saul
1963 508 2055 537 super
2081 497 2131 528 Is-

1175 536 1249 567 ναϋῐ.
1303 536 1484 567 Samuelem
1518 539 1687 569 verisimile
1722 547 1769 570 est
1803 541 1989 571 comitatum
2025 539 2131 572 Saulis

1177 578 1362 615 deseruisse,
1395 589 1433 608 ne
1464 579 1625 611 videretur
1656 583 1746 613 vanis
1770 582 1858 613 illum
1882 583 2132 614 comminationi-

1178 621 1236 652 bus
1260 627 1378 652 terrere
1402 621 1555 652 voluisse:
1590 623 1642 653 sed
1679 626 1784 663 potius
1812 632 1846 655 ut
1869 625 2029 656 decretum
2054 626 2131 656 irre-

1177 663 1318 694 vocabile
1352 673 1421 694 esse
1455 664 1695 697 demonstraret.
1742 667 1790 697 Ita
1821 667 1971 699 recedens
1993 678 2011 698 a
2035 667 2132 699 Saule

1175 705 1329 746 propheta
1352 706 1456 746 palam
1481 712 1629 738 testatum
1660 710 1731 739 fecit
1761 721 1793 740 se
1827 716 1979 749 tanquam
2003 709 2064 741 Dei
2087 710 2132 741 le·

1176 753 1287 789 gatum
1310 749 1416 788 ipsum
1440 751 1630 789 coarguisse,
1651 758 1680 781 et
1706 759 1739 781 ut
1763 752 1897 783 habebat
1920 753 1952 783 in
1972 752 2132 784 mandatis

1176 801 1195 822 3
1224 791 1363 822 Domino
1394 801 1511 831 poenas
1540 792 1698 824 minatum
1729 805 1806 825 esse.
1852 795 1921 825 Tali
1951 797 2133 826 constantia

1177 833 1337 873 praeditos
1370 844 1439 865 esse
1472 840 1597 874 oportet
1630 836 1689 867 Dei
1723 847 1847 877 servos,
1884 838 1997 877 quibus
2032 838 2131 869 divini

1177 876 1265 907 verbi
1288 877 1457 907 commissa
1479 883 1526 908 cst
1549 878 1757 917 praedicatio:
1781 890 1820 910 ne
1839 889 2019 919 peccatores
2034 881 2132 911 veluti

1177 929 1234 958 per
1262 924 1469 950 transennam
1499 919 1538 950 de
1567 922 1704 960 peccatis
1735 930 1888 961 arguant,
1923 929 1953 953 et
1985 923 2133 963 deinceps

1177 962 1254 1001 ipsis
1293 961 1479 992 adulentur:
1520 963 1786 1002 quemadmodum
1827 965 1992 1005 plerosque
2027 965 2134 996 videas

1178 1004 1305 1045 egregie
1326 1004 1515 1035 simulantes
1538 1006 1625 1036 viros
1647 1007 1761 1045 probos
1785 1013 1815 1037 et
1838 1007 1935 1038 fortes
1948 1009 1979 1038 in
1993 1007 2133 1039 docendo

1178 1052 1210 1078 et
1232 1046 1406 1087 arguendO,
1437 1047 1492 1086 qui
1526 1054 1707 1087 peccantem
1742 1049 1869 1089 quidem
1901 1050 2133 1082 admonebunt:

1177 1090 1242 1126 sed,
1271 1089 1299 1120 si
1321 1096 1578 1130 perseverantem
1602 1091 1633 1121 in
1656 1093 1790 1131 peccatis
1815 1093 1960 1129 viderint,
1985 1092 2133 1124 dissimu-

1178 1132 1245 1163 lent
1277 1136 1309 1162 et-
1332 1131 1512 1163 adulentur.
1558 1134 1654 1172 Atqui
1685 1134 1743 1166 hoc
1772 1142 1819 1165 est
1842 1136 1875 1165 in
1899 1135 2004 1166 Deum
2028 1137 2131 1176 ipsum

1178 1185 1317 1215 peccare,
1340 1180 1372 1205 et
1394 1175 1493 1214 ipsius
1516 1176 1716 1207 maiestatem
1739 1177 1879 1208 irridere.
1915 1177 2002 1209 Sane
2025 1189 2133 1217 pecca·

1178 1224 1262 1248 tores
1286 1217 1323 1248 de
1346 1218 1484 1257 peccatis
1507 1218 1671 1249 admoneri
1693 1230 1750 1259 par
1773 1227 1829 1259 est,
1853 1227 1883 1250 et
1907 1221 1931 1250 si
1945 1228 2133 1251 convertan-

1178 1265 1230 1291 tur
1252 1261 1395 1300 ipsorum
1420 1265 1549 1299 peccata
1572 1267 1725 1301 perpetua
1747 1269 1821 1293 sunt
1844 1262 2002 1293 oblivione
2025 1263 2134 1294 oblite-

1177 1302 1287 1341 randa,
1320 1303 1417 1333 immo
1450 1308 1482 1333 et
1514 1304 1591 1343 ipsis
1624 1304 1722 1335 animi
1757 1304 1891 1335 addendi
1924 1316 2058 1345 spesque
2088 1307 2132 1336 fa-

1176 1346 1289 1377 cienda
1308 1356 1471 1385 nunquam
1491 1345 1546 1376 illa
1564 1346 1642 1386 ipsis
1654 1347 1881 1387 exprobranda.
1906 1347 1971 1379 Sed
1983 1349 2008 1378 si
2022 1356 2133 1380 contra

1177 1388 1265 1419 Deus
1276 1388 1360 1418 iusto
1372 1388 1487 1419 iudicio
1499 1389 1699 1428 persequitur
1713 1396 1900 1428 peccatores,
1913 1392 1963 1430 qui
1979 1391 2133 1422 admoniti

1176 1431 1302 1470 quidem
1321 1431 1573 1471 resipiscentiam
1585 1432 1742 1469 simulent,
1762 1432 1817 1463 sed
1830 1433 1868 1463 ad
1882 1433 2047 1473 ingenium
2061 1433 2132 1464 sub-

1174 1473 1250 1504 inde
1272 1479 1484 1510 revertantur,
1508 1474 1593 1504 hunc
1605 1474 1666 1505 Dei
1689 1482 1903 1514 contemptum
1926 1476 2130 1507 manifestum

1175 1516 1274 1556 ipsius
1297 1526 1370 1547 suos
1393 1527 1502 1547 servos
1525 1516 1627 1547 odisse
1651 1523 1682 1547 et
1704 1518 1850 1557 persequi
1863 1525 1998 1557 oportet.
2023 1518 2131 1557 Quare

1175 1559 1336 1589 Samuelis
1379 1558 1438 1589 hac
1478 1560 1510 1589 in
1551 1565 1640 1599 parte
1684 1559 1876 1590 laudandam
1916 1562 2131 1592 constantiam

1175 1602 1322 1638 sciamus,
1355 1602 1439 1641 quod
1471 1612 1532 1632 non
1557 1602 1653 1632 semel
1676 1608 1731 1632 aut
1753 1603 1866 1633 iterum
1891 1608 2016 1634 tantum
2041 1603 2130 1635 Sauli

1176 1644 1345 1674 declararit
1379 1655 1447 1675 esse
1481 1645 1583 1683 ipsum
1619 1655 1635 1675 a
1664 1645 1732 1675 Deo
1765 1645 1930 1676 reiectum:
1962 1646 2015 1676 sed
2048 1646 2130 1685 quod

1174 1697 1246 1717 eum
1270 1686 1447 1717 deseruerit
1469 1693 1501 1717 et
1522 1696 1671 1727 tanquam
1696 1686 1877 1726 deploratae
1897 1688 2009 1719 salutis
2033 1689 2132 1719 homi-

1175 1740 1246 1759 nem
1267 1730 1441 1768 reliquerit.
1471 1728 1563 1767 Quod
1588 1736 1692 1760 autem
1717 1729 1864 1760 adiicitur
1884 1730 2002 1761 luxisse
2023 1731 2130 1770 ipsum

1176 1771 1320 1807 Saulem,
1357 1771 1439 1811 quod
1469 1772 1556 1812 regia
1585 1772 1738 1812 dignitate
1767 1772 1917 1812 depulsus
1947 1784 1964 1804 a
1996 1774 2130 1804 Domino

1173 1814 1294 1849 fuisset,
1318 1814 1457 1845 declarat
1471 1814 1652 1845 Samuelem
1676 1815 1714 1845 ab
1738 1816 1823 1845 omni
1847 1815 2018 1846 ambitione
2036 1817 2130 1847 fuisse

1174 1857 1422 1887 alienissimum:
1456 1857 1594 1888 vidimus
1625 1858 1709 1888 enim
1741 1856 1870 1888 Saulem
1905 1858 1937 1888 in
1969 1857 2129 1890 Samuelis

1174 1900 1278 1930 locum
1302 1900 1520 1930 substitutum.
1555 1900 1652 1939 Atqui
1676 1906 1711 1930 ut
1734 1904 1808 1930 sunt
1831 1900 1975 1931 homines
1999 1901 2128 1932 honoris

1173 1942 1290 1981 cupidi,
1322 1942 1348 1972 si
1372 1943 1441 1982 quis
1465 1942 1600 1982 aliquem
1624 1943 1656 1972 in
1680 1942 1781 1972 locum
1805 1953 1896 1973 suum
1921 1942 2129 1974 substitutum

1174 1984 1305 2022 viderit,
1346 1985 1414 2015 fieri
1449 1995 1512 2015 non
1546 1990 1652 2024 potest
1685 1985 1760 2024 quin
1796 1984 1931 2024 quodam
1966 1987 2129 2017 stomacho

1174 2033 1349 2058 moveatur.
1396 2026 1460 2058 Sed
1488 2027 1570 2067 quod
1603 2026 1731 2058 Samuel
1757 2026 1886 2058 Saulem
1917 2027 2020 2067 luget,
2050 2029 2129 2060 satis

1173 2069 1314 2100 declarat
1342 2070 1445 2109 ipsum
1478 2080 1579 2109 neque
1609 2069 1736 2100 honoris
1765 2075 1819 2100 aut
1841 2069 2006 2110 diguitatis
2040 2071 2128 2111 cupi-

1173 2112 1259 2150 dum,
1287 2123 1389 2152 neque
1419 2112 1587 2152 primariae
1617 2113 1649 2142 in
1672 2112 1808 2151 reliquos
1833 2113 2011 2144 autoritatis
2034 2123 2128 2153 appe-

1172 2160 1303 2191 tentem,
1330 2162 1384 2186 aut
1409 2154 1510 2186 laudis
1534 2154 1673 2185 avidum.
1720 2154 1839 2194 Sponte
1863 2156 1945 2185 enim
1971 2157 2073 2191 cessit,
2097 2164 2128 2186 et

1173 2197 1309 2228 libenter
1332 2197 1370 2228 de
1394 2198 1591 2228 dominatore
1615 2198 1714 2227 factus
1735 2204 1781 2227 est
1805 2197 1973 2228 subiectus.
2005 2197 2128 2230 Idcirco

1172 2240 1280 2280 itaque
1303 2240 1410 2271 Saulis
1440 2250 1546 2271 casum
1582 2250 1643 2269 non
1675 2240 1782 2279 lugere
1806 2250 1868 2270 non
1894 2245 2012 2279 potest,
2044 2240 2127 2280 quod

1173 2283 1324 2314 reiectum
1349 2289 1380 2313 et
1403 2282 1603 2322 reprobatum
1628 2282 1716 2312 illum
1746 2292 1763 2311 a
1789 2282 1925 2312 Domino
1948 2291 2126 2323 cognoscat.

1173 2324 1250 2357 Saul
1273 2333 1383 2356 contra
1406 2336 1468 2356 non
1493 2325 1608 2364 legitur
1641 2324 1723 2354 idem
1748 2325 1785 2354 de
1807 2324 1966 2355 Samuelis
1987 2325 2126 2357 discessu

1171 2379 1189 2399 a
1213 2379 1246 2398 se
1269 2368 1389 2403 fecisse,
1415 2378 1523 2398 verum
1548 2367 1651 2406 potius
1673 2366 1787 2397 callum
1812 2366 1989 2405 obduxisse,
2018 2374 2050 2398 et
2072 2369 2126 2400 ob-

1171 2410 1318 2441 duruisse
1341 2412 1441 2441 instar
1465 2410 1596 2446 belluae,
1620 2415 1651 2439 et
1672 2410 1704 2439 in
1729 2419 1798 2439 eam
1822 2409 1941 2440 rabiem
1955 2419 2126 2442 conversus

1171 2459 1208 2484 ut
1230 2452 1382 2483 adversus
1406 2453 1509 2492 ipsum
1534 2452 1636 2482 Deum
1662 2452 1878 2487 insurrexerit,
1912 2458 1943 2482 et
1966 2452 2024 2483 sibi
2056 2460 2125 2484 tan-

1171 2497 1241 2527 dem
1280 2506 1394 2526 manus
1426 2501 1457 2526 et
1490 2495 1638 2524 ultimum
1672 2494 1806 2524 exitium
1841 2494 1994 2526 attulerit.
2039 2495 2126 2528 Hinc

1171 2539 1378 2570 admonemur
1401 2536 1637 2568 exsultantibus
1660 2542 1692 2566 et
1715 2536 1989 2576 triumphantibus
2011 2538 2126 2578 impro-

1170 2582 1218 2613 bis
1240 2581 1431 2617 hominibus,
1462 2580 1553 2610 nobis
1582 2579 1688 2618 potius
1716 2578 1856 2610 flendum
1880 2584 1911 2610 et
1933 2580 2125 2620 gemendum

1171 2634 1234 2656 non
1257 2628 1382 2654 tantum
1416 2628 1541 2663 peccata
1564 2627 1674 2652 nostra
1697 2621 1951 2661 agnoscentibus,
1981 2622 2036 2654 sed
2066 2624 2125 2655 im-

1896 2673 1929 2700 10
