2551 3044
220 195 281 225 273

220 289 313 319 modo
342 289 452 320 fideles
474 290 578 321 Deum
604 290 745 325 timeant,
775 300 833 320 nec
858 294 964 319 tamen
989 289 1055 319 eius
1079 299 1171 328 prae-

220 332 356 363 sentiam
382 332 541 369 horreant,
565 338 621 363 aut
644 338 794 371 tanquam
820 336 960 371 agrestes
983 331 1067 362 ferae
1092 332 1172 361 refu-

221 375 321 414 giant,
344 374 398 405 sed
417 380 528 405 contra
548 386 616 405 sese
636 374 703 405 Deo
722 375 779 414 ipsi
801 375 945 410 offerant,
965 373 1171 413 eiusdemque

221 417 469 448 misericordiam
493 417 674 457 implorent,
698 427 761 447 nou
780 416 961 447 dubitantes
980 417 1056 455 quin
1075 417 1170 446 etiam

221 459 440 490 exaudiantur.
487 459 607 491 Contra
649 470 723 490 vero
763 458 842 491 Saul
883 458 1019 489 Davidis
1058 459 1169 489 faciem

223 502 355 538 horruit,
380 501 461 541 quod
486 502 518 532 in
542 513 579 532 ea
603 508 753 542 tanquam
776 503 808 532 in
827 501 953 541 speculo
972 501 1077 531 Deum
1097 511 1171 532 con-

222 543 445 584 templaretur:
469 555 530 583 qua
554 545 592 575 de
610 555 705 576 causa
724 543 883 575 Davidem
904 554 922 574 a
941 554 974 574 se
995 553 1057 583 qua
1077 544 1170 583 longe

223 586 326 626 potuit
348 586 518 626 ablegavit.
563 588 669 627 Atque
692 589 750 619 iste
770 592 818 617 est
836 586 1051 626 improborum
1072 585 1171 616 homi-

222 639 297 659 nnm
321 629 415 658 timor
438 628 476 659 de
501 630 585 660 Deo:
615 630 706 661 cuius
729 630 941 670 praesentiam
967 628 1106 663 horrent,
1139 634 1170 658 et

222 681 316 710 quam
353 671 459 710 procul
491 678 623 711 possunt
653 673 789 712 fugiunt,
826 676 1012 711 exoptantes
1044 671 1068 701 si
1100 671 1169 701 fieri

222 719 326 754 posset
350 718 385 743 ut
408 719 531 745 montes
555 715 703 745 caderent
724 716 756 745 in
780 724 836 745 sua
854 714 967 754 capita,
991 713 1103 753 quibus
1123 719 1168 743 te-

221 762 383 796 gerentur,
407 767 447 786 ne
470 756 531 787 Dei
555 767 682 788 manum
702 757 839 797 experiri
859 762 1058 797 cogerentur.
1103 756 1169 786 Me-

222 805 273 829 tus
296 805 401 829 autem
424 798 477 829 ille
501 800 602 830 oritur
626 800 730 839 potius
749 811 787 831 ex
807 799 926 830 malitia
944 804 976 829 et
996 798 1169 829 rebellione

221 851 315 880 quam
340 842 527 878 reverentia,
552 841 635 881 quod
658 842 792 881 improbi
816 842 884 873 Deo
908 841 1020 873 subiici
1045 841 1168 877 nolunt,

221 884 280 914 etsi
305 888 410 914 tamen
434 891 580 923 oportere
600 885 648 915 vel
669 885 786 916 invitos
815 889 1019 925 cognoscunt,
1043 889 1075 914 et
1095 884 1168 915 huic

219 926 390 966 cognitioni
421 936 478 965 pro
508 926 627 957 viribus
650 927 811 958 resistunt.
858 927 942 958 Hinc
964 927 1000 957 fit
1023 931 1057 957 ut
1081 927 1168 957 virus

219 979 313 998 suum
342 967 540 1008 despument,
570 974 602 999 et
629 980 697 1000 sese
727 970 811 1009 ipsos
840 969 969 1000 turbent
1000 976 1031 999 et
1054 979 1168 1000 excru-

218 1011 314 1047 cient,
347 1016 378 1041 et
407 1011 508 1041 instar
530 1012 685 1042 fluctuum
710 1022 779 1043 sese
801 1018 908 1044 coorta
929 1012 960 1043 in
984 1013 1064 1042 mari
1088 1017 1168 1042 tem-

219 1059 341 1093 pestate
381 1053 598 1084 collidentium
641 1055 829 1094 praecipites
870 1055 1022 1085 ferantur.
1073 1054 1168 1085 Stare

219 1096 286 1127 loco
309 1101 479 1135 nequeunt,
503 1101 534 1126 et
556 1095 630 1127 hinc
647 1096 720 1128 inde
736 1098 848 1137 agitati
864 1107 1020 1137 nusquam
1033 1102 1168 1137 possunt

218 1139 388 1178 quiescere.
414 1138 533 1168 Verum
553 1139 702 1177 quoniam
724 1139 800 1171 haec
813 1140 962 1170 videntur
975 1140 1168 1178 obscuriora,

218 1180 382 1220 sigillatim
418 1180 522 1211 adhuc
555 1181 765 1220 expendenda
796 1187 880 1214 sunt.

221 1234 330 1254 vemus
344 1223 458 1261 Deum,
482 1223 555 1254 licet
579 1230 693 1255 natura
718 1235 774 1255 sua
797 1230 863 1255 tam
888 1225 997 1263 bonus,
1020 1230 1084 1256 tam
1109 1224 1166 1255 hu-

219 1276 340 1303 manus,
371 1270 436 1296 tam
467 1266 646 1297 misericors
677 1267 726 1303 sit,
757 1271 792 1297 ut
820 1267 858 1298 ad
888 1268 990 1306 ipsum
1015 1273 1166 1306 tanquam

219 1318 380 1339 summum
399 1307 517 1338 bonum
537 1309 682 1339 homines
700 1311 824 1348 quoties
843 1321 910 1340 sese
930 1310 1022 1340 offert
1040 1311 1165 1349 rapian-

219 1357 279 1385 tur,
303 1361 367 1381 nou
390 1361 516 1391 semper
532 1356 637 1382 tamen
652 1352 799 1382 omnibus
812 1364 879 1383 sese
893 1360 955 1382 tam
969 1353 1166 1393 clementem,

218 1400 281 1423 tam
317 1392 433 1423 bonum
468 1398 499 1424 et
532 1394 767 1425 misericordem
797 1394 962 1426 exhibere:
996 1395 1049 1425 sed
1073 1401 1167 1435 prout

219 1436 363 1466 homines
392 1440 466 1466 sunt
497 1435 650 1476 dispositi,
685 1437 728 1467 ita
760 1438 864 1468 Deum
895 1438 990 1468 etiam
1021 1438 1059 1468 ab
1089 1439 1166 1477 ipsis

217 1478 347 1517 concipi.
395 1479 541 1518 Exempli
562 1480 673 1519 gratia,
698 1480 723 1510 si
740 1480 810 1519 quis
823 1491 952 1511 suorum
965 1485 1166 1520 peccatorum

217 1531 313 1551 sensu
338 1521 468 1552 affectus
491 1521 546 1552 illa
569 1521 755 1560 detestetur,
787 1531 817 1552 et
842 1523 920 1553 vitia
943 1533 999 1553 sua
1017 1523 1165 1554 condem-

218 1570 285 1594 net:
320 1569 351 1594 et
381 1563 494 1594 deinde
523 1564 670 1595 miseram
701 1576 733 1595 se
764 1571 795 1595 et
818 1565 966 1605 fragilem
989 1571 1165 1596 creaturam

217 1611 378 1645 agnoscat,
401 1612 467 1637 tum
491 1607 629 1637 maxime
652 1608 750 1638 sentit
773 1618 853 1647 quae
876 1609 978 1647 ipsum
998 1612 1111 1648 urgeat
1127 1608 1165 1639 ad

218 1646 322 1679 Deum
365 1649 513 1679 veniendi
550 1651 732 1680 necessitas.
777 1650 889 1690 Itaque
926 1650 994 1681 Deo
1031 1651 1166 1690 supplex

216 1691 317 1722 factus
348 1696 550 1730 peccatorum
581 1693 709 1722 veniam
739 1692 976 1732 deprecabitur:
1010 1699 1042 1723 et
1064 1693 1167 1724 orabit

216 1739 250 1764 ut
275 1734 464 1764 misereatur
486 1735 586 1774 ipsius
609 1740 640 1765 et
664 1741 791 1774 peccata
815 1740 902 1775 tegat
924 1736 1037 1775 quibus
1060 1737 1164 1767 obrui-

217 1783 277 1806 tur.
323 1776 377 1807 stc
400 1777 505 1807 miseri
531 1784 719 1816 peccatores,
753 1789 827 1808 vera
851 1778 935 1809 ducti
960 1779 1165 1818 poenitentia,

215 1823 245 1849 et
269 1828 344 1849 suae
362 1819 591 1850 imbecillitatis
610 1821 725 1851 conscii
748 1821 850 1851 Deum
870 1821 990 1851 audent
1009 1821 1165 1860 accedere,

215 1861 297 1900 quod
321 1862 424 1900 ipsum
448 1872 516 1893 esse
540 1873 702 1893 summum
726 1874 819 1893 suum
845 1863 960 1894 bonum
981 1870 1165 1903 agnoscant,

214 1908 246 1934 et
277 1904 405 1935 unicum
435 1905 588 1944 gaudium
621 1916 656 1935 ac
686 1905 821 1936 salutem
848 1912 966 1936 certam
990 1906 1095 1937 Deum
1118 1918 1166 1937 re-

216 1946 349 1985 quirere.
395 1946 459 1985 Qui
483 1953 557 1977 sunt
580 1949 624 1978 ita
647 1947 792 1987 dispositi
819 1953 849 1978 et
875 1948 1002 1980 divinae
1015 1949 1166 1980 bonitatis

217 1995 344 2028 gustum
380 1988 508 2028 habent,
543 1992 623 2020 fiunt
658 1992 753 2021 etiam
788 1991 873 2022 illius
907 2002 941 2022 re
974 1992 1041 2031 ipsa
1066 1993 1165 2032 perci-

217 2030 350 2070 piendae
373 2042 512 2071 capaces.
558 2032 679 2063 Contra
702 2035 727 2063 si
752 2035 823 2073 quis
846 2034 1001 2073 superbus
1024 2040 1055 2065 et
1078 2045 1164 2065 arro-

216 2084 306 2113 gans
331 2074 418 2105 virus
441 2086 531 2105 suum
557 2075 734 2115 despumet,
758 2082 789 2107 et
812 2076 965 2107 adversus
990 2078 1091 2108 Deum
1118 2089 1165 2108 reâ€”

217 2115 382 2146 bellionem
412 2117 601 2148 meditetur:
634 2123 664 2148 et
695 2119 733 2149 ad
759 2118 819 2149 Dei
844 2120 1036 2150 mentionem
1059 2120 1165 2151 furore

216 2159 400 2199 concitetur,
445 2161 575 2199 eiusque
616 2161 796 2200 praesentia
837 2162 972 2197 horreat,
1013 2163 1164 2202 malitque

217 2200 302 2231 aliud
326 2202 451 2240 quidvis
475 2203 584 2233 audire
603 2213 697 2242 quam
718 2203 756 2234 de
775 2204 845 2235 Deo
863 2206 1066 2244 mentionem,
1089 2216 1165 2236 sane

217 2253 281 2273 non
305 2250 352 2274 est
374 2244 506 2276 idoneus
530 2256 631 2285 neque
652 2246 822 2285 dispositus
845 2246 885 2277 ad
909 2247 967 2278 Dei
987 2248 1163 2279 misericor-

216 2285 300 2315 diam
320 2286 551 2325 implorandam
572 2293 603 2318 et
622 2299 655 2318 re
673 2289 741 2328 ipsa
761 2290 1005 2328 percipiendam.
1042 2291 1163 2322 Idcirco

216 2327 268 2358 Ps.
294 2328 332 2359 18
355 2328 441 2360 Deus
463 2330 575 2360 dicitur
604 2341 667 2361 esse
684 2341 751 2362 cum
769 2332 964 2363 misericorde
981 2333 1162 2370 misericors,

215 2373 241 2401 el
269 2380 336 2401 cum
358 2381 441 2409 puro
464 2383 586 2411 purus:
614 2373 644 2402 id
668 2378 716 2403 ost
744 2375 883 2413 pacificis
907 2380 937 2405 et
960 2375 1109 2407 modestis
1132 2383 1163 2407 et

216 2412 254 2443 de
288 2424 321 2444 se
353 2423 467 2454 parum
500 2415 712 2446 sentientibus
746 2416 851 2447 Deum
886 2417 969 2448 ultro
997 2429 1030 2449 se
1057 2420 1161 2460 ipsum

215 2456 338 2492 offerre,
374 2467 565 2497 manumque
596 2458 758 2497 porrigere
792 2464 828 2489 ut
864 2460 896 2490 in
926 2460 1026 2500 ipsius
1055 2463 1161 2493 sinum

214 2499 369 2529 coniicere
391 2510 424 2529 se
448 2510 510 2530 non
534 2499 760 2531 reformident:
790 2507 898 2533 contra
922 2513 996 2534 vero
1018 2504 1161 2544 superbis

213 2548 242 2571 et
267 2541 491 2581 arrogantibus
514 2542 671 2581 resistere,
701 2548 731 2573 et
753 2548 903 2584 tanquam
926 2548 1159 2587 antagonistam

213 2583 368 2615 adversus
398 2595 450 2615 eos
480 2584 603 2621 luctari,
635 2585 861 2626 brachiumque
889 2598 980 2618 suum
1004 2591 1048 2622 sie
1071 2601 1161 2622 exer-

212 2636 283 2657 cerc
306 2632 343 2657 ut
366 2637 417 2657 eos
440 2627 568 2667 frangat
586 2632 617 2658 et
636 2627 776 2668 dissipet,
800 2630 913 2669 quibus
933 2631 1049 2672 fractis,
1072 2633 1160 2674 quie-

313 2678 419 2704 Calvini
434 2685 526 2711 opera.
564 2678 620 2705 Vol.
638 2679 732 2705 XXX.

849 195 895 226 IN
920 196 944 226 I.
969 195 1056 226 LIB.
1082 196 1277 228 sAMUEL.
1301 198 1397 230 (JAP.
1422 200 1550 232 XVIII.

926 1182 1032 1221 Quare
1061 1182 1168 1213 obserÎ‡
1192 1180 1194 1187 â¸

2118 203 2179 233 274

1224 294 1287 320 tem
1310 295 1342 321 et
1365 293 1626 331 tranquillitatem
1651 294 1805 326 docilibus
1828 299 1858 326 et
1882 295 2060 327 humilibus
2083 295 2178 327 corde

1224 333 1327 363 faciat.
1374 334 1589 372 Quamobrem
1614 347 1711 376 quum
1738 338 1805 368 Deo
1828 339 2059 370 contumaciter
2083 339 2178 370 resis-

1223 380 1289 405 tere
1312 380 1345 406 et
1367 377 1515 407 reluctari
1540 378 1685 410 homines
1705 380 1832 418 audent,
1856 387 1886 411 et
1906 381 2066 411 destinata
2085 381 2179 412 mali-

1222 417 1266 447 tia
1296 423 1328 448 et
1355 420 1554 450 contumacia
1585 422 1737 453 ccclesiae
1760 423 1860 462 ipsius
1884 423 2003 455 bellum
2027 423 2178 461 indicere,

1224 470 1351 491 necesse
1382 466 1431 491 est
1454 466 1489 491 ut
1512 461 1680 495 horrendis
1703 470 1735 495 et
1758 466 1923 505 stupendis
1947 466 2049 497 modis
2074 467 2177 497 virtu-

1222 506 1286 532 tem
1310 508 1341 533 et
1365 504 1537 542 potentiam
1562 506 1737 538 maiestatis
1758 508 1856 547 ipsius
1875 509 2035 539 sentiant:
2059 509 2177 539 eteius

1221 550 1424 584 conspectum
1448 546 1515 577 sine
1540 548 1671 579 horrore
1693 551 1851 581 sustinere
1875 556 2045 591 nequeant,
2077 561 2177 591 quan-

1221 587 1390 626 doquidem
1426 588 1529 619 Deum
1563 600 1621 621 sua
1654 592 1826 623 rebellione
1859 594 1898 624 ad
1929 594 2024 624 istam
2057 594 2177 624 severi-

1222 634 1318 660 tatem
1360 636 1488 670 cogunt,
1528 643 1620 671 quem
1659 635 1832 666 terribilem
1863 636 2002 667 iudicem
2037 636 2176 676 experiri

1222 672 1296 703 facit
1319 673 1461 712 ipsorum
1482 675 1568 705 furor
1586 681 1616 705 et
1628 676 1807 709 obstinatio.
1855 678 1941 709 Sane
1955 679 2059 718 prima
2072 680 2176 709 fronte

1220 715 1385 745 videretur
1409 715 1493 746 istud
1517 717 1632 748 durum
1657 725 1688 749 et
1712 720 1921 759 intolerabile,
1957 722 2060 751 Deum
2086 725 2176 752 tanta

1221 758 1390 788 severitate
1421 768 1515 798 agere
1546 770 1616 790 cum
1650 761 1689 791 iis
1712 763 1765 801 qni
1790 769 1909 794 temere
1932 767 1964 794 et
1987 768 2176 803 arroganter

1221 800 1378 831 adversus
1400 801 1500 840 ipsius
1524 803 1720 834 maiestatem
1746 805 1927 845 insurgunt,
1951 811 1982 836 et
2006 805 2105 836 veluti
2129 816 2177 837 re-

1220 843 1361 873 fractarii
1390 844 1536 874 fraenum
1567 845 1730 876 arrodunt.
1778 847 1843 878 Sed
1876 859 1973 888 quum
2008 848 2175 879 hominum

1220 885 1313 925 culpa
1334 885 1364 916 id
1386 887 1451 916 fieri
1468 888 1696 926 cognoscimus,
1724 888 1828 920 Deum
1842 892 1947 929 potius
1961 890 2175 931 glorificemus

1220 933 1252 958 et
1275 928 1360 958 iusta
1384 929 1483 968 ipsius
1503 929 1617 961 iudicia
1639 931 1812 969 laudemus,
1837 943 1933 972 quam
1953 933 2174 973 obloquamur.

1220 970 1263 1000 Et
1294 971 1345 1001 hic
1374 972 1575 1003 observanda
1605 973 1738 1012 insignis
1768 975 1823 1005 illa
1853 975 1938 1015 apud
1962 975 2079 1006 Oseam
2104 985 2175 1015 pro-

1221 1013 1348 1052 phetam
1372 1015 1534 1045 sententia
1556 1014 1614 1045 sub
1638 1017 1748 1047 finem:
1782 1017 1859 1056 Quis
1881 1019 2015 1057 sapiens,
2039 1021 2067 1049 et
2087 1018 2176 1049 intel-

1219 1056 1290 1095 liyet
1311 1056 1394 1086 ista?
1416 1056 1585 1097 intelligens
1608 1061 1633 1088 et
1655 1059 1726 1089 sciet
1747 1059 1843 1090 liaeo?
1890 1061 1971 1099 Quia
1994 1063 2090 1091 rectae
2107 1061 2176 1092 viae

1220 1097 1361 1137 Domini,
1392 1101 1419 1129 et
1447 1099 1522 1130 iusti
1544 1100 1741 1132 ambulabunt
1761 1103 1794 1132 in
1818 1103 1879 1133 eis:
1909 1103 2177 1141 praevaricatores

1219 1151 1288 1171 vero
1314 1144 1452 1172 corruent
1474 1142 1507 1172 in
1529 1143 1581 1174 eis.
1626 1142 1751 1182 Quibus
1776 1144 1879 1175 verbis
1903 1146 2060 1185 propheta
2084 1145 2176 1176 docet

1219 1189 1365 1222 oportere
1396 1194 1453 1214 nos
1483 1194 1563 1223 quae
1597 1185 1683 1216 Deus
1713 1186 1829 1218 iudicia
1852 1188 1883 1217 in
1908 1188 2023 1227 impios
2047 1193 2175 1219 exercet

1219 1225 1253 1255 in
1283 1231 1427 1256 nostrum
1457 1237 1550 1257 usum
1580 1234 1775 1267 convertere,
1809 1234 1839 1260 et
1864 1230 1968 1260 Deum
1992 1241 2119 1270 semper
2143 1236 2174 1261 et

1220 1269 1250 1298 in
1276 1269 1423 1299 omnibus
1446 1269 1512 1300 suis
1535 1270 1659 1301 iudiciis
1682 1282 1750 1302 esse
1776 1273 1901 1309 bonum,
1925 1273 2044 1303 iustum
2069 1279 2101 1303 et
2123 1283 2173 1304 sa-

1220 1311 1360 1351 pientem
1384 1322 1607 1351 agnoscerere:
1638 1313 1724 1344 Nihil
1750 1315 1781 1344 in
1806 1315 1953 1345 omnibus
1977 1315 2075 1354 ipsius
2099 1326 2173 1356 ope-

1220 1353 1308 1384 ribus
1329 1355 1457 1394 requiri,
1479 1362 1628 1394 tanquam
1648 1367 1796 1387 mancum
1816 1363 1846 1387 et
1859 1358 2095 1397 imperfectum:
2118 1358 2173 1389 sed

1219 1396 1328 1427 omnia
1350 1407 1418 1427 esse
1441 1397 1681 1436 perfectissima.
1706 1399 1866 1437 Quoniam
1881 1404 1986 1430 autem
2010 1399 2049 1430 ab
2073 1401 2175 1431 omni-

1219 1439 1278 1469 bus
1320 1439 1374 1470 illa
1409 1449 1472 1469 non
1507 1441 1732 1479 percipiuntur,
1775 1442 1891 1473 idcirco
1923 1443 1967 1472 ait
1998 1443 2172 1482 propheta:

1220 1481 1303 1520 Quis
1326 1481 1490 1522 prudens?
1514 1483 1584 1522 quis
1607 1484 1755 1523 sapiens?
1779 1490 1809 1515 et
1829 1485 1906 1516 haec
1926 1485 2105 1525 intelliget?
2131 1485 2173 1516 Et

1192 1525 1321 1555 *utitur
1358 1525 1608 1565 interrogatione
1646 1526 1807 1566 propheta,
1843 1537 1923 1567 quae
1954 1527 2173 1558 vehementior

1219 1574 1267 1598 est
1298 1568 1330 1597 in
1361 1568 1526 1599 affectibus
1556 1568 1731 1606 movendis,
1763 1574 1798 1599 ut
1828 1570 1973 1600 homines
2003 1570 2105 1610 magis
2133 1570 2172 1601 ad

1219 1620 1350 1649 operum
1376 1610 1435 1640 Dei
1456 1611 1739 1650 apprehensionem
1769 1613 1958 1643 excitentur.
2003 1612 2171 1643 Caeterum

1219 1653 1351 1683 minime
1381 1653 1497 1683 mirum
1522 1653 1624 1683 videri
1648 1654 1740 1685 debet
1768 1655 1794 1685 si
1817 1654 1970 1685 adversus
1995 1655 2053 1685 Dei
2078 1665 2174 1694 opera

1219 1695 1311 1725 multi
1330 1706 1455 1735 semper
1477 1696 1704 1735 obloquuntur:
1730 1696 1782 1727 alii
1802 1697 1930 1736 quidem
1950 1697 2099 1728 dentibus
2118 1697 2173 1728 adÎ‡

1219 1749 1330 1769 versus
1365 1739 1469 1778 ipsum
1505 1738 1685 1777 stridentes,
1719 1739 1770 1770 alii
1803 1740 1890 1770 virus
1921 1750 2012 1770 suum
2038 1746 2069 1770 et
2091 1739 2173 1771 blasâ€”

1218 1780 1351 1820 phemas
1385 1792 1477 1812 voces
1512 1786 1702 1818 evomentes,
1737 1787 1772 1812 ut
1807 1782 1894 1812 Deus
1929 1783 2033 1821 qualis
2063 1787 2110 1813 est
2134 1783 2173 1814 ab

1217 1823 1294 1863 ipsis
1335 1825 1462 1863 agnosci
1504 1834 1567 1854 non
1601 1825 1707 1863 possit.
1753 1824 1817 1855 Sed
1852 1824 1936 1855 unde
1969 1824 2064 1863 istud,
2106 1835 2172 1863 oro,

1217 1870 1328 1896 manat
1352 1866 1412 1896 nisi
1437 1877 1474 1896 ex
1500 1877 1535 1897 eo
1559 1866 1641 1906 quod
1666 1866 1808 1897 homines
1831 1867 2044 1907 intelligentia
2067 1872 2099 1898 et
2122 1877 2172 1898 sa-

1217 1909 1337 1948 pientia
1360 1909 1602 1940 destituuntur?
1647 1909 1691 1939 At
1716 1910 1802 1939 Deus
1825 1909 1955 1939 stultam
1980 1909 2067 1940 illam
2087 1920 2170 1941 mor-

1217 1952 1328 1982 talium
1358 1952 1587 1982 contumaciam
1615 1952 1680 1982 Deo
1701 1952 1947 1991 obloquentium,
1978 1952 2078 1992 deque
2102 1953 2170 1984 eius

1217 1994 1367 2033 operibus
1413 1993 1662 2031 detrahentium,
1712 1995 1801 2024 miris
1845 1994 1948 2025 modis
1989 1995 2168 2026 contundit.

1217 2036 1323 2075 Quam
1344 2037 1461 2067 multos
1484 2037 1662 2067 istiusmodi
1686 2037 1829 2067 homines
1849 2037 1907 2067 hoc
1922 2037 2083 2067 saeculum
2099 2048 2172 2077 pro-

1217 2079 1312 2115 ducit,
1336 2080 1387 2119 qui
1412 2079 1450 2109 de
1474 2080 1541 2110 Deo
1565 2079 1651 2119 loqui
1671 2090 1733 2109 non
1754 2079 1846 2109 aliter
1865 2079 2049 2115 audiuntur,
2074 2090 2171 2119 quam

1216 2132 1310 2153 canes
1329 2122 1470 2152 divinam
1489 2122 1686 2153 maiestatem
1699 2121 1907 2152 allatrantes?
1932 2122 1997 2153 Nos
2011 2121 2170 2154 discamus

1216 2171 1325 2196 contra
1355 2165 1393 2195 de
1423 2163 1492 2195 Deo
1523 2170 1554 2195 et
1577 2165 1671 2195 verbo
1694 2164 1793 2203 ipsius
1817 2165 1979 2204 sapienter
2002 2164 2105 2204 loqui:
2137 2170 2170 2196 et

1212 2207 1339 2239 â€˜sacram
1377 2208 1570 2246 scripturam
1609 2211 1782 2238 tractantes
1820 2217 1990 2237 caveamus
2020 2218 2061 2238 ne
2091 2207 2168 2247 quid

1215 2251 1432 2281 irreverenter
1454 2250 1645 2285 effntiamus,
1670 2255 1700 2280 et
1724 2260 1763 2279 ne
1786 2249 1873 2279 illam
1896 2249 1929 2279 in
1949 2250 2072 2281 fabulas
2092 2261 2166 2281 conâ€”

1215 2298 1391 2324 vertamus.
1443 2293 1554 2332 Itaque
1585 2292 1771 2332 prophetam
1803 2292 1969 2322 audiamus
1998 2292 2166 2323 hominum

1215 2336 1427 2375 arrogantiam
1459 2335 1715 2370 contundentem,
1746 2344 1839 2373 quum
1864 2335 1907 2364 ait
1929 2333 2074 2365 homines
2097 2336 2167 2375 qui-

1215 2379 1285 2409 dem
1312 2379 1380 2408 Deo
1403 2377 1617 2417 obloquentes,
1641 2378 1700 2407 sibi
1724 2377 1883 2415 sapientes
1908 2376 2016 2413 videri,
2041 2377 2095 2408 sed
2119 2378 2167 2408 in-

1213 2432 1308 2452 sanos
1338 2426 1370 2450 et
1392 2426 1534 2451 amentes
1557 2430 1633 2450 esse.
1679 2419 1787 2457 Quare
1809 2419 1834 2449 si
1858 2429 1950 2457 quem
1974 2419 2166 2459 prudentiae

1213 2468 1343 2504 gustum
1375 2463 1538 2499 habemus,
1570 2462 1629 2492 Dei
1660 2462 1820 2501 operantis
1851 2461 1918 2492 vias
1948 2472 2016 2493 esse
2037 2472 2165 2502 semper

1212 2510 1316 2537 rectas
1343 2514 1579 2545 cognoscamus,
1607 2504 1690 2543 quod
1714 2503 1822 2534 fideles
1846 2514 1972 2543 semper
1995 2505 2163 2545 agnituros

1212 2553 1333 2580 certum
1357 2554 1404 2578 est
1426 2548 1459 2578 in
1483 2546 1629 2577 omnibus
1653 2546 1751 2586 ipsius
1773 2546 1933 2585 operibus,
1967 2547 2082 2587 impios
2105 2558 2162 2578 au-

1212 2597 1275 2622 tem
1310 2590 1599 2629 blasphematuros:
1638 2589 1719 2628 quod
1749 2589 1948 2628 experientia
1977 2590 2163 2629 quotidiana

1211 2634 1309 2665 docet.
1355 2633 1437 2664 Nam
1482 2632 1535 2662 ubi
1582 2632 1669 2662 Deus
1709 2642 1759 2662 res
1792 2630 1948 2662 secundas
1981 2632 2162 2668 immiserit,

1924 2682 1957 2708 18
