<?xml version="1.0" encoding="UTF-8"?>
<!DOCTYPE html PUBLIC "-//W3C//DTD XHTML 1.0 Transitional//EN"
    "http://www.w3.org/TR/xhtml1/DTD/xhtml1-transitional.dtd">
<html xmlns="http://www.w3.org/1999/xhtml" xml:lang="en" lang="en">
 <head>
  <title>
</title>
<meta http-equiv="Content-Type" content="text/html;charset=utf-8" />
  <meta name='ocr-system' content='tesseract 3.04.00' />
  <meta name='ocr-capabilities' content='ocr_page ocr_carea ocr_par ocr_line ocrx_word'/>
</head>
<body>
  <div class='ocr_page' id='page_1' title='image "./ioanniscalviniop30calv_0157.png"; bbox 0 0 2551 3044; ppageno 0'>
   <div class='ocr_carea' id='block_1_1' title="bbox 0 1927 7 2507">
    <p class='ocr_par' dir='ltr' id='par_1_1' title="bbox 0 1927 7 2507">
     <span class='ocr_line' id='line_1_1' title="bbox 0 1927 7 2507; baseline 0 0"><span class='ocrx_word' id='word_1_1' title='bbox 0 1927 7 2507; x_wconf 95' lang='lat' dir='ltr'><strong> </strong></span> 
     </span>
    </p>
   </div>
   <div class='ocr_carea' id='block_1_2' title="bbox 190 213 251 243">
    <p class='ocr_par' dir='ltr' id='par_1_2' title="bbox 190 213 251 243">
     <span class='ocr_line' id='line_1_2' title="bbox 190 213 251 243; baseline 0 0"><span class='ocrx_word' id='word_1_2' title='bbox 190 213 251 243; x_wconf 69' lang='lat'><strong>293</strong></span> 
     </span>
    </p>
   </div>
   <div class='ocr_carea' id='block_1_3' title="bbox 188 300 1145 2689">
    <p class='ocr_par' dir='ltr' id='par_1_3' title="bbox 188 300 1145 2689">
     <span class='ocr_line' id='line_1_3' title="bbox 192 300 1142 343; baseline -0.007 -5"><span class='ocrx_word' id='word_1_3' title='bbox 192 314 296 338; x_wconf 87' lang='lat' dir='ltr'><strong>tamen</strong></span> <span class='ocrx_word' id='word_1_4' title='bbox 321 306 380 337; x_wconf 79' lang='lat' dir='ltr'><strong>fuit</strong></span> <span class='ocrx_word' id='word_1_5' title='bbox 403 305 587 336; x_wconf 84' lang='lat' dir='ltr'><strong>ridiculum:</strong></span> <span class='ocrx_word' id='word_1_6' title='bbox 617 301 882 343; x_wconf 82' lang='lat' dir='ltr'><strong>quemadmodum</strong></span> <span class='ocrx_word' id='word_1_7' title='bbox 908 301 1025 332; x_wconf 90' lang='lat' dir='ltr'><strong>multos</strong></span> <span class='ocrx_word' id='word_1_8' title='bbox 1049 300 1142 331; x_wconf 87' lang='lat' dir='ltr'><strong>hodie</strong></span> 
     </span>
     <span class='ocr_line' id='line_1_4' title="bbox 192 343 1142 384; baseline -0.008 -3"><span class='ocrx_word' id='word_1_9' title='bbox 192 350 299 380; x_wconf 84' lang='lat' dir='ltr'><strong>videas</strong></span> <span class='ocrx_word' id='word_1_10' title='bbox 322 360 361 380; x_wconf 86' lang='lat' dir='ltr'><strong>ex</strong></span> <span class='ocrx_word' id='word_1_11' title='bbox 385 359 441 380; x_wconf 92' lang='lat' dir='ltr'><strong>suo</strong></span> <span class='ocrx_word' id='word_1_12' title='bbox 464 357 559 378; x_wconf 90' lang='lat' dir='ltr'><strong>sensu</strong></span> <span class='ocrx_word' id='word_1_13' title='bbox 584 346 681 377; x_wconf 87' lang='lat' dir='ltr'><strong>multa</strong></span> <span class='ocrx_word' id='word_1_14' title='bbox 706 346 813 384; x_wconf 87' lang='lat' dir='ltr'><strong>inepta</strong></span> <span class='ocrx_word' id='word_1_15' title='bbox 836 350 866 374; x_wconf 86' lang='lat' dir='ltr'><strong>et</strong></span> <span class='ocrx_word' id='word_1_16' title='bbox 890 343 1026 375; x_wconf 91' lang='lat' dir='ltr'><strong>ridicula</strong></span> <span class='ocrx_word' id='word_1_17' title='bbox 1044 343 1142 374; x_wconf 86' lang='lat' dir='ltr'><strong>stulte</strong></span> 
     </span>
     <span class='ocr_line' id='line_1_5' title="bbox 191 385 1143 433; baseline -0.007 -10"><span class='ocrx_word' id='word_1_18' title='bbox 191 393 372 433; x_wconf 74' lang='lat' dir='ltr'><strong>excogitare</strong></span> <span class='ocrx_word' id='word_1_19' title='bbox 401 390 515 430; x_wconf 91' lang='lat' dir='ltr'><strong>quibus</strong></span> <span class='ocrx_word' id='word_1_20' title='bbox 544 388 714 428; x_wconf 86' lang='lat' dir='ltr'><strong>papisticas</strong></span> <span class='ocrx_word' id='word_1_21' title='bbox 749 387 991 426; x_wconf 74' lang='lat' dir='ltr'><strong>superstitiones</strong></span> <span class='ocrx_word' id='word_1_22' title='bbox 1022 385 1143 416; x_wconf 85' lang='lat' dir='ltr'><strong>deride—</strong></span> 
     </span>
     <span class='ocr_line' id='line_1_6' title="bbox 191 429 1142 469; baseline -0.007 -3"><span class='ocrx_word' id='word_1_23' title='bbox 191 442 257 466; x_wconf 87' lang='lat' dir='ltr'><strong>ant.</strong></span> <span class='ocrx_word' id='word_1_24' title='bbox 281 433 402 465; x_wconf 83' lang='lat' dir='ltr'><strong>Eadem</strong></span> <span class='ocrx_word' id='word_1_25' title='bbox 425 432 485 463; x_wconf 88' lang='lat' dir='ltr'><strong>fuit</strong></span> <span class='ocrx_word' id='word_1_26' title='bbox 506 431 630 462; x_wconf 87' lang='lat' dir='ltr'><strong>illorum</strong></span> <span class='ocrx_word' id='word_1_27' title='bbox 650 437 829 469; x_wconf 88' lang='lat' dir='ltr'><strong>temporum</strong></span> <span class='ocrx_word' id='word_1_28' title='bbox 850 429 941 460; x_wconf 86' lang='lat' dir='ltr'><strong>ratio.</strong></span> <span class='ocrx_word' id='word_1_29' title='bbox 967 429 1142 468; x_wconf 86' lang='lat' dir='ltr'><strong>Praeputia</strong></span> 
     </span>
     <span class='ocr_line' id='line_1_7' title="bbox 192 471 1143 517; baseline -0.007 -9"><span class='ocrx_word' id='word_1_30' title='bbox 192 488 276 517; x_wconf 81' lang='lat' dir='ltr'><strong>ergo,</strong></span> <span class='ocrx_word' id='word_1_31' title='bbox 310 476 342 506; x_wconf 91' lang='lat' dir='ltr'><strong>id</strong></span> <span class='ocrx_word' id='word_1_32' title='bbox 372 480 418 506; x_wconf 85' lang='lat' dir='ltr'><strong>est</strong></span> <span class='ocrx_word' id='word_1_33' title='bbox 446 473 595 514; x_wconf 88' lang='lat' dir='ltr'><strong>pudenda</strong></span> <span class='ocrx_word' id='word_1_34' title='bbox 628 472 754 503; x_wconf 92' lang='lat' dir='ltr'><strong>illorum</strong></span> <span class='ocrx_word' id='word_1_35' title='bbox 787 471 865 502; x_wconf 82' lang='lat' dir='ltr'><strong>Saul</strong></span> <span class='ocrx_word' id='word_1_36' title='bbox 898 472 1024 503; x_wconf 89' lang='lat' dir='ltr'><strong>volebat</strong></span> <span class='ocrx_word' id='word_1_37' title='bbox 1055 482 1143 510; x_wconf 88' lang='lat' dir='ltr'><strong>prae-</strong></span> 
     </span>
     <span class='ocr_line' id='line_1_8' title="bbox 191 514 1142 557; baseline -0.006 -7"><span class='ocrx_word' id='word_1_38' title='bbox 191 519 302 557; x_wconf 80' lang='lat' dir='ltr'>scindi,</span> <span class='ocrx_word' id='word_1_39' title='bbox 332 523 367 548; x_wconf 89' lang='lat' dir='ltr'><strong>ut</strong></span> <span class='ocrx_word' id='word_1_40' title='bbox 396 518 439 547; x_wconf 93' lang='lat' dir='ltr'><strong>ita</strong></span> <span class='ocrx_word' id='word_1_41' title='bbox 467 526 501 546; x_wconf 85' lang='lat' dir='ltr'><strong>se</strong></span> <span class='ocrx_word' id='word_1_42' title='bbox 530 514 709 546; x_wconf 86' lang='lat' dir='ltr'><strong>incredulos</strong></span> <span class='ocrx_word' id='word_1_43' title='bbox 739 514 810 545; x_wconf 85' lang='lat' dir='ltr'><strong>illos</strong></span> <span class='ocrx_word' id='word_1_44' title='bbox 840 514 990 545; x_wconf 89' lang='lat' dir='ltr'><strong>detestari</strong></span> <span class='ocrx_word' id='word_1_45' title='bbox 1014 514 1142 554; x_wconf 86' lang='lat' dir='ltr'><strong>profite-</strong></span> 
     </span>
     <span class='ocr_line' id='line_1_9' title="bbox 192 556 1142 597; baseline -0.007 -4"><span class='ocrx_word' id='word_1_46' title='bbox 192 570 286 594; x_wconf 82' lang='lat' dir='ltr'><strong>retur.</strong></span> <span class='ocrx_word' id='word_1_47' title='bbox 311 559 591 591; x_wconf 73' lang='lat' dir='ltr'><strong>circumcisionem</strong></span> <span class='ocrx_word' id='word_1_48' title='bbox 610 557 695 588; x_wconf 90' lang='lat' dir='ltr'><strong>enim</strong></span> <span class='ocrx_word' id='word_1_49' title='bbox 710 556 824 597; x_wconf 89' lang='lat' dir='ltr'><strong>populo</strong></span> <span class='ocrx_word' id='word_1_50' title='bbox 838 567 895 587; x_wconf 87' lang='lat' dir='ltr'><strong>suo</strong></span> <span class='ocrx_word' id='word_1_51' title='bbox 908 557 996 588; x_wconf 81' lang='lat' dir='ltr'><strong>Deus</strong></span> <span class='ocrx_word' id='word_1_52' title='bbox 1014 557 1142 596; x_wconf 81' lang='lat' dir='ltr'><strong>signum</strong></span> 
     </span>
     <span class='ocr_line' id='line_1_10' title="bbox 190 599 1142 640; baseline -0.005 -5"><span class='ocrx_word' id='word_1_53' title='bbox 190 603 324 635; x_wconf 90' lang='lat' dir='ltr'><strong>foederis</strong></span> <span class='ocrx_word' id='word_1_54' title='bbox 346 601 484 637; x_wconf 80' lang='lat' dir='ltr'><strong>dederat,</strong></span> <span class='ocrx_word' id='word_1_55' title='bbox 508 600 602 640; x_wconf 89' lang='lat' dir='ltr'><strong>quale</strong></span> <span class='ocrx_word' id='word_1_56' title='bbox 625 599 719 630; x_wconf 90' lang='lat' dir='ltr'><strong>hodie</strong></span> <span class='ocrx_word' id='word_1_57' title='bbox 739 600 829 630; x_wconf 87' lang='lat' dir='ltr'><strong>nobis</strong></span> <span class='ocrx_word' id='word_1_58' title='bbox 852 600 979 639; x_wconf 85' lang='lat' dir='ltr'><strong>signum</strong></span> <span class='ocrx_word' id='word_1_59' title='bbox 999 605 1048 630; x_wconf 86' lang='lat' dir='ltr'><strong>est</strong></span> <span class='ocrx_word' id='word_1_60' title='bbox 1066 599 1142 638; x_wconf 86' lang='lat' dir='ltr'><strong>bap-</strong></span> 
     </span>
     <span class='ocr_line' id='line_1_11' title="bbox 190 641 1142 682; baseline -0.005 -5"><span class='ocrx_word' id='word_1_61' title='bbox 190 648 312 677; x_wconf 85' lang='lat' dir='ltr'><strong>tismus.</strong></span> <span class='ocrx_word' id='word_1_62' title='bbox 337 644 422 675; x_wconf 85' lang='lat' dir='ltr'><strong>Sane</strong></span> <span class='ocrx_word' id='word_1_63' title='bbox 447 643 614 674; x_wconf 90' lang='lat' dir='ltr'><strong>hominum</strong></span> <span class='ocrx_word' id='word_1_64' title='bbox 637 642 764 682; x_wconf 90' lang='lat' dir='ltr'><strong>quidem</strong></span> <span class='ocrx_word' id='word_1_65' title='bbox 788 641 905 673; x_wconf 90' lang='lat' dir='ltr'><strong>iudicio</strong></span> <span class='ocrx_word' id='word_1_66' title='bbox 928 653 979 673; x_wconf 89' lang='lat' dir='ltr'><strong>res</strong></span> <span class='ocrx_word' id='word_1_67' title='bbox 1003 641 1142 673; x_wconf 87' lang='lat' dir='ltr'><strong>absurda</strong></span> 
     </span>
     <span class='ocr_line' id='line_1_12' title="bbox 189 684 1142 728; baseline -0.006 -9"><span class='ocrx_word' id='word_1_68' title='bbox 189 695 219 720; x_wconf 87' lang='lat' dir='ltr'><strong>et</strong></span> <span class='ocrx_word' id='word_1_69' title='bbox 248 686 394 728; x_wconf 87' lang='lat' dir='ltr'><strong>pudenda</strong></span> <span class='ocrx_word' id='word_1_70' title='bbox 417 685 596 722; x_wconf 89' lang='lat' dir='ltr'><strong>videbatur,</strong></span> <span class='ocrx_word' id='word_1_71' title='bbox 628 685 740 716; x_wconf 88' lang='lat' dir='ltr'><strong>salutis</strong></span> <span class='ocrx_word' id='word_1_72' title='bbox 764 685 1007 724; x_wconf 76' lang='lat' dir='ltr'><strong>promissionem</strong></span> <span class='ocrx_word' id='word_1_73' title='bbox 1031 685 1063 715; x_wconf 91' lang='lat' dir='ltr'><strong>in</strong></span> <span class='ocrx_word' id='word_1_74' title='bbox 1087 684 1142 714; x_wconf 85' lang='lat' dir='ltr'><strong>illa</strong></span> 
     </span>
     <span class='ocr_line' id='line_1_13' title="bbox 188 727 1141 771; baseline -0.003 -10"><span class='ocrx_word' id='word_1_75' title='bbox 188 738 277 771; x_wconf 86' lang='lat' dir='ltr'><strong>parte</strong></span> <span class='ocrx_word' id='word_1_76' title='bbox 291 728 423 760; x_wconf 88' lang='lat' dir='ltr'><strong>humani</strong></span> <span class='ocrx_word' id='word_1_77' title='bbox 435 728 574 768; x_wconf 87' lang='lat' dir='ltr'><strong>corporis</strong></span> <span class='ocrx_word' id='word_1_78' title='bbox 587 727 758 768; x_wconf 84' lang='lat' dir='ltr'><strong>obsignari,</strong></span> <span class='ocrx_word' id='word_1_79' title='bbox 778 734 808 758; x_wconf 90' lang='lat' dir='ltr'><strong>et</strong></span> <span class='ocrx_word' id='word_1_80' title='bbox 828 727 1017 766; x_wconf 81' lang='lat' dir='ltr'><strong>particulam</strong></span> <span class='ocrx_word' id='word_1_81' title='bbox 1036 727 1141 758; x_wconf 84' lang='lat' dir='ltr'><strong>carnis</strong></span> 
     </span>
     <span class='ocr_line' id='line_1_14' title="bbox 188 770 1142 811; baseline -0.004 -7"><span class='ocrx_word' id='word_1_82' title='bbox 188 771 330 805; x_wconf 84' lang='lat' dir='ltr'><strong>abscindi</strong></span> <span class='ocrx_word' id='word_1_83' title='bbox 348 772 380 802; x_wconf 90' lang='lat' dir='ltr'><strong>in</strong></span> <span class='ocrx_word' id='word_1_84' title='bbox 402 772 529 811; x_wconf 86' lang='lat' dir='ltr'><strong>signum</strong></span> <span class='ocrx_word' id='word_1_85' title='bbox 548 770 685 800; x_wconf 86' lang='lat' dir='ltr'><strong>foederis</strong></span> <span class='ocrx_word' id='word_1_86' title='bbox 704 780 775 801; x_wconf 91' lang='lat' dir='ltr'><strong>cum</strong></span> <span class='ocrx_word' id='word_1_87' title='bbox 789 770 974 801; x_wconf 87' lang='lat' dir='ltr'><strong>Abrahamo</strong></span> <span class='ocrx_word' id='word_1_88' title='bbox 991 776 1023 800; x_wconf 91' lang='lat' dir='ltr'><strong>et</strong></span> <span class='ocrx_word' id='word_1_89' title='bbox 1041 770 1142 809; x_wconf 89' lang='lat' dir='ltr'><strong>ipsius</strong></span> 
     </span>
     <span class='ocr_line' id='line_1_15' title="bbox 189 811 1141 856; baseline -0.003 -10"><span class='ocrx_word' id='word_1_90' title='bbox 189 815 322 856; x_wconf 88' lang='lat' dir='ltr'><strong>posteris</strong></span> <span class='ocrx_word' id='word_1_91' title='bbox 355 814 436 851; x_wconf 89' lang='lat' dir='ltr'><strong>initi,</strong></span> <span class='ocrx_word' id='word_1_92' title='bbox 470 813 654 852; x_wconf 71' lang='lat' dir='ltr'><strong>receptique</strong></span> <span class='ocrx_word' id='word_1_93' title='bbox 687 813 721 843; x_wconf 93' lang='lat' dir='ltr'><strong>in</strong></span> <span class='ocrx_word' id='word_1_94' title='bbox 755 813 892 853; x_wconf 80' lang='lat' dir='ltr'><strong>gratiam</strong></span> <span class='ocrx_word' id='word_1_95' title='bbox 924 812 1048 853; x_wconf 87' lang='lat' dir='ltr'><strong>populi:</strong></span> <span class='ocrx_word' id='word_1_96' title='bbox 1085 811 1141 843; x_wconf 93' lang='lat' dir='ltr'><strong>sed</strong></span> 
     </span>
     <span class='ocr_line' id='line_1_16' title="bbox 188 854 1141 895; baseline -0.003 -6"><span class='ocrx_word' id='word_1_97' title='bbox 188 866 293 889; x_wconf 86' lang='lat' dir='ltr'><strong>tamen</strong></span> <span class='ocrx_word' id='word_1_98' title='bbox 324 857 370 887; x_wconf 88' lang='lat' dir='ltr'><strong>ita</strong></span> <span class='ocrx_word' id='word_1_99' title='bbox 393 857 494 887; x_wconf 87' lang='lat' dir='ltr'><strong>visum</strong></span> <span class='ocrx_word' id='word_1_100' title='bbox 518 855 587 886; x_wconf 89' lang='lat' dir='ltr'><strong>Deo</strong></span> <span class='ocrx_word' id='word_1_101' title='bbox 618 856 737 886; x_wconf 85' lang='lat' dir='ltr'><strong>fuerat:</strong></span> <span class='ocrx_word' id='word_1_102' title='bbox 769 866 869 895; x_wconf 88' lang='lat' dir='ltr'><strong>neque</strong></span> <span class='ocrx_word' id='word_1_103' title='bbox 892 855 964 887; x_wconf 87' lang='lat' dir='ltr'><strong>licet</strong></span> <span class='ocrx_word' id='word_1_104' title='bbox 988 854 1141 886; x_wconf 89' lang='lat' dir='ltr'><strong>adversus</strong></span> 
     </span>
     <span class='ocr_line' id='line_1_17' title="bbox 188 898 1139 941; baseline -0.003 -10"><span class='ocrx_word' id='word_1_105' title='bbox 188 902 293 941; x_wconf 88' lang='lat' dir='ltr'><strong>ipsum</strong></span> <span class='ocrx_word' id='word_1_106' title='bbox 317 899 472 936; x_wconf 84' lang='lat' dir='ltr'><strong>altercari,</strong></span> <span class='ocrx_word' id='word_1_107' title='bbox 496 898 716 938; x_wconf 81' lang='lat' dir='ltr'><strong>rationemque</strong></span> <span class='ocrx_word' id='word_1_108' title='bbox 740 898 882 928; x_wconf 88' lang='lat' dir='ltr'><strong>mandati</strong></span> <span class='ocrx_word' id='word_1_109' title='bbox 905 898 1043 938; x_wconf 80' lang='lat' dir='ltr'><strong>exigere.</strong></span> <span class='ocrx_word' id='word_1_110' title='bbox 1078 898 1139 928; x_wconf 61' lang='lat' dir='ltr'><strong>Vc&lt;</strong></span> 
     </span>
     <span class='ocr_line' id='line_1_18' title="bbox 189 940 1140 981; baseline -0.004 -7"><span class='ocrx_word' id='word_1_111' title='bbox 189 950 368 974; x_wconf 89' lang='lat' dir='ltr'><strong>rumtamen</strong></span> <span class='ocrx_word' id='word_1_112' title='bbox 389 952 450 972; x_wconf 88' lang='lat' dir='ltr'><strong>non</strong></span> <span class='ocrx_word' id='word_1_113' title='bbox 467 940 522 971; x_wconf 87' lang='lat' dir='ltr'><strong>abs</strong></span> <span class='ocrx_word' id='word_1_114' title='bbox 542 951 576 971; x_wconf 87' lang='lat' dir='ltr'><strong>re</strong></span> <span class='ocrx_word' id='word_1_115' title='bbox 595 940 704 971; x_wconf 89' lang='lat' dir='ltr'><strong>datum</strong></span> <span class='ocrx_word' id='word_1_116' title='bbox 729 940 982 972; x_wconf 86' lang='lat' dir='ltr'><strong>circumcisionis</strong></span> <span class='ocrx_word' id='word_1_117' title='bbox 1002 941 1140 981; x_wconf 84' lang='lat' dir='ltr'><strong>signum,</strong></span> 
     </span>
     <span class='ocr_line' id='line_1_19' title="bbox 189 982 1142 1025; baseline -0.003 -9"><span class='ocrx_word' id='word_1_118' title='bbox 189 991 220 1016; x_wconf 89' lang='lat' dir='ltr'><strong>et</strong></span> <span class='ocrx_word' id='word_1_119' title='bbox 239 986 272 1016; x_wconf 90' lang='lat' dir='ltr'><strong>in</strong></span> <span class='ocrx_word' id='word_1_120' title='bbox 291 990 380 1025; x_wconf 88' lang='lat' dir='ltr'><strong>parte</strong></span> <span class='ocrx_word' id='word_1_121' title='bbox 398 984 452 1015; x_wconf 90' lang='lat' dir='ltr'><strong>illa</strong></span> <span class='ocrx_word' id='word_1_122' title='bbox 469 983 609 1022; x_wconf 87' lang='lat' dir='ltr'><strong>corporis</strong></span> <span class='ocrx_word' id='word_1_123' title='bbox 628 983 777 1023; x_wconf 87' lang='lat' dir='ltr'><strong>pudenda</strong></span> <span class='ocrx_word' id='word_1_124' title='bbox 796 983 931 1014; x_wconf 82' lang='lat' dir='ltr'><strong>foederis</strong></span> <span class='ocrx_word' id='word_1_125' title='bbox 949 994 1021 1014; x_wconf 91' lang='lat' dir='ltr'><strong>cum</strong></span> <span class='ocrx_word' id='word_1_126' title='bbox 1043 982 1142 1013; x_wconf 88' lang='lat' dir='ltr'><strong>Abra-</strong></span> 
     </span>
     <span class='ocr_line' id='line_1_20' title="bbox 189 1025 1143 1067; baseline -0.003 -8"><span class='ocrx_word' id='word_1_127' title='bbox 189 1029 283 1059; x_wconf 82' lang='lat' dir='ltr'><strong>hamo</strong></span> <span class='ocrx_word' id='word_1_128' title='bbox 301 1027 373 1058; x_wconf 88' lang='lat' dir='ltr'><strong>initi</strong></span> <span class='ocrx_word' id='word_1_129' title='bbox 391 1031 423 1058; x_wconf 89' lang='lat' dir='ltr'><strong>et</strong></span> <span class='ocrx_word' id='word_1_130' title='bbox 441 1026 563 1067; x_wconf 85' lang='lat' dir='ltr'><strong>gratiae</strong></span> <span class='ocrx_word' id='word_1_131' title='bbox 577 1026 637 1057; x_wconf 91' lang='lat' dir='ltr'><strong>Dei</strong></span> <span class='ocrx_word' id='word_1_132' title='bbox 657 1025 837 1066; x_wconf 83' lang='lat' dir='ltr'><strong>obsignatio</strong></span> <span class='ocrx_word' id='word_1_133' title='bbox 856 1032 1033 1066; x_wconf 84' lang='lat' dir='ltr'><strong>praecepta.</strong></span> <span class='ocrx_word' id='word_1_134' title='bbox 1058 1026 1143 1056; x_wconf 86' lang='lat' dir='ltr'><strong>Nam</strong></span> 
     </span>
     <span class='ocr_line' id='line_1_21' title="bbox 189 1069 1141 1109; baseline -0.003 -8"><span class='ocrx_word' id='word_1_135' title='bbox 189 1082 226 1101; x_wconf 90' lang='lat' dir='ltr'><strong>ea</strong></span> <span class='ocrx_word' id='word_1_136' title='bbox 258 1071 381 1101; x_wconf 88' lang='lat' dir='ltr'><strong>ratione</strong></span> <span class='ocrx_word' id='word_1_137' title='bbox 411 1069 652 1109; x_wconf 83' lang='lat' dir='ltr'><strong>significabatur</strong></span> <span class='ocrx_word' id='word_1_138' title='bbox 683 1075 747 1099; x_wconf 87' lang='lat' dir='ltr'><strong>tota</strong></span> <span class='ocrx_word' id='word_1_139' title='bbox 770 1069 896 1109; x_wconf 88' lang='lat' dir='ltr'><strong>generis</strong></span> <span class='ocrx_word' id='word_1_140' title='bbox 919 1069 1052 1099; x_wconf 87' lang='lat' dir='ltr'><strong>humani</strong></span> <span class='ocrx_word' id='word_1_141' title='bbox 1076 1079 1141 1099; x_wconf 91' lang='lat' dir='ltr'><strong>cor-</strong></span> 
     </span>
     <span class='ocr_line' id='line_1_22' title="bbox 190 1111 1142 1153; baseline -0.003 -9"><span class='ocrx_word' id='word_1_142' title='bbox 190 1114 294 1153; x_wconf 85' lang='lat' dir='ltr'><strong>ruptio</strong></span> <span class='ocrx_word' id='word_1_143' title='bbox 329 1118 361 1144; x_wconf 89' lang='lat' dir='ltr'><strong>et</strong></span> <span class='ocrx_word' id='word_1_144' title='bbox 392 1111 588 1143; x_wconf 84' lang='lat' dir='ltr'><strong>maledictio:</strong></span> <span class='ocrx_word' id='word_1_145' title='bbox 627 1121 700 1151; x_wconf 89' lang='lat' dir='ltr'><strong>pars</strong></span> <span class='ocrx_word' id='word_1_146' title='bbox 734 1112 819 1142; x_wconf 89' lang='lat' dir='ltr'><strong>enim</strong></span> <span class='ocrx_word' id='word_1_147' title='bbox 855 1112 909 1142; x_wconf 86' lang='lat' dir='ltr'><strong>illa</strong></span> <span class='ocrx_word' id='word_1_148' title='bbox 942 1111 1142 1151; x_wconf 82' lang='lat' dir='ltr'><strong>generationi</strong></span> 
     </span>
     <span class='ocr_line' id='line_1_23' title="bbox 189 1153 1142 1195; baseline -0.003 -8"><span class='ocrx_word' id='word_1_149' title='bbox 189 1156 335 1187; x_wconf 86' lang='lat' dir='ltr'><strong>ordinata</strong></span> <span class='ocrx_word' id='word_1_150' title='bbox 363 1154 563 1195; x_wconf 88' lang='lat' dir='ltr'><strong>significabat</strong></span> <span class='ocrx_word' id='word_1_151' title='bbox 588 1154 762 1185; x_wconf 78' lang='lat' dir='ltr'><strong>humanam</strong></span> <span class='ocrx_word' id='word_1_152' title='bbox 787 1154 1007 1194; x_wconf 89' lang='lat' dir='ltr'><strong>pollutionem.</strong></span> <span class='ocrx_word' id='word_1_153' title='bbox 1053 1153 1142 1184; x_wconf 86' lang='lat' dir='ltr'><strong>Deus</strong></span> 
     </span>
     <span class='ocr_line' id='line_1_24' title="bbox 190 1196 1141 1238; baseline -0.003 -9"><span class='ocrx_word' id='word_1_154' title='bbox 190 1199 295 1238; x_wconf 79' lang='lat' dir='ltr'><strong>itaque</strong></span> <span class='ocrx_word' id='word_1_155' title='bbox 325 1203 446 1228; x_wconf 88' lang='lat' dir='ltr'><strong>resecta</strong></span> <span class='ocrx_word' id='word_1_156' title='bbox 468 1197 608 1228; x_wconf 89' lang='lat' dir='ltr'><strong>cuticula</strong></span> <span class='ocrx_word' id='word_1_157' title='bbox 630 1197 685 1227; x_wconf 91' lang='lat' dir='ltr'><strong>illa</strong></span> <span class='ocrx_word' id='word_1_158' title='bbox 710 1196 834 1227; x_wconf 89' lang='lat' dir='ltr'><strong>volebat</strong></span> <span class='ocrx_word' id='word_1_159' title='bbox 858 1197 1004 1227; x_wconf 88' lang='lat' dir='ltr'><strong>homines</strong></span> <span class='ocrx_word' id='word_1_160' title='bbox 1027 1207 1141 1236; x_wconf 83' lang='lat' dir='ltr'><strong>agnos-</strong></span> 
     </span>
     <span class='ocr_line' id='line_1_25' title="bbox 190 1239 1142 1279; baseline -0.002 -7"><span class='ocrx_word' id='word_1_161' title='bbox 190 1251 260 1272; x_wconf 83' lang='lat' dir='ltr'><strong>cere</strong></span> <span class='ocrx_word' id='word_1_162' title='bbox 290 1240 431 1271; x_wconf 79' lang='lat' dir='ltr'><strong>nativam</strong></span> <span class='ocrx_word' id='word_1_163' title='bbox 461 1250 552 1270; x_wconf 88' lang='lat' dir='ltr'><strong>suam</strong></span> <span class='ocrx_word' id='word_1_164' title='bbox 572 1240 819 1279; x_wconf 83' lang='lat' dir='ltr'><strong>corruptionem,</strong></span> <span class='ocrx_word' id='word_1_165' title='bbox 850 1246 884 1270; x_wconf 88' lang='lat' dir='ltr'><strong>ut</strong></span> <span class='ocrx_word' id='word_1_166' title='bbox 908 1239 967 1270; x_wconf 90' lang='lat' dir='ltr'><strong>sibi</strong></span> <span class='ocrx_word' id='word_1_167' title='bbox 993 1239 1070 1279; x_wconf 87' lang='lat' dir='ltr'><strong>ipsis</strong></span> <span class='ocrx_word' id='word_1_168' title='bbox 1093 1250 1142 1270; x_wconf 88' lang='lat' dir='ltr'><strong>re-</strong></span> 
     </span>
     <span class='ocr_line' id='line_1_26' title="bbox 191 1282 1143 1320; baseline -0.002 -6"><span class='ocrx_word' id='word_1_169' title='bbox 191 1284 336 1314; x_wconf 88' lang='lat' dir='ltr'><strong>nuntiare</strong></span> <span class='ocrx_word' id='word_1_170' title='bbox 365 1282 532 1320; x_wconf 85' lang='lat' dir='ltr'><strong>discerent,</strong></span> <span class='ocrx_word' id='word_1_171' title='bbox 563 1287 598 1312; x_wconf 91' lang='lat' dir='ltr'><strong>ut</strong></span> <span class='ocrx_word' id='word_1_172' title='bbox 628 1293 731 1313; x_wconf 86' lang='lat' dir='ltr'><strong>novae</strong></span> <span class='ocrx_word' id='word_1_173' title='bbox 760 1288 924 1313; x_wconf 83' lang='lat' dir='ltr'><strong>creaturae</strong></span> <span class='ocrx_word' id='word_1_174' title='bbox 952 1283 1075 1319; x_wconf 90' lang='lat' dir='ltr'><strong>fierent,</strong></span> <span class='ocrx_word' id='word_1_175' title='bbox 1107 1286 1143 1312; x_wconf 89' lang='lat' dir='ltr'><strong>ut</strong></span> 
     </span>
     <span class='ocr_line' id='line_1_27' title="bbox 190 1325 1142 1365; baseline -0.001 -9"><span class='ocrx_word' id='word_1_176' title='bbox 190 1327 292 1365; x_wconf 89' lang='lat' dir='ltr'><strong>prima</strong></span> <span class='ocrx_word' id='word_1_177' title='bbox 321 1325 376 1356; x_wconf 91' lang='grc'><strong>1113</strong></span> <span class='ocrx_word' id='word_1_178' title='bbox 405 1336 499 1365; x_wconf 86' lang='lat' dir='ltr'><strong>quam</strong></span> <span class='ocrx_word' id='word_1_179' title='bbox 533 1325 571 1356; x_wconf 88' lang='lat' dir='ltr'><strong>ab</strong></span> <span class='ocrx_word' id='word_1_180' title='bbox 603 1325 728 1356; x_wconf 90' lang='lat' dir='ltr'><strong>Adamo</strong></span> <span class='ocrx_word' id='word_1_181' title='bbox 760 1332 946 1365; x_wconf 80' lang='lat' dir='ltr'><strong>acceperant</strong></span> <span class='ocrx_word' id='word_1_182' title='bbox 977 1325 1142 1365; x_wconf 86' lang='lat' dir='ltr'><strong>generatio</strong></span> 
     </span>
     <span class='ocr_line' id='line_1_28' title="bbox 189 1367 1142 1408; baseline -0.002 -9"><span class='ocrx_word' id='word_1_183' title='bbox 189 1368 422 1408; x_wconf 83' lang='lat' dir='ltr'><strong>quodammodo</strong></span> <span class='ocrx_word' id='word_1_184' title='bbox 446 1367 637 1406; x_wconf 83' lang='lat' dir='ltr'><strong>aboleretur,</strong></span> <span class='ocrx_word' id='word_1_185' title='bbox 661 1367 786 1407; x_wconf 89' lang='lat' dir='ltr'><strong>Dcique</strong></span> <span class='ocrx_word' id='word_1_186' title='bbox 810 1368 866 1398; x_wconf 86' lang='lat' dir='ltr'><strong>filii</strong></span> <span class='ocrx_word' id='word_1_187' title='bbox 888 1369 1010 1399; x_wconf 85' lang='lat' dir='ltr'><strong>fierent.</strong></span> <span class='ocrx_word' id='word_1_188' title='bbox 1035 1368 1142 1407; x_wconf 89' lang='lat' dir='ltr'><strong>Atque</strong></span> 
     </span>
     <span class='ocr_line' id='line_1_29' title="bbox 190 1410 1140 1450; baseline -0.002 -8"><span class='ocrx_word' id='word_1_189' title='bbox 190 1412 240 1442; x_wconf 86' lang='lat' dir='ltr'><strong>hic</strong></span> <span class='ocrx_word' id='word_1_190' title='bbox 270 1411 329 1442; x_wconf 86' lang='lat' dir='ltr'><strong>fuit</strong></span> <span class='ocrx_word' id='word_1_191' title='bbox 358 1410 607 1442; x_wconf 86' lang='lat' dir='ltr'><strong>circumcisionis</strong></span> <span class='ocrx_word' id='word_1_192' title='bbox 632 1421 718 1447; x_wconf 88' lang='lat' dir='ltr'><strong>usus,</strong></span> <span class='ocrx_word' id='word_1_193' title='bbox 750 1410 789 1441; x_wconf 90' lang='lat' dir='ltr'><strong>ad</strong></span> <span class='ocrx_word' id='word_1_194' title='bbox 812 1421 905 1450; x_wconf 90' lang='lat' dir='ltr'><strong>quem</strong></span> <span class='ocrx_word' id='word_1_195' title='bbox 930 1417 962 1441; x_wconf 89' lang='lat' dir='ltr'><strong>et</strong></span> <span class='ocrx_word' id='word_1_196' title='bbox 985 1410 1067 1441; x_wconf 87' lang='lat' dir='ltr'><strong>alius</strong></span> <span class='ocrx_word' id='word_1_197' title='bbox 1090 1420 1140 1440; x_wconf 91' lang='lat' dir='ltr'><strong>ac-</strong></span> 
     </span>
     <span class='ocr_line' id='line_1_30' title="bbox 189 1452 1141 1493; baseline -0.002 -8"><span class='ocrx_word' id='word_1_198' title='bbox 189 1454 329 1493; x_wconf 76' lang='lat' dir='ltr'><strong>cedebat,</strong></span> <span class='ocrx_word' id='word_1_199' title='bbox 371 1464 486 1492; x_wconf 81' lang='lat' dir='ltr'><strong>nempe</strong></span> <span class='ocrx_word' id='word_1_200' title='bbox 524 1454 652 1492; x_wconf 82' lang='lat' dir='ltr'><strong>signum</strong></span> <span class='ocrx_word' id='word_1_201' title='bbox 694 1453 924 1484; x_wconf 84' lang='lat' dir='ltr'><strong>benedictionis</strong></span> <span class='ocrx_word' id='word_1_202' title='bbox 962 1459 994 1483; x_wconf 91' lang='lat' dir='ltr'><strong>et</strong></span> <span class='ocrx_word' id='word_1_203' title='bbox 1027 1452 1141 1483; x_wconf 86' lang='lat' dir='ltr'><strong>salutis</strong></span> 
     </span>
     <span class='ocr_line' id='line_1_31' title="bbox 189 1495 1140 1536; baseline 0 -10"><span class='ocrx_word' id='word_1_204' title='bbox 189 1506 283 1536; x_wconf 90' lang='lat' dir='ltr'><strong>quam</strong></span> <span class='ocrx_word' id='word_1_205' title='bbox 316 1502 501 1535; x_wconf 80' lang='lat' dir='ltr'><strong>exspectare</strong></span> <span class='ocrx_word' id='word_1_206' title='bbox 530 1496 569 1527; x_wconf 91' lang='lat' dir='ltr'><strong>ab</strong></span> <span class='ocrx_word' id='word_1_207' title='bbox 595 1495 770 1527; x_wconf 80' lang='lat' dir='ltr'><strong>Abrahami</strong></span> <span class='ocrx_word' id='word_1_208' title='bbox 793 1496 914 1527; x_wconf 90' lang='lat' dir='ltr'><strong>semine</strong></span> <span class='ocrx_word' id='word_1_209' title='bbox 944 1502 976 1526; x_wconf 90' lang='lat' dir='ltr'><strong>et</strong></span> <span class='ocrx_word' id='word_1_210' title='bbox 1006 1495 1140 1535; x_wconf 83' lang='lat' dir='ltr'><strong>posteri-</strong></span> 
     </span>
     <span class='ocr_line' id='line_1_32' title="bbox 190 1538 1142 1578; baseline -0.002 -8"><span class='ocrx_word' id='word_1_211' title='bbox 190 1546 254 1570; x_wconf 82' lang='lat' dir='ltr'><strong>tate</strong></span> <span class='ocrx_word' id='word_1_212' title='bbox 272 1538 479 1569; x_wconf 89' lang='lat' dir='ltr'><strong>iubebantur:</strong></span> <span class='ocrx_word' id='word_1_213' title='bbox 498 1538 580 1578; x_wconf 92' lang='lat' dir='ltr'><strong>quod</strong></span> <span class='ocrx_word' id='word_1_214' title='bbox 601 1539 634 1569; x_wconf 92' lang='lat' dir='ltr'><strong>in</strong></span> <span class='ocrx_word' id='word_1_215' title='bbox 648 1538 788 1569; x_wconf 91' lang='lat' dir='ltr'><strong>Domino</strong></span> <span class='ocrx_word' id='word_1_216' title='bbox 803 1544 912 1569; x_wconf 91' lang='lat' dir='ltr'><strong>nostro</strong></span> <span class='ocrx_word' id='word_1_217' title='bbox 925 1538 999 1569; x_wconf 88' lang='lat' dir='ltr'><strong>Iesu</strong></span> <span class='ocrx_word' id='word_1_218' title='bbox 1013 1538 1142 1569; x_wconf 87' lang='lat' dir='ltr'><strong>Christo</strong></span> 
     </span>
     <span class='ocr_line' id='line_1_33' title="bbox 189 1579 1142 1621; baseline -0.001 -9"><span class='ocrx_word' id='word_1_219' title='bbox 189 1582 336 1621; x_wconf 85' lang='lat' dir='ltr'><strong>deinceps</strong></span> <span class='ocrx_word' id='word_1_220' title='bbox 359 1581 528 1621; x_wconf 87' lang='lat' dir='ltr'><strong>impletum</strong></span> <span class='ocrx_word' id='word_1_221' title='bbox 551 1581 707 1612; x_wconf 90' lang='lat' dir='ltr'><strong>videmus.</strong></span> <span class='ocrx_word' id='word_1_222' title='bbox 745 1582 815 1613; x_wconf 84' lang='lat' dir='ltr'><strong>Etsi</strong></span> <span class='ocrx_word' id='word_1_223' title='bbox 839 1582 938 1621; x_wconf 79' lang='lat' dir='ltr'><strong>igitur</strong></span> <span class='ocrx_word' id='word_1_224' title='bbox 961 1583 1063 1621; x_wconf 90' lang='lat' dir='ltr'><strong>primo</strong></span> <span class='ocrx_word' id='word_1_225' title='bbox 1087 1579 1142 1611; x_wconf 91' lang='lat' dir='ltr'><strong>ad-</strong></span> 
     </span>
     <span class='ocr_line' id='line_1_34' title="bbox 189 1623 1142 1664; baseline -0.001 -9"><span class='ocrx_word' id='word_1_226' title='bbox 189 1629 299 1664; x_wconf 81' lang='lat' dir='ltr'><strong>spectu</strong></span> <span class='ocrx_word' id='word_1_227' title='bbox 322 1623 491 1655; x_wconf 89' lang='lat' dir='ltr'><strong>ridiculum</strong></span> <span class='ocrx_word' id='word_1_228' title='bbox 513 1624 687 1660; x_wconf 85' lang='lat' dir='ltr'><strong>videbatur,</strong></span> <span class='ocrx_word' id='word_1_229' title='bbox 712 1624 916 1664; x_wconf 88' lang='lat' dir='ltr'><strong>adoptionem</strong></span> <span class='ocrx_word' id='word_1_230' title='bbox 936 1625 968 1655; x_wconf 93' lang='lat' dir='ltr'><strong>in</strong></span> <span class='ocrx_word' id='word_1_231' title='bbox 988 1624 1142 1664; x_wconf 88' lang='lat' dir='ltr'><strong>populum</strong></span> 
     </span>
     <span class='ocr_line' id='line_1_35' title="bbox 190 1666 1143 1707; baseline -0.001 -10"><span class='ocrx_word' id='word_1_232' title='bbox 190 1667 250 1697; x_wconf 90' lang='lat' dir='ltr'><strong>Dei</strong></span> <span class='ocrx_word' id='word_1_233' title='bbox 280 1673 311 1698; x_wconf 90' lang='lat' dir='ltr'><strong>et</strong></span> <span class='ocrx_word' id='word_1_234' title='bbox 339 1667 439 1707; x_wconf 88' lang='lat' dir='ltr'><strong>ipsius</strong></span> <span class='ocrx_word' id='word_1_235' title='bbox 465 1667 716 1698; x_wconf 87' lang='lat' dir='ltr'><strong>misericordiam</strong></span> <span class='ocrx_word' id='word_1_236' title='bbox 746 1667 780 1697; x_wconf 93' lang='lat' dir='ltr'><strong>in</strong></span> <span class='ocrx_word' id='word_1_237' title='bbox 804 1674 892 1706; x_wconf 88' lang='lat' dir='ltr'><strong>parte</strong></span> <span class='ocrx_word' id='word_1_238' title='bbox 916 1667 971 1698; x_wconf 89' lang='lat' dir='ltr'><strong>illa</strong></span> <span class='ocrx_word' id='word_1_239' title='bbox 995 1666 1143 1706; x_wconf 89' lang='lat' dir='ltr'><strong>pudenda</strong></span> 
     </span>
     <span class='ocr_line' id='line_1_36' title="bbox 189 1709 1143 1750; baseline -0.002 -9"><span class='ocrx_word' id='word_1_240' title='bbox 189 1710 327 1750; x_wconf 87' lang='lat' dir='ltr'><strong>corporis</strong></span> <span class='ocrx_word' id='word_1_241' title='bbox 351 1709 512 1746; x_wconf 84' lang='lat' dir='ltr'><strong>declarari,</strong></span> <span class='ocrx_word' id='word_1_242' title='bbox 536 1716 643 1740; x_wconf 88' lang='lat' dir='ltr'><strong>tamen</strong></span> <span class='ocrx_word' id='word_1_243' title='bbox 666 1709 748 1741; x_wconf 86' lang='lat' dir='ltr'><strong>bona</strong></span> <span class='ocrx_word' id='word_1_244' title='bbox 772 1711 894 1741; x_wconf 84' lang='lat' dir='ltr'><strong>ratione</strong></span> <span class='ocrx_word' id='word_1_245' title='bbox 914 1710 974 1740; x_wconf 90' lang='lat' dir='ltr'><strong>niti</strong></span> <span class='ocrx_word' id='word_1_246' title='bbox 993 1719 1143 1749; x_wconf 86' lang='lat' dir='ltr'><strong>praecep-</strong></span> 
     </span>
     <span class='ocr_line' id='line_1_37' title="bbox 190 1752 1144 1791; baseline -0.001 -9"><span class='ocrx_word' id='word_1_247' title='bbox 190 1758 258 1783; x_wconf 89' lang='lat' dir='ltr'><strong>tum</strong></span> <span class='ocrx_word' id='word_1_248' title='bbox 288 1752 457 1787; x_wconf 76' lang='lat' dir='ltr'><strong>videbitur,</strong></span> <span class='ocrx_word' id='word_1_249' title='bbox 486 1753 512 1783; x_wconf 87' lang='lat' dir='ltr'><strong>si</strong></span> <span class='ocrx_word' id='word_1_250' title='bbox 535 1752 597 1783; x_wconf 88' lang='lat' dir='ltr'><strong>Dei</strong></span> <span class='ocrx_word' id='word_1_251' title='bbox 627 1753 796 1783; x_wconf 86' lang='lat' dir='ltr'><strong>consilium</strong></span> <span class='ocrx_word' id='word_1_252' title='bbox 828 1753 973 1783; x_wconf 89' lang='lat' dir='ltr'><strong>homines</strong></span> <span class='ocrx_word' id='word_1_253' title='bbox 997 1753 1144 1791; x_wconf 81' lang='lat' dir='ltr'><strong>inspexe-</strong></span> 
     </span>
     <span class='ocr_line' id='line_1_38' title="bbox 190 1794 1144 1834; baseline 0 -9"><span class='ocrx_word' id='word_1_254' title='bbox 190 1796 263 1832; x_wconf 83' lang='lat' dir='ltr'><strong>rint,</strong></span> <span class='ocrx_word' id='word_1_255' title='bbox 288 1806 391 1834; x_wconf 90' lang='lat' dir='ltr'><strong>neque</strong></span> <span class='ocrx_word' id='word_1_256' title='bbox 403 1795 498 1825; x_wconf 84' lang='lat' dir='ltr'><strong>altius</strong></span> <span class='ocrx_word' id='word_1_257' title='bbox 517 1801 624 1826; x_wconf 89' lang='lat' dir='ltr'><strong>tamen</strong></span> <span class='ocrx_word' id='word_1_258' title='bbox 644 1796 782 1826; x_wconf 87' lang='lat' dir='ltr'><strong>scrutari</strong></span> <span class='ocrx_word' id='word_1_259' title='bbox 802 1796 974 1833; x_wconf 85' lang='lat' dir='ltr'><strong>voluerint,</strong></span> <span class='ocrx_word' id='word_1_260' title='bbox 997 1794 1052 1826; x_wconf 87' lang='lat' dir='ltr'><strong>sed</strong></span> <span class='ocrx_word' id='word_1_261' title='bbox 1071 1805 1144 1826; x_wconf 90' lang='lat' dir='ltr'><strong>cum</strong></span> 
     </span>
     <span class='ocr_line' id='line_1_39' title="bbox 189 1837 1144 1878; baseline -0.001 -10"><span class='ocrx_word' id='word_1_262' title='bbox 189 1838 343 1869; x_wconf 87' lang='lat' dir='ltr'><strong>modestia</strong></span> <span class='ocrx_word' id='word_1_263' title='bbox 366 1843 398 1868; x_wconf 91' lang='lat' dir='ltr'><strong>et</strong></span> <span class='ocrx_word' id='word_1_264' title='bbox 421 1838 601 1868; x_wconf 85' lang='lat' dir='ltr'><strong>humilitate</strong></span> <span class='ocrx_word' id='word_1_265' title='bbox 626 1837 694 1869; x_wconf 90' lang='lat' dir='ltr'><strong>Deo</strong></span> <span class='ocrx_word' id='word_1_266' title='bbox 719 1849 752 1869; x_wconf 91' lang='lat' dir='ltr'><strong>se</strong></span> <span class='ocrx_word' id='word_1_267' title='bbox 776 1849 931 1877; x_wconf 85' lang='lat' dir='ltr'><strong>suamque</strong></span> <span class='ocrx_word' id='word_1_268' title='bbox 955 1838 1144 1878; x_wconf 78' lang='lat' dir='ltr'><strong>sapientiam</strong></span> 
     </span>
     <span class='ocr_line' id='line_1_40' title="bbox 188 1880 1144 1920; baseline -0.001 -9"><span class='ocrx_word' id='word_1_269' title='bbox 188 1881 401 1911; x_wconf 86' lang='lat' dir='ltr'><strong>submiserint.</strong></span> <span class='ocrx_word' id='word_1_270' title='bbox 448 1880 529 1911; x_wconf 89' lang='lat' dir='ltr'><strong>Nam</strong></span> <span class='ocrx_word' id='word_1_271' title='bbox 559 1881 584 1912; x_wconf 87' lang='lat' dir='ltr'><strong>si</strong></span> <span class='ocrx_word' id='word_1_272' title='bbox 618 1880 679 1911; x_wconf 89' lang='lat' dir='ltr'><strong>Dei</strong></span> <span class='ocrx_word' id='word_1_273' title='bbox 711 1889 877 1920; x_wconf 79' lang='lat' dir='ltr'><strong>praecepto</strong></span> <span class='ocrx_word' id='word_1_274' title='bbox 912 1880 1144 1919; x_wconf 82' lang='lat' dir='ltr'><strong>acquieverint,</strong></span> 
     </span>
     <span class='ocr_line' id='line_1_41' title="bbox 188 1922 1143 1963; baseline 0 -10"><span class='ocrx_word' id='word_1_275' title='bbox 188 1922 313 1954; x_wconf 85' lang='lat' dir='ltr'><strong>abunde</strong></span> <span class='ocrx_word' id='word_1_276' title='bbox 336 1923 414 1962; x_wconf 87' lang='lat' dir='ltr'><strong>ipsis</strong></span> <span class='ocrx_word' id='word_1_277' title='bbox 437 1924 635 1954; x_wconf 86' lang='lat' dir='ltr'><strong>satisfactum</strong></span> <span class='ocrx_word' id='word_1_278' title='bbox 660 1924 730 1954; x_wconf 91' lang='lat' dir='ltr'><strong>erit.</strong></span> <span class='ocrx_word' id='word_1_279' title='bbox 767 1923 982 1963; x_wconf 77' lang='lat' dir='ltr'><strong>Quamobrem</strong></span> <span class='ocrx_word' id='word_1_280' title='bbox 1008 1924 1143 1954; x_wconf 88' lang='lat' dir='ltr'><strong>circum-</strong></span> 
     </span>
     <span class='ocr_line' id='line_1_42' title="bbox 188 1965 1144 2005; baseline -0.001 -8"><span class='ocrx_word' id='word_1_281' title='bbox 188 1966 264 1997; x_wconf 86' lang='lat' dir='ltr'><strong>cisio</strong></span> <span class='ocrx_word' id='word_1_282' title='bbox 285 1966 359 1997; x_wconf 87' lang='lat' dir='ltr'><strong>licet</strong></span> <span class='ocrx_word' id='word_1_283' title='bbox 382 1965 549 1996; x_wconf 88' lang='lat' dir='ltr'><strong>hominum</strong></span> <span class='ocrx_word' id='word_1_284' title='bbox 573 1967 722 2005; x_wconf 88' lang='lat' dir='ltr'><strong>opinione</strong></span> <span class='ocrx_word' id='word_1_285' title='bbox 742 1967 876 1997; x_wconf 88' lang='lat' dir='ltr'><strong>ridicula</strong></span> <span class='ocrx_word' id='word_1_286' title='bbox 894 1977 944 1997; x_wconf 86' lang='lat' dir='ltr'><strong>res</strong></span> <span class='ocrx_word' id='word_1_287' title='bbox 964 1972 1057 2002; x_wconf 80' lang='lat' dir='ltr'><strong>esset,</strong></span> <span class='ocrx_word' id='word_1_288' title='bbox 1082 1965 1144 1996; x_wconf 89' lang='lat' dir='ltr'><strong>Dei</strong></span> 
     </span>
     <span class='ocr_line' id='line_1_43' title="bbox 189 2009 1143 2048; baseline -0.001 -9"><span class='ocrx_word' id='word_1_289' title='bbox 189 2013 294 2039; x_wconf 84' lang='lat' dir='ltr'><strong>tamen</strong></span> <span class='ocrx_word' id='word_1_290' title='bbox 314 2009 436 2048; x_wconf 85' lang='lat' dir='ltr'><strong>gratiae</strong></span> <span class='ocrx_word' id='word_1_291' title='bbox 454 2015 486 2038; x_wconf 89' lang='lat' dir='ltr'><strong>et</strong></span> <span class='ocrx_word' id='word_1_292' title='bbox 503 2009 623 2039; x_wconf 81' lang='lat' dir='ltr'><strong>favoris</strong></span> <span class='ocrx_word' id='word_1_293' title='bbox 642 2009 857 2040; x_wconf 82' lang='lat' dir='ltr'><strong>indubitatum</strong></span> <span class='ocrx_word' id='word_1_294' title='bbox 878 2015 910 2039; x_wconf 91' lang='lat' dir='ltr'><strong>et</strong></span> <span class='ocrx_word' id='word_1_295' title='bbox 928 2009 1143 2040; x_wconf 86' lang='lat' dir='ltr'><strong>certissimum</strong></span> 
     </span>
     <span class='ocr_line' id='line_1_44' title="bbox 190 2051 1143 2092; baseline -0.001 -10"><span class='ocrx_word' id='word_1_296' title='bbox 190 2056 260 2082; x_wconf 84' lang='lat' dir='ltr'><strong>orat</strong></span> <span class='ocrx_word' id='word_1_297' title='bbox 282 2051 515 2082; x_wconf 83' lang='lat' dir='ltr'><strong>testimonium:</strong></span> <span class='ocrx_word' id='word_1_298' title='bbox 546 2052 578 2082; x_wconf 91' lang='lat' dir='ltr'><strong>in</strong></span> <span class='ocrx_word' id='word_1_299' title='bbox 603 2058 692 2092; x_wconf 89' lang='lat' dir='ltr'><strong>parte</strong></span> <span class='ocrx_word' id='word_1_300' title='bbox 715 2051 770 2082; x_wconf 85' lang='lat' dir='ltr'><strong>illa</strong></span> <span class='ocrx_word' id='word_1_301' title='bbox 792 2053 931 2092; x_wconf 90' lang='lat' dir='ltr'><strong>corporis</strong></span> <span class='ocrx_word' id='word_1_302' title='bbox 955 2051 1143 2082; x_wconf 88' lang='lat' dir='ltr'><strong>nominatim</strong></span> 
     </span>
     <span class='ocr_line' id='line_1_45' title="bbox 190 2094 1144 2134; baseline 0 -10"><span class='ocrx_word' id='word_1_303' title='bbox 190 2094 391 2133; x_wconf 82' lang='lat' dir='ltr'><strong>impressum,</strong></span> <span class='ocrx_word' id='word_1_304' title='bbox 422 2094 461 2125; x_wconf 91' lang='lat' dir='ltr'><strong>ob</strong></span> <span class='ocrx_word' id='word_1_305' title='bbox 493 2105 545 2124; x_wconf 89' lang='lat' dir='ltr'><strong>eas</strong></span> <span class='ocrx_word' id='word_1_306' title='bbox 574 2095 776 2134; x_wconf 85' lang='lat' dir='ltr'><strong>potissimum</strong></span> <span class='ocrx_word' id='word_1_307' title='bbox 806 2106 883 2134; x_wconf 85' lang='lat' dir='ltr'><strong>quas</strong></span> <span class='ocrx_word' id='word_1_308' title='bbox 907 2102 981 2125; x_wconf 87' lang='lat' dir='ltr'><strong>ante</strong></span> <span class='ocrx_word' id='word_1_309' title='bbox 1005 2095 1144 2125; x_wconf 90' lang='lat' dir='ltr'><strong>rationes</strong></span> 
     </span>
     <span class='ocr_line' id='line_1_46' title="bbox 192 2136 1144 2176; baseline 0 -10"><span class='ocrx_word' id='word_1_310' title='bbox 192 2136 371 2174; x_wconf 84' lang='lat' dir='ltr'><strong>attulimus;</strong></span> <span class='ocrx_word' id='word_1_311' title='bbox 403 2137 552 2176; x_wconf 90' lang='lat' dir='ltr'><strong>primum,</strong></span> <span class='ocrx_word' id='word_1_312' title='bbox 588 2145 622 2167; x_wconf 92' lang='lat' dir='ltr'><strong>ut</strong></span> <span class='ocrx_word' id='word_1_313' title='bbox 652 2148 762 2169; x_wconf 88' lang='lat' dir='ltr'><strong>omnes</strong></span> <span class='ocrx_word' id='word_1_314' title='bbox 793 2138 825 2169; x_wconf 93' lang='lat' dir='ltr'><strong>in</strong></span> <span class='ocrx_word' id='word_1_315' title='bbox 858 2137 980 2168; x_wconf 91' lang='lat' dir='ltr'><strong>Adamo</strong></span> <span class='ocrx_word' id='word_1_316' title='bbox 1013 2142 1144 2176; x_wconf 90' lang='lat' dir='ltr'><strong>propter</strong></span> 
     </span>
     <span class='ocr_line' id='line_1_47' title="bbox 193 2178 1143 2218; baseline 0.002 -10"><span class='ocrx_word' id='word_1_317' title='bbox 193 2178 291 2217; x_wconf 86' lang='lat' dir='ltr'><strong>ipsius</strong></span> <span class='ocrx_word' id='word_1_318' title='bbox 314 2188 479 2218; x_wconf 84' lang='lat' dir='ltr'><strong>peccatum</strong></span> <span class='ocrx_word' id='word_1_319' title='bbox 497 2191 566 2210; x_wconf 86' lang='lat' dir='ltr'><strong>esse</strong></span> <span class='ocrx_word' id='word_1_320' title='bbox 592 2180 774 2211; x_wconf 84' lang='lat' dir='ltr'><strong>maledictos</strong></span> <span class='ocrx_word' id='word_1_321' title='bbox 798 2180 1004 2211; x_wconf 86' lang='lat' dir='ltr'><strong>docerentur:</strong></span> <span class='ocrx_word' id='word_1_322' title='bbox 1029 2179 1143 2210; x_wconf 86' lang='lat' dir='ltr'><strong>deinde</strong></span> 
     </span>
     <span class='ocr_line' id='line_1_48' title="bbox 195 2221 1145 2263; baseline 0.003 -13"><span class='ocrx_word' id='word_1_323' title='bbox 195 2225 229 2250; x_wconf 84' lang='lat' dir='ltr'><strong>ut</strong></span> <span class='ocrx_word' id='word_1_324' title='bbox 250 2228 345 2252; x_wconf 83' lang='lat' dir='ltr'><strong>exuta</strong></span> <span class='ocrx_word' id='word_1_325' title='bbox 367 2221 539 2253; x_wconf 84' lang='lat' dir='ltr'><strong>miserabili</strong></span> <span class='ocrx_word' id='word_1_326' title='bbox 563 2222 754 2261; x_wconf 86' lang='lat' dir='ltr'><strong>conditione,</strong></span> <span class='ocrx_word' id='word_1_327' title='bbox 776 2223 835 2254; x_wconf 91' lang='lat' dir='ltr'><strong>sibi</strong></span> <span class='ocrx_word' id='word_1_328' title='bbox 860 2223 936 2263; x_wconf 92' lang='lat' dir='ltr'><strong>ipsis</strong></span> <span class='ocrx_word' id='word_1_329' title='bbox 960 2223 1145 2253; x_wconf 86' lang='lat' dir='ltr'><strong>renuntiare</strong></span> 
     </span>
     <span class='ocr_line' id='line_1_49' title="bbox 197 2261 1144 2304; baseline 0.004 -12"><span class='ocrx_word' id='word_1_330' title='bbox 197 2261 360 2301; x_wconf 84' lang='lat' dir='ltr'><strong>discerent,</strong></span> <span class='ocrx_word' id='word_1_331' title='bbox 382 2275 534 2304; x_wconf 88' lang='lat' dir='ltr'><strong>suamque</strong></span> <span class='ocrx_word' id='word_1_332' title='bbox 547 2276 674 2296; x_wconf 90' lang='lat' dir='ltr'><strong>omnem</strong></span> <span class='ocrx_word' id='word_1_333' title='bbox 694 2265 924 2296; x_wconf 88' lang='lat' dir='ltr'><strong>beatitudinem</strong></span> <span class='ocrx_word' id='word_1_334' title='bbox 938 2271 969 2296; x_wconf 91' lang='lat' dir='ltr'><strong>et</strong></span> <span class='ocrx_word' id='word_1_335' title='bbox 981 2276 1144 2296; x_wconf 91' lang='lat' dir='ltr'><strong>summum</strong></span> 
     </span>
     <span class='ocr_line' id='line_1_50' title="bbox 195 2305 1144 2339; baseline 0.004 -5"><span class='ocrx_word' id='word_1_336' title='bbox 195 2305 311 2335; x_wconf 92' lang='lat' dir='ltr'><strong>bonum</strong></span> <span class='ocrx_word' id='word_1_337' title='bbox 345 2307 378 2336; x_wconf 92' lang='lat' dir='ltr'><strong>in</strong></span> <span class='ocrx_word' id='word_1_338' title='bbox 416 2318 479 2337; x_wconf 92' lang='lat' dir='ltr'><strong>uno</strong></span> <span class='ocrx_word' id='word_1_339' title='bbox 513 2308 586 2338; x_wconf 88' lang='lat' dir='ltr'><strong>Iesu</strong></span> <span class='ocrx_word' id='word_1_340' title='bbox 621 2308 751 2339; x_wconf 89' lang='lat' dir='ltr'><strong>Christo</strong></span> <span class='ocrx_word' id='word_1_341' title='bbox 789 2308 926 2339; x_wconf 87' lang='lat' dir='ltr'><strong>Domino</strong></span> <span class='ocrx_word' id='word_1_342' title='bbox 964 2314 1071 2339; x_wconf 88' lang='lat' dir='ltr'><strong>nostro</strong></span> <span class='ocrx_word' id='word_1_343' title='bbox 1105 2319 1144 2338; x_wconf 83' lang='lat' dir='ltr'><strong>ex</strong></span> 
     </span>
     <span class='ocr_line' id='line_1_51' title="bbox 195 2346 1145 2390; baseline 0.004 -13"><span class='ocrx_word' id='word_1_344' title='bbox 195 2346 372 2378; x_wconf 87' lang='lat' dir='ltr'><strong>Abrahami</strong></span> <span class='ocrx_word' id='word_1_345' title='bbox 408 2354 439 2379; x_wconf 88' lang='lat' dir='ltr'><strong>et</strong></span> <span class='ocrx_word' id='word_1_346' title='bbox 470 2350 602 2381; x_wconf 83' lang='lat' dir='ltr'><strong>Davidis</strong></span> <span class='ocrx_word' id='word_1_347' title='bbox 632 2351 731 2390; x_wconf 81' lang='lat' dir='ltr'><strong>stirpe</strong></span> <span class='ocrx_word' id='word_1_348' title='bbox 759 2352 894 2382; x_wconf 86' lang='lat' dir='ltr'><strong>oriundo</strong></span> <span class='ocrx_word' id='word_1_349' title='bbox 928 2362 1081 2390; x_wconf 86' lang='lat' dir='ltr'><strong>quaerere</strong></span> <span class='ocrx_word' id='word_1_350' title='bbox 1113 2358 1145 2381; x_wconf 83' lang='lat' dir='ltr'><strong>et</strong></span> 
     </span>
     <span class='ocr_line' id='line_1_52' title="bbox 197 2391 1143 2437; baseline 0.005 -18"><span class='ocrx_word' id='word_1_351' title='bbox 197 2396 390 2437; x_wconf 74' lang='lat' dir='ltr'><strong>exspectare.</strong></span> <span class='ocrx_word' id='word_1_352' title='bbox 435 2391 649 2430; x_wconf 76' lang='lat' dir='ltr'><strong>Quamobrem</strong></span> <span class='ocrx_word' id='word_1_353' title='bbox 673 2393 785 2424; x_wconf 88' lang='lat' dir='ltr'><strong>Iudaei</strong></span> <span class='ocrx_word' id='word_1_354' title='bbox 816 2394 1054 2425; x_wconf 85' lang='lat' dir='ltr'><strong>circumcisione</strong></span> <span class='ocrx_word' id='word_1_355' title='bbox 1078 2393 1143 2433; x_wconf 83' lang='lat' dir='ltr'><strong>glo-</strong></span> 
     </span>
     <span class='ocr_line' id='line_1_53' title="bbox 198 2433 1144 2476; baseline 0.005 -15"><span class='ocrx_word' id='word_1_356' title='bbox 198 2438 327 2471; x_wconf 82' lang='lat' dir='ltr'><strong>riantes,</strong></span> <span class='ocrx_word' id='word_1_357' title='bbox 364 2440 395 2463; x_wconf 88' lang='lat' dir='ltr'><strong>et</strong></span> <span class='ocrx_word' id='word_1_358' title='bbox 427 2433 607 2467; x_wconf 85' lang='lat' dir='ltr'><strong>incredulos</strong></span> <span class='ocrx_word' id='word_1_359' title='bbox 640 2443 826 2468; x_wconf 86' lang='lat' dir='ltr'><strong>aversantes</strong></span> <span class='ocrx_word' id='word_1_360' title='bbox 856 2443 888 2467; x_wconf 90' lang='lat' dir='ltr'><strong>et</strong></span> <span class='ocrx_word' id='word_1_361' title='bbox 925 2436 1144 2476; x_wconf 83' lang='lat' dir='ltr'><strong>dedignantes,</strong></span> 
     </span>
     <span class='ocr_line' id='line_1_54' title="bbox 198 2475 1145 2519; baseline 0.005 -15"><span class='ocrx_word' id='word_1_362' title='bbox 198 2475 400 2514; x_wconf 84' lang='lat' dir='ltr'><strong>praeputium</strong></span> <span class='ocrx_word' id='word_1_363' title='bbox 431 2477 506 2515; x_wconf 91' lang='lat' dir='ltr'><strong>ipsis</strong></span> <span class='ocrx_word' id='word_1_364' title='bbox 538 2478 738 2515; x_wconf 85' lang='lat' dir='ltr'><strong>obiiciebant‚</strong></span> <span class='ocrx_word' id='word_1_365' title='bbox 771 2479 855 2519; x_wconf 90' lang='lat' dir='ltr'><strong>quod</strong></span> <span class='ocrx_word' id='word_1_366' title='bbox 886 2480 947 2519; x_wconf 92' lang='lat' dir='ltr'><strong>ipsi</strong></span> <span class='ocrx_word' id='word_1_367' title='bbox 975 2490 1015 2510; x_wconf 78' lang='lat' dir='ltr'><strong>ex</strong></span> <span class='ocrx_word' id='word_1_368' title='bbox 1044 2479 1145 2510; x_wconf 84' lang='lat' dir='ltr'><strong>Abra-</strong></span> 
     </span>
     <span class='ocr_line' id='line_1_55' title="bbox 198 2518 1145 2564; baseline 0.006 -18"><span class='ocrx_word' id='word_1_369' title='bbox 198 2518 293 2547; x_wconf 89' lang='lat' dir='ltr'><strong>hamo</strong></span> <span class='ocrx_word' id='word_1_370' title='bbox 315 2523 421 2564; x_wconf 83' lang='lat' dir='ltr'><strong>essent</strong></span> <span class='ocrx_word' id='word_1_371' title='bbox 443 2519 568 2550; x_wconf 89' lang='lat' dir='ltr'><strong>oriundi</strong></span> <span class='ocrx_word' id='word_1_372' title='bbox 591 2526 622 2552; x_wconf 93' lang='lat' dir='ltr'><strong>et</strong></span> <span class='ocrx_word' id='word_1_373' title='bbox 651 2522 878 2561; x_wconf 88' lang='lat' dir='ltr'><strong>promissiones</strong></span> <span class='ocrx_word' id='word_1_374' title='bbox 900 2521 959 2553; x_wconf 87' lang='lat' dir='ltr'><strong>sibi</strong></span> <span class='ocrx_word' id='word_1_375' title='bbox 983 2522 1083 2553; x_wconf 87' lang='lat' dir='ltr'><strong>factas</strong></span> <span class='ocrx_word' id='word_1_376' title='bbox 1112 2527 1145 2552; x_wconf 89' lang='lat' dir='ltr'><strong>et</strong></span> 
     </span>
     <span class='ocr_line' id='line_1_56' title="bbox 197 2560 1145 2602; baseline 0.006 -13"><span class='ocrx_word' id='word_1_377' title='bbox 197 2560 435 2590; x_wconf 80' lang='lat' dir='ltr'><strong>circumcisione</strong></span> <span class='ocrx_word' id='word_1_378' title='bbox 458 2561 638 2602; x_wconf 84' lang='lat' dir='ltr'><strong>obsignatas</strong></span> <span class='ocrx_word' id='word_1_379' title='bbox 656 2564 821 2595; x_wconf 87' lang='lat' dir='ltr'><strong>haberent.</strong></span> <span class='ocrx_word' id='word_1_380' title='bbox 845 2565 953 2596; x_wconf 90' lang='lat' dir='ltr'><strong>Huius</strong></span> <span class='ocrx_word' id='word_1_381' title='bbox 976 2565 1021 2595; x_wconf 86' lang='lat' dir='ltr'><strong>rei</strong></span> <span class='ocrx_word' id='word_1_382' title='bbox 1040 2575 1145 2595; x_wconf 80' lang='lat' dir='ltr'><strong>exem-</strong></span> 
     </span>
     <span class='ocr_line' id='line_1_57' title="bbox 198 2603 1144 2644; baseline 0.007 -13"><span class='ocrx_word' id='word_1_383' title='bbox 198 2603 285 2641; x_wconf 88' lang='lat' dir='ltr'><strong>plum</strong></span> <span class='ocrx_word' id='word_1_384' title='bbox 309 2612 407 2642; x_wconf 89' lang='lat' dir='ltr'><strong>supra</strong></span> <span class='ocrx_word' id='word_1_385' title='bbox 428 2603 462 2633; x_wconf 91' lang='lat' dir='ltr'><strong>in</strong></span> <span class='ocrx_word' id='word_1_386' title='bbox 485 2603 610 2636; x_wconf 89' lang='lat' dir='ltr'><strong>Davide</strong></span> <span class='ocrx_word' id='word_1_387' title='bbox 633 2606 779 2644; x_wconf 90' lang='lat' dir='ltr'><strong>vidimus,</strong></span> <span class='ocrx_word' id='word_1_388' title='bbox 802 2607 954 2639; x_wconf 89' lang='lat' dir='ltr'><strong>Goliatho</strong></span> <span class='ocrx_word' id='word_1_389' title='bbox 977 2607 1022 2638; x_wconf 87' lang='lat' dir='ltr'><strong>sic</strong></span> <span class='ocrx_word' id='word_1_390' title='bbox 1044 2607 1144 2638; x_wconf 89' lang='lat' dir='ltr'><strong>insul-</strong></span> 
     </span>
     <span class='ocr_line' id='line_1_58' title="bbox 199 2644 1144 2689; baseline 0.005 -13"><span class='ocrx_word' id='word_1_391' title='bbox 199 2649 302 2676; x_wconf 86' lang='lat' dir='ltr'><strong>tante:</strong></span> <span class='ocrx_word' id='word_1_392' title='bbox 328 2644 427 2676; x_wconf 75' lang='lat' dir='ltr'><strong>Istene</strong></span> <span class='ocrx_word' id='word_1_393' title='bbox 447 2645 676 2680; x_wconf 71' lang='lat' dir='ltr'><strong>incircumcisus</strong></span> <span class='ocrx_word' id='word_1_394' title='bbox 688 2650 811 2689; x_wconf 76' lang='lat' dir='ltr'><strong>impune</strong></span> <span class='ocrx_word' id='word_1_395' title='bbox 830 2650 891 2681; x_wconf 76' lang='lat' dir='ltr'><strong>Dei</strong></span> <span class='ocrx_word' id='word_1_396' title='bbox 912 2650 1040 2681; x_wconf 70' lang='lat' dir='ltr'><strong>viventis</strong></span> <span class='ocrx_word' id='word_1_397' title='bbox 1058 2660 1144 2681; x_wconf 70' lang='lat' dir='ltr'><strong>exer-</strong></span> 
     </span>
    </p>
   </div>
   <div class='ocr_carea' id='block_1_4' title="bbox 821 208 1524 240">
    <p class='ocr_par' dir='ltr' id='par_1_4' title="bbox 821 208 1524 240">
     <span class='ocr_line' id='line_1_59' title="bbox 821 208 1524 240; baseline 0.001 -2"><span class='ocrx_word' id='word_1_398' title='bbox 821 208 865 238; x_wconf 91' lang='lat' dir='ltr'><strong>IN</strong></span> <span class='ocrx_word' id='word_1_399' title='bbox 892 209 915 240; x_wconf 90' lang='lat'><strong>1.</strong></span> <span class='ocrx_word' id='word_1_400' title='bbox 941 209 1028 239; x_wconf 87' lang='lat' dir='ltr'><strong>LIB.</strong></span> <span class='ocrx_word' id='word_1_401' title='bbox 1050 208 1247 240; x_wconf 74' lang='lat' dir='ltr'><strong>SAMUEL.</strong></span> <span class='ocrx_word' id='word_1_402' title='bbox 1273 209 1370 240; x_wconf 64' lang='lat' dir='ltr'><strong>CAP.</strong></span> <span class='ocrx_word' id='word_1_403' title='bbox 1394 209 1524 239; x_wconf 79' lang='lat' dir='ltr'>XVIII.</span> 
     </span>
    </p>
   </div>
   <div class='ocr_carea' id='block_1_5' title="bbox 1168 310 1172 2189">
    <p class='ocr_par' dir='ltr' id='par_1_5' title="bbox 1168 310 1172 2189">
     <span class='ocr_line' id='line_1_60' title="bbox 1168 310 1172 2189; baseline 0 0"><span class='ocrx_word' id='word_1_404' title='bbox 1168 310 1172 2189; x_wconf 95' lang='lat' dir='ltr'><strong> </strong></span> 
     </span>
    </p>
   </div>
   <div class='ocr_carea' id='block_1_6' title="bbox 2094 209 2157 239">
    <p class='ocr_par' dir='ltr' id='par_1_6' title="bbox 2094 209 2157 239">
     <span class='ocr_line' id='line_1_61' title="bbox 2094 209 2157 239; baseline 0 0"><span class='ocrx_word' id='word_1_405' title='bbox 2094 209 2157 239; x_wconf 57' lang='lat'><strong>2¹³4</strong></span> 
     </span>
    </p>
   </div>
   <div class='ocr_carea' id='block_1_7' title="bbox 1191 302 2154 2722">
    <p class='ocr_par' dir='ltr' id='par_1_7' title="bbox 1191 302 2154 1108">
     <span class='ocr_line' id='line_1_62' title="bbox 1193 302 2151 344; baseline 0.003 -12"><span class='ocrx_word' id='word_1_406' title='bbox 1193 303 1266 333; x_wconf 69' lang='lat' dir='ltr'><strong>citui</strong></span> <span class='ocrx_word' id='word_1_407' title='bbox 1296 302 1512 341; x_wconf 58' lang='lat' dir='ltr'><strong>exprobraret?</strong></span> <span class='ocrx_word' id='word_1_408' title='bbox 1558 302 1659 342; x_wconf 78' lang='lat' dir='ltr'><strong>Quasi</strong></span> <span class='ocrx_word' id='word_1_409' title='bbox 1690 303 1825 335; x_wconf 87' lang='lat' dir='ltr'><strong>diceret:</strong></span> <span class='ocrx_word' id='word_1_410' title='bbox 1861 303 1970 335; x_wconf 89' lang='lat' dir='ltr'><strong>Istenc</strong></span> <span class='ocrx_word' id='word_1_411' title='bbox 2002 303 2151 344; x_wconf 83' lang='lat' dir='ltr'><strong>infidelis,</strong></span> 
     </span>
     <span class='ocr_line' id='line_1_63' title="bbox 1194 344 2152 382; baseline 0.004 -8"><span class='ocrx_word' id='word_1_412' title='bbox 1194 344 1370 377; x_wconf 72' lang='lat' dir='ltr'><strong>idololatra,</strong></span> <span class='ocrx_word' id='word_1_413' title='bbox 1402 345 1439 375; x_wconf 91' lang='lat' dir='ltr'><strong>ab</strong></span> <span class='ocrx_word' id='word_1_414' title='bbox 1463 345 1595 376; x_wconf 81' lang='lat' dir='ltr'><strong>ecclesia</strong></span> <span class='ocrx_word' id='word_1_415' title='bbox 1620 345 1678 376; x_wconf 91' lang='lat' dir='ltr'><strong>Dei</strong></span> <span class='ocrx_word' id='word_1_416' title='bbox 1704 354 1878 377; x_wconf 76' lang='lat' dir='ltr'><strong>extraneus</strong></span> <span class='ocrx_word' id='word_1_417' title='bbox 1902 354 1933 377; x_wconf 89' lang='lat' dir='ltr'><strong>et</strong></span> <span class='ocrx_word' id='word_1_418' title='bbox 1964 347 2152 382; x_wconf 84' lang='lat' dir='ltr'><strong>reiectitius,</strong></span> 
     </span>
     <span class='ocr_line' id='line_1_64' title="bbox 1194 387 2153 428; baseline 0.003 -11"><span class='ocrx_word' id='word_1_419' title='bbox 1194 387 1284 417; x_wconf 83' lang='lat' dir='ltr'><strong>nobis</strong></span> <span class='ocrx_word' id='word_1_420' title='bbox 1304 387 1468 424; x_wconf 64' lang='lat' dir='ltr'><strong>Israelitis,</strong></span> <span class='ocrx_word' id='word_1_421' title='bbox 1492 388 1551 418; x_wconf 86' lang='lat' dir='ltr'><strong>Dei</strong></span> <span class='ocrx_word' id='word_1_422' title='bbox 1577 388 1702 427; x_wconf 89' lang='lat' dir='ltr'><strong>populo,</strong></span> <span class='ocrx_word' id='word_1_423' title='bbox 1727 399 1762 419; x_wconf 87' lang='lat' dir='ltr'><strong>ac</strong></span> <span class='ocrx_word' id='word_1_424' title='bbox 1782 389 1841 428; x_wconf 86' lang='lat' dir='ltr'><strong>ipsi</strong></span> <span class='ocrx_word' id='word_1_425' title='bbox 1862 389 1930 420; x_wconf 89' lang='lat' dir='ltr'><strong>Deo</strong></span> <span class='ocrx_word' id='word_1_426' title='bbox 1954 389 2153 420; x_wconf 81' lang='lat' dir='ltr'><strong>insultaret?</strong></span> 
     </span>
     <span class='ocr_line' id='line_1_65' title="bbox 1194 430 2150 471; baseline 0.004 -12"><span class='ocrx_word' id='word_1_427' title='bbox 1194 440 1290 467; x_wconf 83' lang='lat' dir='ltr'><strong>qnare</strong></span> <span class='ocrx_word' id='word_1_428' title='bbox 1315 430 1357 460; x_wconf 88' lang='lat' dir='ltr'><strong>ita</strong></span> <span class='ocrx_word' id='word_1_429' title='bbox 1377 430 1538 469; x_wconf 73' lang='lat' dir='ltr'><strong>loquitur?</strong></span> <span class='ocrx_word' id='word_1_430' title='bbox 1564 431 1695 470; x_wconf 85' lang='lat' dir='ltr'><strong>Nempe,</strong></span> <span class='ocrx_word' id='word_1_431' title='bbox 1719 432 1870 471; x_wconf 81' lang='lat' dir='ltr'><strong>quoniam</strong></span> <span class='ocrx_word' id='word_1_432' title='bbox 1894 432 2150 464; x_wconf 87' lang='lat' dir='ltr'><strong>incircumcisus.</strong></span> 
     </span>
     <span class='ocr_line' id='line_1_66' title="bbox 1194 472 2152 513; baseline 0.003 -11"><span class='ocrx_word' id='word_1_433' title='bbox 1194 472 1267 503; x_wconf 86' lang='lat' dir='ltr'><strong>Huc</strong></span> <span class='ocrx_word' id='word_1_434' title='bbox 1290 483 1365 512; x_wconf 82' lang='lat' dir='ltr'><strong>ergo</strong></span> <span class='ocrx_word' id='word_1_435' title='bbox 1389 472 1469 503; x_wconf 70' lang='lat' dir='ltr'><strong>Saul</strong></span> <span class='ocrx_word' id='word_1_436' title='bbox 1493 473 1666 512; x_wconf 83' lang='lat' dir='ltr'><strong>respiciens</strong></span> <span class='ocrx_word' id='word_1_437' title='bbox 1690 484 1873 513; x_wconf 85' lang='lat' dir='ltr'><strong>quanquam</strong></span> <span class='ocrx_word' id='word_1_438' title='bbox 1897 474 1996 506; x_wconf 86' lang='lat' dir='ltr'><strong>stulte</strong></span> <span class='ocrx_word' id='word_1_439' title='bbox 2019 482 2050 505; x_wconf 92' lang='lat' dir='ltr'><strong>et</strong></span> <span class='ocrx_word' id='word_1_440' title='bbox 2074 474 2152 505; x_wconf 85' lang='lat' dir='ltr'><strong>ridi-</strong></span> 
     </span>
     <span class='ocr_line' id='line_1_67' title="bbox 1193 515 2150 557; baseline 0.004 -13"><span class='ocrx_word' id='word_1_441' title='bbox 1193 515 1264 545; x_wconf 88' lang='lat' dir='ltr'><strong>cule</strong></span> <span class='ocrx_word' id='word_1_442' title='bbox 1287 515 1371 552; x_wconf 75' lang='lat' dir='ltr'><strong>facit,</strong></span> <span class='ocrx_word' id='word_1_443' title='bbox 1403 516 1569 554; x_wconf 86' lang='lat' dir='ltr'><strong>praeputia</strong></span> <span class='ocrx_word' id='word_1_444' title='bbox 1592 516 1839 547; x_wconf 81' lang='lat' dir='ltr'><strong>Philistinorum</strong></span> <span class='ocrx_word' id='word_1_445' title='bbox 1864 518 1965 556; x_wconf 86' lang='lat' dir='ltr'><strong>petiit,</strong></span> <span class='ocrx_word' id='word_1_446' title='bbox 1996 524 2150 557; x_wconf 88' lang='lat' dir='ltr'><strong>tanquam</strong></span> 
     </span>
     <span class='ocr_line' id='line_1_68' title="bbox 1194 557 2153 599; baseline 0.004 -12"><span class='ocrx_word' id='word_1_447' title='bbox 1194 557 1334 597; x_wconf 85' lang='lat' dir='ltr'><strong>insignia</strong></span> <span class='ocrx_word' id='word_1_448' title='bbox 1365 557 1504 587; x_wconf 85' lang='lat' dir='ltr'><strong>hostium</strong></span> <span class='ocrx_word' id='word_1_449' title='bbox 1537 558 1644 597; x_wconf 91' lang='lat' dir='ltr'><strong>populi</strong></span> <span class='ocrx_word' id='word_1_450' title='bbox 1675 558 1754 596; x_wconf 87' lang='lat' dir='ltr'><strong>Dei,</strong></span> <span class='ocrx_word' id='word_1_451' title='bbox 1785 566 1817 590; x_wconf 85' lang='lat' dir='ltr'><strong>ct</strong></span> <span class='ocrx_word' id='word_1_452' title='bbox 1846 559 1909 590; x_wconf 87' lang='lat' dir='ltr'><strong>illis</strong></span> <span class='ocrx_word' id='word_1_453' title='bbox 1940 560 2153 599; x_wconf 80' lang='lat' dir='ltr'><strong>ignominiose</strong></span> 
     </span>
     <span class='ocr_line' id='line_1_69' title="bbox 1194 600 2154 643; baseline 0.004 -14"><span class='ocrx_word' id='word_1_454' title='bbox 1194 600 1378 630; x_wconf 85' lang='lat' dir='ltr'><strong>insultaret:</strong></span> <span class='ocrx_word' id='word_1_455' title='bbox 1403 600 1463 636; x_wconf 88' lang='lat' dir='ltr'><strong>En,</strong></span> <span class='ocrx_word' id='word_1_456' title='bbox 1489 601 1676 631; x_wconf 87' lang='lat' dir='ltr'><strong>miserorum</strong></span> <span class='ocrx_word' id='word_1_457' title='bbox 1701 602 1855 633; x_wconf 74' lang='lat' dir='ltr'><strong>adversus</strong></span> <span class='ocrx_word' id='word_1_458' title='bbox 1879 602 1985 633; x_wconf 80' lang='lat' dir='ltr'><strong>Deum</strong></span> <span class='ocrx_word' id='word_1_459' title='bbox 2005 613 2154 643; x_wconf 85' lang='lat' dir='ltr'><strong>pugnan-</strong></span> 
     </span>
     <span class='ocr_line' id='line_1_70' title="bbox 1193 642 2152 685; baseline 0.004 -13"><span class='ocrx_word' id='word_1_460' title='bbox 1193 642 1274 672; x_wconf 90' lang='lat' dir='ltr'><strong>tium</strong></span> <span class='ocrx_word' id='word_1_461' title='bbox 1298 642 1448 680; x_wconf 77' lang='lat' dir='ltr'><strong>insignia,</strong></span> <span class='ocrx_word' id='word_1_462' title='bbox 1471 653 1511 673; x_wconf 88' lang='lat' dir='ltr'><strong>cn</strong></span> <span class='ocrx_word' id='word_1_463' title='bbox 1535 643 1661 674; x_wconf 88' lang='lat' dir='ltr'><strong>illorum</strong></span> <span class='ocrx_word' id='word_1_464' title='bbox 1685 645 1816 675; x_wconf 80' lang='lat' dir='ltr'><strong>exitum.</strong></span> <span class='ocrx_word' id='word_1_465' title='bbox 1841 645 1930 685; x_wconf 85' lang='lat' dir='ltr'><strong>Ergo</strong></span> <span class='ocrx_word' id='word_1_466' title='bbox 1949 644 2029 676; x_wconf 79' lang='lat' dir='ltr'><strong>Saul</strong></span> <span class='ocrx_word' id='word_1_467' title='bbox 2052 646 2152 676; x_wconf 87' lang='lat' dir='ltr'><strong>simu—</strong></span> 
     </span>
     <span class='ocr_line' id='line_1_71' title="bbox 1194 685 2151 725; baseline 0.005 -11"><span class='ocrx_word' id='word_1_468' title='bbox 1194 685 1281 715; x_wconf 86' lang='lat' dir='ltr'><strong>labat</strong></span> <span class='ocrx_word' id='word_1_469' title='bbox 1303 696 1336 716; x_wconf 88' lang='lat' dir='ltr'><strong>se</strong></span> <span class='ocrx_word' id='word_1_470' title='bbox 1356 685 1600 715; x_wconf 87' lang='lat' dir='ltr'><strong>Philistinorum</strong></span> <span class='ocrx_word' id='word_1_471' title='bbox 1625 692 1775 725; x_wconf 88' lang='lat' dir='ltr'><strong>tanquam</strong></span> <span class='ocrx_word' id='word_1_472' title='bbox 1796 687 1858 717; x_wconf 90' lang='lat' dir='ltr'><strong>Dei</strong></span> <span class='ocrx_word' id='word_1_473' title='bbox 1878 687 2019 718; x_wconf 84' lang='lat' dir='ltr'><strong>hostium</strong></span> <span class='ocrx_word' id='word_1_474' title='bbox 2039 698 2151 719; x_wconf 89' lang='lat' dir='ltr'><strong>necem</strong></span> 
     </span>
     <span class='ocr_line' id='line_1_72' title="bbox 1194 727 2152 769; baseline 0.003 -11"><span class='ocrx_word' id='word_1_475' title='bbox 1194 732 1224 758; x_wconf 88' lang='lat' dir='ltr'><strong>et</strong></span> <span class='ocrx_word' id='word_1_476' title='bbox 1256 727 1420 758; x_wconf 87' lang='lat' dir='ltr'><strong>interitum</strong></span> <span class='ocrx_word' id='word_1_477' title='bbox 1452 738 1614 767; x_wconf 85' lang='lat' dir='ltr'><strong>quaerere,</strong></span> <span class='ocrx_word' id='word_1_478' title='bbox 1644 739 1827 769; x_wconf 83' lang='lat' dir='ltr'><strong>quanquam</strong></span> <span class='ocrx_word' id='word_1_479' title='bbox 1852 740 1965 761; x_wconf 84' lang='lat' dir='ltr'><strong>revera</strong></span> <span class='ocrx_word' id='word_1_480' title='bbox 1988 730 2022 760; x_wconf 92' lang='lat' dir='ltr'><strong>in</strong></span> <span class='ocrx_word' id='word_1_481' title='bbox 2046 731 2152 762; x_wconf 90' lang='lat' dir='ltr'><strong>animo</strong></span> 
     </span>
     <span class='ocr_line' id='line_1_73' title="bbox 1195 770 2153 812; baseline 0.004 -12"><span class='ocrx_word' id='word_1_482' title='bbox 1195 770 1311 801; x_wconf 87' lang='lat' dir='ltr'><strong>Davidi</strong></span> <span class='ocrx_word' id='word_1_483' title='bbox 1342 770 1520 810; x_wconf 85' lang='lat' dir='ltr'><strong>periculum</strong></span> <span class='ocrx_word' id='word_1_484' title='bbox 1544 777 1693 809; x_wconf 88' lang='lat' dir='ltr'><strong>strueret,</strong></span> <span class='ocrx_word' id='word_1_485' title='bbox 1725 780 1758 802; x_wconf 88' lang='lat' dir='ltr'><strong>ut</strong></span> <span class='ocrx_word' id='word_1_486' title='bbox 1782 772 1815 802; x_wconf 90' lang='lat' dir='ltr'><strong>in</strong></span> <span class='ocrx_word' id='word_1_487' title='bbox 1845 773 1987 812; x_wconf 78' lang='lat' dir='ltr'><strong>ipsorum</strong></span> <span class='ocrx_word' id='word_1_488' title='bbox 2011 772 2153 804; x_wconf 88' lang='lat' dir='ltr'><strong>hostium</strong></span> 
     </span>
     <span class='ocr_line' id='line_1_74' title="bbox 1194 813 2152 854; baseline 0.004 -12"><span class='ocrx_word' id='word_1_489' title='bbox 1194 823 1310 843; x_wconf 87' lang='lat' dir='ltr'><strong>manus</strong></span> <span class='ocrx_word' id='word_1_490' title='bbox 1341 813 1471 843; x_wconf 90' lang='lat' dir='ltr'><strong>veniens</strong></span> <span class='ocrx_word' id='word_1_491' title='bbox 1495 813 1740 844; x_wconf 86' lang='lat' dir='ltr'><strong>interficeretur.</strong></span> <span class='ocrx_word' id='word_1_492' title='bbox 1788 815 1830 845; x_wconf 85' lang='lat' dir='ltr'><strong>Et</strong></span> <span class='ocrx_word' id='word_1_493' title='bbox 1859 815 1987 854; x_wconf 88' lang='lat' dir='ltr'><strong>quidem</strong></span> <span class='ocrx_word' id='word_1_494' title='bbox 2011 816 2071 846; x_wconf 89' lang='lat' dir='ltr'><strong>ait:</strong></span> <span class='ocrx_word' id='word_1_495' title='bbox 2114 815 2152 847; x_wconf 75' lang='lat' dir='ltr'><strong>Ut</strong></span> 
     </span>
     <span class='ocr_line' id='line_1_75' title="bbox 1191 856 2152 896; baseline 0.004 -11"><span class='ocrx_word' id='word_1_496' title='bbox 1191 856 1244 894; x_wconf 63' lang='lat' dir='ltr'><strong>fiat</strong></span> <span class='ocrx_word' id='word_1_497' title='bbox 1267 856 1343 886; x_wconf 71' lang='lat' dir='ltr'><strong>ultio</strong></span> <span class='ocrx_word' id='word_1_498' title='bbox 1366 856 1401 886; x_wconf 77' lang='lat' dir='ltr'><strong>de</strong></span> <span class='ocrx_word' id='word_1_499' title='bbox 1423 856 1560 886; x_wconf 73' lang='lat' dir='ltr'><strong>inimicis</strong></span> <span class='ocrx_word' id='word_1_500' title='bbox 1582 857 1683 895; x_wconf 71' lang='lat' dir='ltr'><strong>reyis:</strong></span> <span class='ocrx_word' id='word_1_501' title='bbox 1706 857 1759 887; x_wconf 88' lang='lat' dir='ltr'><strong>sed</strong></span> <span class='ocrx_word' id='word_1_502' title='bbox 1785 868 1862 896; x_wconf 87' lang='lat' dir='ltr'><strong>quos</strong></span> <span class='ocrx_word' id='word_1_503' title='bbox 1883 864 1990 888; x_wconf 88' lang='lat' dir='ltr'><strong>tamen</strong></span> <span class='ocrx_word' id='word_1_504' title='bbox 2015 859 2152 890; x_wconf 88' lang='lat' dir='ltr'><strong>victores</strong></span> 
     </span>
     <span class='ocr_line' id='line_1_76' title="bbox 1194 898 2153 941; baseline 0.004 -13"><span class='ocrx_word' id='word_1_505' title='bbox 1194 898 1366 933; x_wconf 83' lang='lat' dir='ltr'><strong>maluisset,</strong></span> <span class='ocrx_word' id='word_1_506' title='bbox 1398 898 1504 928; x_wconf 88' lang='lat' dir='ltr'><strong>hostes</strong></span> <span class='ocrx_word' id='word_1_507' title='bbox 1534 898 1661 928; x_wconf 89' lang='lat' dir='ltr'><strong>divinae</strong></span> <span class='ocrx_word' id='word_1_508' title='bbox 1693 899 1772 939; x_wconf 83' lang='lat' dir='ltr'><strong>legis</strong></span> <span class='ocrx_word' id='word_1_509' title='bbox 1803 906 1833 930; x_wconf 89' lang='lat' dir='ltr'><strong>et</strong></span> <span class='ocrx_word' id='word_1_510' title='bbox 1856 910 1953 931; x_wconf 85' lang='lat' dir='ltr'><strong>verae</strong></span> <span class='ocrx_word' id='word_1_511' title='bbox 1977 901 2153 941; x_wconf 79' lang='lat' dir='ltr'><strong>religionis,</strong></span> 
     </span>
     <span class='ocr_line' id='line_1_77' title="bbox 1193 940 2154 982; baseline 0.004 -12"><span class='ocrx_word' id='word_1_512' title='bbox 1193 951 1288 980; x_wconf 88' lang='lat' dir='ltr'><strong>quam</strong></span> <span class='ocrx_word' id='word_1_513' title='bbox 1309 940 1469 971; x_wconf 88' lang='lat' dir='ltr'><strong>Davidem</strong></span> <span class='ocrx_word' id='word_1_514' title='bbox 1489 951 1582 980; x_wconf 89' lang='lat' dir='ltr'><strong>quem</strong></span> <span class='ocrx_word' id='word_1_515' title='bbox 1603 942 1797 972; x_wconf 81' lang='lat' dir='ltr'><strong>exstinctum</strong></span> <span class='ocrx_word' id='word_1_516' title='bbox 1817 943 1973 982; x_wconf 89' lang='lat' dir='ltr'><strong>cupiebat,</strong></span> <span class='ocrx_word' id='word_1_517' title='bbox 1998 944 2041 975; x_wconf 88' lang='lat' dir='ltr'><strong>sic</strong></span> <span class='ocrx_word' id='word_1_518' title='bbox 2062 944 2154 974; x_wconf 91' lang='lat' dir='ltr'><strong>illum</strong></span> 
     </span>
     <span class='ocr_line' id='line_1_78' title="bbox 1194 982 2153 1022; baseline 0.004 -9"><span class='ocrx_word' id='word_1_519' title='bbox 1194 983 1232 1013; x_wconf 91' lang='lat' dir='ltr'><strong>ad</strong></span> <span class='ocrx_word' id='word_1_520' title='bbox 1258 983 1410 1014; x_wconf 87' lang='lat' dir='ltr'><strong>ultionem</strong></span> <span class='ocrx_word' id='word_1_521' title='bbox 1434 982 1619 1022; x_wconf 89' lang='lat' dir='ltr'><strong>impellente</strong></span> <span class='ocrx_word' id='word_1_522' title='bbox 1643 984 1773 1020; x_wconf 86' lang='lat' dir='ltr'><strong>malitia,</strong></span> <span class='ocrx_word' id='word_1_523' title='bbox 1805 992 1838 1015; x_wconf 90' lang='lat' dir='ltr'><strong>ut</strong></span> <span class='ocrx_word' id='word_1_524' title='bbox 1863 986 2008 1016; x_wconf 86' lang='lat' dir='ltr'><strong>hostibus</strong></span> <span class='ocrx_word' id='word_1_525' title='bbox 2039 986 2153 1017; x_wconf 90' lang='lat' dir='ltr'><strong>cedere</strong></span> 
     </span>
     <span class='ocr_line' id='line_1_79' title="bbox 1195 1026 2154 1069; baseline 0.003 -13"><span class='ocrx_word' id='word_1_526' title='bbox 1195 1026 1304 1057; x_wconf 88' lang='lat' dir='ltr'><strong>mallet</strong></span> <span class='ocrx_word' id='word_1_527' title='bbox 1335 1027 1509 1061; x_wconf 83' lang='lat' dir='ltr'><strong>victoriam,</strong></span> <span class='ocrx_word' id='word_1_528' title='bbox 1540 1036 1635 1065; x_wconf 89' lang='lat' dir='ltr'><strong>quam</strong></span> <span class='ocrx_word' id='word_1_529' title='bbox 1661 1027 1817 1058; x_wconf 79' lang='lat' dir='ltr'><strong>Davidem</strong></span> <span class='ocrx_word' id='word_1_530' title='bbox 1849 1027 1888 1058; x_wconf 83' lang='lat' dir='ltr'><strong>ad</strong></span> <span class='ocrx_word' id='word_1_531' title='bbox 1919 1038 1990 1059; x_wconf 88' lang='lat' dir='ltr'><strong>eam</strong></span> <span class='ocrx_word' id='word_1_532' title='bbox 2014 1028 2154 1069; x_wconf 83' lang='lat' dir='ltr'><strong>dignita-</strong></span> 
     </span>
     <span class='ocr_line' id='line_1_80' title="bbox 1194 1070 1472 1108; baseline 0 -9"><span class='ocrx_word' id='word_1_533' title='bbox 1194 1075 1258 1099; x_wconf 88' lang='lat' dir='ltr'><strong>tem</strong></span> <span class='ocrx_word' id='word_1_534' title='bbox 1281 1070 1472 1108; x_wconf 88' lang='lat' dir='ltr'><strong>promoveri.</strong></span> 
     </span>
    </p>

    <p class='ocr_par' dir='ltr' id='par_1_8' title="bbox 1192 1110 2154 2691">
     <span class='ocr_line' id='line_1_81' title="bbox 1280 1110 2152 1151; baseline 0.003 -9"><span class='ocrx_word' id='word_1_535' title='bbox 1280 1111 1344 1143; x_wconf 84' lang='lat' dir='ltr'><strong>Sed</strong></span> <span class='ocrx_word' id='word_1_536' title='bbox 1375 1110 1527 1151; x_wconf 88' lang='lat' dir='ltr'><strong>quidquid</strong></span> <span class='ocrx_word' id='word_1_537' title='bbox 1558 1111 1688 1142; x_wconf 88' lang='lat' dir='ltr'><strong>molitur</strong></span> <span class='ocrx_word' id='word_1_538' title='bbox 1719 1112 1779 1151; x_wconf 91' lang='lat' dir='ltr'><strong>ipsi</strong></span> <span class='ocrx_word' id='word_1_539' title='bbox 1809 1113 1840 1143; x_wconf 92' lang='lat' dir='ltr'><strong>in</strong></span> <span class='ocrx_word' id='word_1_540' title='bbox 1865 1112 2000 1144; x_wconf 87' lang='lat' dir='ltr'><strong>dedecus</strong></span> <span class='ocrx_word' id='word_1_541' title='bbox 2023 1120 2055 1144; x_wconf 88' lang='lat' dir='ltr'><strong>et</strong></span> <span class='ocrx_word' id='word_1_542' title='bbox 2077 1125 2152 1145; x_wconf 88' lang='lat' dir='ltr'><strong>oon-</strong></span> 
     </span>
     <span class='ocr_line' id='line_1_82' title="bbox 1193 1153 2153 1193; baseline 0.003 -9"><span class='ocrx_word' id='word_1_543' title='bbox 1193 1154 1351 1185; x_wconf 82' lang='lat' dir='ltr'><strong>fusionem</strong></span> <span class='ocrx_word' id='word_1_544' title='bbox 1376 1154 1471 1185; x_wconf 89' lang='lat' dir='ltr'><strong>cedit:</strong></span> <span class='ocrx_word' id='word_1_545' title='bbox 1503 1160 1534 1184; x_wconf 92' lang='lat' dir='ltr'><strong>et</strong></span> <span class='ocrx_word' id='word_1_546' title='bbox 1557 1153 1639 1193; x_wconf 88' lang='lat' dir='ltr'><strong>quod</strong></span> <span class='ocrx_word' id='word_1_547' title='bbox 1665 1154 1782 1185; x_wconf 86' lang='lat' dir='ltr'><strong>Davidi</strong></span> <span class='ocrx_word' id='word_1_548' title='bbox 1807 1155 1904 1185; x_wconf 89' lang='lat' dir='ltr'><strong>struit</strong></span> <span class='ocrx_word' id='word_1_549' title='bbox 1928 1155 2089 1192; x_wconf 79' lang='lat' dir='ltr'><strong>damnum,</strong></span> <span class='ocrx_word' id='word_1_550' title='bbox 2119 1157 2153 1188; x_wconf 88' lang='lat' dir='ltr'><strong>in</strong></span> 
     </span>
     <span class='ocr_line' id='line_1_83' title="bbox 1192 1196 2153 1237; baseline 0.002 -9"><span class='ocrx_word' id='word_1_551' title='bbox 1192 1197 1295 1236; x_wconf 88' lang='lat' dir='ltr'><strong>ipsius</strong></span> <span class='ocrx_word' id='word_1_552' title='bbox 1319 1203 1413 1236; x_wconf 86' lang='lat' dir='ltr'><strong>caput</strong></span> <span class='ocrx_word' id='word_1_553' title='bbox 1437 1196 1565 1227; x_wconf 85' lang='lat' dir='ltr'><strong>recidit:</strong></span> <span class='ocrx_word' id='word_1_554' title='bbox 1589 1197 1859 1236; x_wconf 87' lang='lat' dir='ltr'><strong>quemadmodum</strong></span> <span class='ocrx_word' id='word_1_555' title='bbox 1883 1198 2028 1237; x_wconf 89' lang='lat' dir='ltr'><strong>sequitur</strong></span> <span class='ocrx_word' id='word_1_556' title='bbox 2052 1199 2153 1230; x_wconf 88' lang='lat' dir='ltr'><strong>Davi-</strong></span> 
     </span>
     <span class='ocr_line' id='line_1_84' title="bbox 1194 1239 2153 1280; baseline 0.003 -11"><span class='ocrx_word' id='word_1_557' title='bbox 1194 1239 1266 1270; x_wconf 89' lang='lat' dir='ltr'><strong>dem</strong></span> <span class='ocrx_word' id='word_1_558' title='bbox 1300 1240 1395 1280; x_wconf 89' lang='lat' dir='ltr'><strong>paulo</strong></span> <span class='ocrx_word' id='word_1_559' title='bbox 1430 1246 1510 1279; x_wconf 87' lang='lat' dir='ltr'><strong>post,</strong></span> <span class='ocrx_word' id='word_1_560' title='bbox 1546 1239 1594 1270; x_wconf 89' lang='lat' dir='ltr'><strong>vel</strong></span> <span class='ocrx_word' id='word_1_561' title='bbox 1631 1251 1691 1270; x_wconf 90' lang='lat' dir='ltr'><strong>nou</strong></span> <span class='ocrx_word' id='word_1_562' title='bbox 1722 1250 1840 1279; x_wconf 82' lang='lat' dir='ltr'><strong>magno</strong></span> <span class='ocrx_word' id='word_1_563' title='bbox 1874 1246 1946 1280; x_wconf 88' lang='lat' dir='ltr'><strong>post</strong></span> <span class='ocrx_word' id='word_1_564' title='bbox 1979 1241 2153 1272; x_wconf 82' lang='lat' dir='ltr'><strong>intervallo</strong></span> 
     </span>
     <span class='ocr_line' id='line_1_85' title="bbox 1195 1282 2153 1322; baseline 0.002 -9"><span class='ocrx_word' id='word_1_565' title='bbox 1195 1282 1306 1313; x_wconf 86' lang='lat' dir='ltr'><strong>fecisse</strong></span> <span class='ocrx_word' id='word_1_566' title='bbox 1336 1283 1369 1313; x_wconf 94' lang='lat' dir='ltr'><strong>in</strong></span> <span class='ocrx_word' id='word_1_567' title='bbox 1393 1282 1583 1313; x_wconf 83' lang='lat' dir='ltr'><strong>Philistaeos</strong></span> <span class='ocrx_word' id='word_1_568' title='bbox 1614 1283 1769 1322; x_wconf 90' lang='lat' dir='ltr'><strong>impetum</strong></span> <span class='ocrx_word' id='word_1_569' title='bbox 1794 1293 1863 1313; x_wconf 90' lang='lat' dir='ltr'><strong>cum</strong></span> <span class='ocrx_word' id='word_1_570' title='bbox 1889 1283 1956 1314; x_wconf 87' lang='lat' dir='ltr'><strong>suis</strong></span> <span class='ocrx_word' id='word_1_571' title='bbox 1979 1284 2153 1315; x_wconf 84' lang='lat' dir='ltr'><strong>militibus:</strong></span> 
     </span>
     <span class='ocr_line' id='line_1_86' title="bbox 1196 1324 2153 1364; baseline 0.003 -9"><span class='ocrx_word' id='word_1_572' title='bbox 1196 1335 1270 1355; x_wconf 85' lang='lat' dir='ltr'><strong>nam</strong></span> <span class='ocrx_word' id='word_1_573' title='bbox 1301 1330 1375 1355; x_wconf 87' lang='lat' dir='ltr'><strong>ante</strong></span> <span class='ocrx_word' id='word_1_574' title='bbox 1400 1324 1582 1355; x_wconf 89' lang='lat' dir='ltr'><strong>audivimus</strong></span> <span class='ocrx_word' id='word_1_575' title='bbox 1606 1325 1696 1355; x_wconf 88' lang='lat' dir='ltr'><strong>illum</strong></span> <span class='ocrx_word' id='word_1_576' title='bbox 1726 1325 1813 1355; x_wconf 92' lang='lat' dir='ltr'><strong>mille</strong></span> <span class='ocrx_word' id='word_1_577' title='bbox 1836 1326 2030 1364; x_wconf 81' lang='lat' dir='ltr'><strong>praefectum</strong></span> <span class='ocrx_word' id='word_1_578' title='bbox 2054 1326 2153 1358; x_wconf 84' lang='lat' dir='ltr'><strong>fuisse</strong></span> 
     </span>
     <span class='ocr_line' id='line_1_87' title="bbox 1195 1367 2154 1408; baseline 0.002 -10"><span class='ocrx_word' id='word_1_579' title='bbox 1195 1368 1360 1399; x_wconf 85' lang='lat' dir='ltr'><strong>militibus.</strong></span> <span class='ocrx_word' id='word_1_580' title='bbox 1397 1367 1578 1404; x_wconf 87' lang='lat' dir='ltr'><strong>Caeterum,</strong></span> <span class='ocrx_word' id='word_1_581' title='bbox 1602 1367 1731 1398; x_wconf 91' lang='lat' dir='ltr'><strong>millene</strong></span> <span class='ocrx_word' id='word_1_582' title='bbox 1755 1378 1861 1398; x_wconf 87' lang='lat' dir='ltr'><strong>secum</strong></span> <span class='ocrx_word' id='word_1_583' title='bbox 1885 1378 1926 1398; x_wconf 89' lang='lat' dir='ltr'><strong>an</strong></span> <span class='ocrx_word' id='word_1_584' title='bbox 1951 1376 2073 1408; x_wconf 85' lang='lat' dir='ltr'><strong>partem</strong></span> <span class='ocrx_word' id='word_1_585' title='bbox 2099 1369 2154 1400; x_wconf 88' lang='lat' dir='ltr'><strong>ali·</strong></span> 
     </span>
     <span class='ocr_line' id='line_1_88' title="bbox 1195 1410 2153 1450; baseline 0.002 -9"><span class='ocrx_word' id='word_1_586' title='bbox 1195 1421 1290 1449; x_wconf 90' lang='lat' dir='ltr'><strong>quam</strong></span> <span class='ocrx_word' id='word_1_587' title='bbox 1314 1411 1524 1450; x_wconf 84' lang='lat' dir='ltr'><strong>assumpserit</strong></span> <span class='ocrx_word' id='word_1_588' title='bbox 1553 1410 1749 1449; x_wconf 89' lang='lat' dir='ltr'><strong>superfluum</strong></span> <span class='ocrx_word' id='word_1_589' title='bbox 1774 1416 1858 1441; x_wconf 88' lang='lat' dir='ltr'><strong>esset</strong></span> <span class='ocrx_word' id='word_1_590' title='bbox 1881 1410 2056 1450; x_wconf 80' lang='lat' dir='ltr'><strong>disputare,</strong></span> <span class='ocrx_word' id='word_1_591' title='bbox 2088 1412 2153 1443; x_wconf 89' lang='lat' dir='ltr'><strong>suf-</strong></span> 
     </span>
     <span class='ocr_line' id='line_1_89' title="bbox 1194 1452 2151 1492; baseline 0.002 -9"><span class='ocrx_word' id='word_1_592' title='bbox 1194 1454 1283 1484; x_wconf 88' lang='lat' dir='ltr'><strong>ficiat</strong></span> <span class='ocrx_word' id='word_1_593' title='bbox 1317 1453 1408 1484; x_wconf 89' lang='lat' dir='ltr'><strong>illum</strong></span> <span class='ocrx_word' id='word_1_594' title='bbox 1451 1464 1522 1484; x_wconf 90' lang='lat' dir='ltr'><strong>cum</strong></span> <span class='ocrx_word' id='word_1_595' title='bbox 1554 1453 1675 1492; x_wconf 76' lang='lat' dir='ltr'><strong>aliquot</strong></span> <span class='ocrx_word' id='word_1_596' title='bbox 1708 1452 1862 1484; x_wconf 85' lang='lat' dir='ltr'><strong>militibus</strong></span> <span class='ocrx_word' id='word_1_597' title='bbox 1897 1454 1928 1483; x_wconf 92' lang='lat' dir='ltr'><strong>in</strong></span> <span class='ocrx_word' id='word_1_598' title='bbox 1959 1453 2151 1486; x_wconf 86' lang='lat' dir='ltr'><strong>Philistaeos</strong></span> 
     </span>
     <span class='ocr_line' id='line_1_90' title="bbox 1195 1495 2154 1537; baseline 0.002 -11"><span class='ocrx_word' id='word_1_599' title='bbox 1195 1497 1345 1535; x_wconf 83' lang='lat' dir='ltr'><strong>irruisse3</strong></span> <span class='ocrx_word' id='word_1_600' title='bbox 1375 1502 1406 1526; x_wconf 92' lang='lat' dir='ltr'><strong>et</strong></span> <span class='ocrx_word' id='word_1_601' title='bbox 1429 1496 1528 1527; x_wconf 87' lang='lat' dir='ltr'><strong>caesis</strong></span> <span class='ocrx_word' id='word_1_602' title='bbox 1551 1495 1696 1526; x_wconf 86' lang='lat' dir='ltr'><strong>ducentis</strong></span> <span class='ocrx_word' id='word_1_603' title='bbox 1715 1506 1824 1526; x_wconf 85' lang='lat' dir='ltr'><strong>eorum</strong></span> <span class='ocrx_word' id='word_1_604' title='bbox 1849 1495 1994 1527; x_wconf 89' lang='lat' dir='ltr'><strong>attulisse</strong></span> <span class='ocrx_word' id='word_1_605' title='bbox 2018 1507 2154 1537; x_wconf 88' lang='lat' dir='ltr'><strong>praepu-</strong></span> 
     </span>
     <span class='ocr_line' id='line_1_91' title="bbox 1197 1538 2152 1578; baseline 0.001 -9"><span class='ocrx_word' id='word_1_606' title='bbox 1197 1539 1248 1576; x_wconf 85' lang='lat' dir='ltr'><strong>tia,</strong></span> <span class='ocrx_word' id='word_1_607' title='bbox 1271 1549 1351 1578; x_wconf 87' lang='lat' dir='ltr'><strong>quae</strong></span> <span class='ocrx_word' id='word_1_608' title='bbox 1374 1549 1481 1569; x_wconf 89' lang='lat' dir='ltr'><strong>coram</strong></span> <span class='ocrx_word' id='word_1_609' title='bbox 1507 1538 1604 1569; x_wconf 75' lang='lat' dir='ltr'><strong>Saule</strong></span> <span class='ocrx_word' id='word_1_610' title='bbox 1628 1544 1795 1569; x_wconf 84' lang='lat' dir='ltr'><strong>numerata</strong></span> <span class='ocrx_word' id='word_1_611' title='bbox 1818 1538 1891 1569; x_wconf 87' lang='lat' dir='ltr'><strong>sint.</strong></span> <span class='ocrx_word' id='word_1_612' title='bbox 1928 1538 2013 1570; x_wconf 80' lang='lat' dir='ltr'><strong>Sane</strong></span> <span class='ocrx_word' id='word_1_613' title='bbox 2038 1541 2152 1571; x_wconf 91' lang='lat' dir='ltr'><strong>verisi-</strong></span> 
     </span>
     <span class='ocr_line' id='line_1_92' title="bbox 1195 1580 2153 1622; baseline 0.001 -10"><span class='ocrx_word' id='word_1_614' title='bbox 1195 1582 1271 1612; x_wconf 90' lang='lat' dir='ltr'><strong>mile</strong></span> <span class='ocrx_word' id='word_1_615' title='bbox 1294 1586 1342 1612; x_wconf 88' lang='lat' dir='ltr'><strong>est</strong></span> <span class='ocrx_word' id='word_1_616' title='bbox 1365 1581 1538 1612; x_wconf 88' lang='lat' dir='ltr'><strong>attonitum</strong></span> <span class='ocrx_word' id='word_1_617' title='bbox 1561 1580 1702 1617; x_wconf 83' lang='lat' dir='ltr'><strong>Saulem,</strong></span> <span class='ocrx_word' id='word_1_618' title='bbox 1734 1586 1764 1611; x_wconf 89' lang='lat' dir='ltr'><strong>et</strong></span> <span class='ocrx_word' id='word_1_619' title='bbox 1788 1581 1938 1621; x_wconf 90' lang='lat' dir='ltr'><strong>opinione</strong></span> <span class='ocrx_word' id='word_1_620' title='bbox 1961 1592 2020 1612; x_wconf 90' lang='lat' dir='ltr'><strong>sua</strong></span> <span class='ocrx_word' id='word_1_621' title='bbox 2043 1582 2153 1622; x_wconf 91' lang='lat' dir='ltr'><strong>decep-</strong></span> 
     </span>
     <span class='ocr_line' id='line_1_93' title="bbox 1196 1623 2153 1662; baseline 0.001 -8"><span class='ocrx_word' id='word_1_622' title='bbox 1196 1631 1272 1661; x_wconf 91' lang='lat' dir='ltr'><strong>tum,</strong></span> <span class='ocrx_word' id='word_1_623' title='bbox 1298 1624 1434 1655; x_wconf 90' lang='lat' dir='ltr'><strong>libenter</strong></span> <span class='ocrx_word' id='word_1_624' title='bbox 1452 1634 1558 1654; x_wconf 86' lang='lat' dir='ltr'><strong>moras</strong></span> <span class='ocrx_word' id='word_1_625' title='bbox 1582 1625 1607 1654; x_wconf 88' lang='lat' dir='ltr'><strong>si</strong></span> <span class='ocrx_word' id='word_1_626' title='bbox 1632 1623 1788 1662; x_wconf 86' lang='lat' dir='ltr'><strong>potuisset</strong></span> <span class='ocrx_word' id='word_1_627' title='bbox 1808 1634 1977 1660; x_wconf 79' lang='lat' dir='ltr'><strong>nexurum,</strong></span> <span class='ocrx_word' id='word_1_628' title='bbox 2001 1632 2032 1654; x_wconf 88' lang='lat' dir='ltr'><strong>et</strong></span> <span class='ocrx_word' id='word_1_629' title='bbox 2053 1625 2153 1656; x_wconf 85' lang='lat' dir='ltr'><strong>cavil-</strong></span> 
     </span>
     <span class='ocr_line' id='line_1_94' title="bbox 1196 1666 2152 1706; baseline 0.001 -9"><span class='ocrx_word' id='word_1_630' title='bbox 1196 1667 1234 1697; x_wconf 88' lang='lat' dir='ltr'><strong>lis</strong></span> <span class='ocrx_word' id='word_1_631' title='bbox 1258 1677 1394 1698; x_wconf 88' lang='lat' dir='ltr'><strong>usurum</strong></span> <span class='ocrx_word' id='word_1_632' title='bbox 1417 1677 1457 1697; x_wconf 89' lang='lat' dir='ltr'><strong>ne</strong></span> <span class='ocrx_word' id='word_1_633' title='bbox 1482 1666 1647 1706; x_wconf 85' lang='lat' dir='ltr'><strong>promissis</strong></span> <span class='ocrx_word' id='word_1_634' title='bbox 1666 1672 1780 1696; x_wconf 86' lang='lat' dir='ltr'><strong>staret:</strong></span> <span class='ocrx_word' id='word_1_635' title='bbox 1804 1666 1859 1697; x_wconf 88' lang='lat' dir='ltr'><strong>sed</strong></span> <span class='ocrx_word' id='word_1_636' title='bbox 1879 1677 1917 1697; x_wconf 89' lang='lat' dir='ltr'><strong>ne</strong></span> <span class='ocrx_word' id='word_1_637' title='bbox 1936 1667 1970 1696; x_wconf 91' lang='lat' dir='ltr'><strong>in</strong></span> <span class='ocrx_word' id='word_1_638' title='bbox 1990 1677 2152 1698; x_wconf 89' lang='lat' dir='ltr'><strong>summum</strong></span> 
     </span>
     <span class='ocr_line' id='line_1_95' title="bbox 1196 1709 2153 1750; baseline 0 -10"><span class='ocrx_word' id='word_1_639' title='bbox 1196 1709 1332 1741; x_wconf 90' lang='lat' dir='ltr'><strong>dedecus</strong></span> <span class='ocrx_word' id='word_1_640' title='bbox 1362 1709 1446 1750; x_wconf 88' lang='lat' dir='ltr'><strong>apud</strong></span> <span class='ocrx_word' id='word_1_641' title='bbox 1476 1709 1600 1749; x_wconf 91' lang='lat' dir='ltr'><strong>plebem</strong></span> <span class='ocrx_word' id='word_1_642' title='bbox 1632 1709 1765 1746; x_wconf 78' lang='lat' dir='ltr'><strong>veniret,</strong></span> <span class='ocrx_word' id='word_1_643' title='bbox 1800 1719 1929 1740; x_wconf 89' lang='lat' dir='ltr'><strong>necesse</strong></span> <span class='ocrx_word' id='word_1_644' title='bbox 1964 1709 2026 1740; x_wconf 84' lang='lat' dir='ltr'><strong>fuit</strong></span> <span class='ocrx_word' id='word_1_645' title='bbox 2059 1710 2153 1740; x_wconf 91' lang='lat' dir='ltr'><strong>illum</strong></span> 
     </span>
     <span class='ocr_line' id='line_1_96' title="bbox 1195 1751 2152 1792; baseline 0.001 -9"><span class='ocrx_word' id='word_1_646' title='bbox 1195 1753 1329 1792; x_wconf 89' lang='lat' dir='ltr'><strong>implere</strong></span> <span class='ocrx_word' id='word_1_647' title='bbox 1352 1753 1518 1792; x_wconf 89' lang='lat' dir='ltr'><strong>promissa.</strong></span> <span class='ocrx_word' id='word_1_648' title='bbox 1543 1752 1676 1792; x_wconf 79' lang='lat' dir='ltr'><strong>Cogitur</strong></span> <span class='ocrx_word' id='word_1_649' title='bbox 1699 1752 1805 1790; x_wconf 85' lang='lat' dir='ltr'><strong>itaque</strong></span> <span class='ocrx_word' id='word_1_650' title='bbox 1825 1751 1947 1790; x_wconf 87' lang='lat' dir='ltr'><strong>pudore</strong></span> <span class='ocrx_word' id='word_1_651' title='bbox 1971 1751 2054 1791; x_wconf 89' lang='lat' dir='ltr'><strong>quod</strong></span> <span class='ocrx_word' id='word_1_652' title='bbox 2075 1752 2152 1784; x_wconf 88' lang='lat' dir='ltr'><strong>alio-</strong></span> 
     </span>
     <span class='ocr_line' id='line_1_97' title="bbox 1196 1794 2151 1835; baseline 0 -9"><span class='ocrx_word' id='word_1_653' title='bbox 1196 1796 1249 1835; x_wconf 89' lang='lat' dir='ltr'><strong>qui</strong></span> <span class='ocrx_word' id='word_1_654' title='bbox 1273 1795 1429 1826; x_wconf 87' lang='lat' dir='ltr'><strong>noluisset</strong></span> <span class='ocrx_word' id='word_1_655' title='bbox 1452 1795 1612 1834; x_wconf 88' lang='lat' dir='ltr'><strong>perficere,</strong></span> <span class='ocrx_word' id='word_1_656' title='bbox 1637 1800 1673 1824; x_wconf 88' lang='lat' dir='ltr'><strong>ut</strong></span> <span class='ocrx_word' id='word_1_657' title='bbox 1696 1794 1802 1824; x_wconf 89' lang='lat' dir='ltr'><strong>nullus</strong></span> <span class='ocrx_word' id='word_1_658' title='bbox 1825 1794 1964 1833; x_wconf 88' lang='lat' dir='ltr'><strong>amplius</strong></span> <span class='ocrx_word' id='word_1_659' title='bbox 1982 1795 2042 1834; x_wconf 91' lang='lat' dir='ltr'><strong>ipsi</strong></span> <span class='ocrx_word' id='word_1_660' title='bbox 2063 1795 2151 1826; x_wconf 82' lang='lat' dir='ltr'><strong>locus</strong></span> 
     </span>
     <span class='ocr_line' id='line_1_98' title="bbox 1196 1835 2151 1878; baseline 0.002 -11"><span class='ocrx_word' id='word_1_661' title='bbox 1196 1838 1314 1878; x_wconf 84' lang='lat' dir='ltr'><strong>effugio</strong></span> <span class='ocrx_word' id='word_1_662' title='bbox 1344 1838 1493 1878; x_wconf 87' lang='lat' dir='ltr'><strong>supersit,</strong></span> <span class='ocrx_word' id='word_1_663' title='bbox 1524 1837 1598 1876; x_wconf 90' lang='lat' dir='ltr'><strong>quin</strong></span> <span class='ocrx_word' id='word_1_664' title='bbox 1631 1835 1750 1867; x_wconf 82' lang='lat' dir='ltr'><strong>Davidi</strong></span> <span class='ocrx_word' id='word_1_665' title='bbox 1779 1836 1879 1867; x_wconf 86' lang='lat' dir='ltr'><strong>filiam</strong></span> <span class='ocrx_word' id='word_1_666' title='bbox 1909 1847 1999 1867; x_wconf 90' lang='lat' dir='ltr'><strong>suam</strong></span> <span class='ocrx_word' id='word_1_667' title='bbox 2030 1838 2151 1869; x_wconf 88' lang='lat' dir='ltr'><strong>Michol</strong></span> 
     </span>
     <span class='ocr_line' id='line_1_99' title="bbox 1196 1879 2151 1919; baseline -0.001 -8"><span class='ocrx_word' id='word_1_668' title='bbox 1196 1881 1228 1911; x_wconf 90' lang='lat' dir='ltr'><strong>in</strong></span> <span class='ocrx_word' id='word_1_669' title='bbox 1258 1891 1392 1911; x_wconf 80' lang='lat' dir='ltr'><strong>uxorem</strong></span> <span class='ocrx_word' id='word_1_670' title='bbox 1416 1880 1530 1910; x_wconf 83' lang='lat' dir='ltr'><strong>tradat.</strong></span> <span class='ocrx_word' id='word_1_671' title='bbox 1577 1880 1625 1910; x_wconf 86' lang='lat' dir='ltr'><strong>Ex</strong></span> <span class='ocrx_word' id='word_1_672' title='bbox 1651 1879 1765 1919; x_wconf 87' lang='lat' dir='ltr'><strong>quibus</strong></span> <span class='ocrx_word' id='word_1_673' title='bbox 1795 1884 1931 1918; x_wconf 86' lang='lat' dir='ltr'><strong>apparet</strong></span> <span class='ocrx_word' id='word_1_674' title='bbox 1953 1879 2015 1910; x_wconf 89' lang='lat' dir='ltr'><strong>Dei</strong></span> <span class='ocrx_word' id='word_1_675' title='bbox 2038 1886 2151 1919; x_wconf 89' lang='lat' dir='ltr'><strong>poten-</strong></span> 
     </span>
     <span class='ocr_line' id='line_1_100' title="bbox 1197 1921 2150 1961; baseline 0 -7"><span class='ocrx_word' id='word_1_676' title='bbox 1197 1924 1240 1954; x_wconf 89' lang='lat' dir='ltr'><strong>tia</strong></span> <span class='ocrx_word' id='word_1_677' title='bbox 1268 1924 1299 1953; x_wconf 87' lang='lat' dir='ltr'><strong>in</strong></span> <span class='ocrx_word' id='word_1_678' title='bbox 1331 1923 1515 1954; x_wconf 89' lang='lat' dir='ltr'><strong>coercendis</strong></span> <span class='ocrx_word' id='word_1_679' title='bbox 1543 1922 1695 1961; x_wconf 85' lang='lat' dir='ltr'><strong>improbis</strong></span> <span class='ocrx_word' id='word_1_680' title='bbox 1725 1928 1756 1952; x_wconf 89' lang='lat' dir='ltr'><strong>et</strong></span> <span class='ocrx_word' id='word_1_681' title='bbox 1784 1921 1927 1961; x_wconf 87' lang='lat' dir='ltr'><strong>ipsorum</strong></span> <span class='ocrx_word' id='word_1_682' title='bbox 1958 1922 2065 1953; x_wconf 88' lang='lat' dir='ltr'><strong>furore</strong></span> <span class='ocrx_word' id='word_1_683' title='bbox 2096 1922 2150 1954; x_wconf 91' lang='lat' dir='ltr'><strong>do·</strong></span> 
     </span>
     <span class='ocr_line' id='line_1_101' title="bbox 1196 1965 2150 2006; baseline 0.001 -10"><span class='ocrx_word' id='word_1_684' title='bbox 1196 1966 1321 2002; x_wconf 90' lang='lat' dir='ltr'><strong>mando,</strong></span> <span class='ocrx_word' id='word_1_685' title='bbox 1346 1966 1435 2006; x_wconf 86' lang='lat' dir='ltr'><strong>quasi</strong></span> <span class='ocrx_word' id='word_1_686' title='bbox 1459 1965 1599 1996; x_wconf 86' lang='lat' dir='ltr'><strong>crinibus</strong></span> <span class='ocrx_word' id='word_1_687' title='bbox 1623 1972 1767 2003; x_wconf 84' lang='lat' dir='ltr'><strong>arreptos</strong></span> <span class='ocrx_word' id='word_1_688' title='bbox 1791 1970 2014 2003; x_wconf 88' lang='lat' dir='ltr'><strong>compesceret.</strong></span> <span class='ocrx_word' id='word_1_689' title='bbox 2038 1965 2150 2005; x_wconf 89' lang='lat' dir='ltr'><strong>Neque</strong></span> 
     </span>
     <span class='ocr_line' id='line_1_102' title="bbox 1196 2006 2150 2046; baseline 0 -7"><span class='ocrx_word' id='word_1_690' title='bbox 1196 2009 1281 2039; x_wconf 90' lang='lat' dir='ltr'><strong>enim</strong></span> <span class='ocrx_word' id='word_1_691' title='bbox 1314 2008 1391 2040; x_wconf 82' lang='lat' dir='ltr'><strong>Saul</strong></span> <span class='ocrx_word' id='word_1_692' title='bbox 1426 2009 1634 2040; x_wconf 86' lang='lat' dir='ltr'><strong>constituerat</strong></span> <span class='ocrx_word' id='word_1_693' title='bbox 1668 2017 1809 2046; x_wconf 88' lang='lat' dir='ltr'><strong>unquam</strong></span> <span class='ocrx_word' id='word_1_694' title='bbox 1844 2006 2019 2038; x_wconf 81' lang='lat' dir='ltr'><strong>Micholam</strong></span> <span class='ocrx_word' id='word_1_695' title='bbox 2050 2009 2150 2039; x_wconf 87' lang='lat' dir='ltr'><strong>filiam</strong></span> 
     </span>
     <span class='ocr_line' id='line_1_103' title="bbox 1197 2049 2151 2091; baseline -0.001 -9"><span class='ocrx_word' id='word_1_696' title='bbox 1197 2051 1316 2082; x_wconf 86' lang='lat' dir='ltr'><strong>Davidi</strong></span> <span class='ocrx_word' id='word_1_697' title='bbox 1341 2051 1461 2091; x_wconf 87' lang='lat' dir='ltr'><strong>nuptiis</strong></span> <span class='ocrx_word' id='word_1_698' title='bbox 1480 2051 1592 2087; x_wconf 89' lang='lat' dir='ltr'><strong>locare,</strong></span> <span class='ocrx_word' id='word_1_699' title='bbox 1616 2050 1689 2080; x_wconf 85' lang='lat' dir='ltr'><strong>lieet</strong></span> <span class='ocrx_word' id='word_1_700' title='bbox 1713 2049 1751 2080; x_wconf 89' lang='lat' dir='ltr'><strong>ab</strong></span> <span class='ocrx_word' id='word_1_701' title='bbox 1775 2050 1844 2089; x_wconf 86' lang='lat' dir='ltr'><strong>ipsa</strong></span> <span class='ocrx_word' id='word_1_702' title='bbox 1868 2049 2026 2080; x_wconf 88' lang='lat' dir='ltr'><strong>redamari</strong></span> <span class='ocrx_word' id='word_1_703' title='bbox 2052 2051 2151 2081; x_wconf 85' lang='lat' dir='ltr'><strong>Davi-</strong></span> 
     </span>
     <span class='ocr_line' id='line_1_104' title="bbox 1197 2091 2151 2134; baseline -0.001 -9"><span class='ocrx_word' id='word_1_704' title='bbox 1197 2094 1268 2125; x_wconf 88' lang='lat' dir='ltr'><strong>dem</strong></span> <span class='ocrx_word' id='word_1_705' title='bbox 1293 2095 1427 2134; x_wconf 84' lang='lat' dir='ltr'><strong>probare</strong></span> <span class='ocrx_word' id='word_1_706' title='bbox 1451 2094 1629 2124; x_wconf 86' lang='lat' dir='ltr'><strong>videretur:</strong></span> <span class='ocrx_word' id='word_1_707' title='bbox 1654 2091 1709 2123; x_wconf 90' lang='lat' dir='ltr'><strong>sed</strong></span> <span class='ocrx_word' id='word_1_708' title='bbox 1728 2092 1924 2122; x_wconf 84' lang='lat' dir='ltr'><strong>occasionem</strong></span> <span class='ocrx_word' id='word_1_709' title='bbox 1944 2092 2047 2124; x_wconf 83' lang='lat' dir='ltr'><strong>fidelis</strong></span> <span class='ocrx_word' id='word_1_710' title='bbox 2066 2094 2151 2125; x_wconf 85' lang='lat' dir='ltr'><strong>servi</strong></span> 
     </span>
     <span class='ocr_line' id='line_1_105' title="bbox 1195 2134 2150 2174; baseline -0.001 -6"><span class='ocrx_word' id='word_1_711' title='bbox 1195 2137 1277 2168; x_wconf 90' lang='lat' dir='ltr'><strong>clam</strong></span> <span class='ocrx_word' id='word_1_712' title='bbox 1298 2136 1510 2167; x_wconf 86' lang='lat' dir='ltr'><strong>interficiendi</strong></span> <span class='ocrx_word' id='word_1_713' title='bbox 1531 2141 1562 2166; x_wconf 89' lang='lat' dir='ltr'><strong>et</strong></span> <span class='ocrx_word' id='word_1_714' title='bbox 1580 2135 1759 2166; x_wconf 83' lang='lat' dir='ltr'><strong>innocentis</strong></span> <span class='ocrx_word' id='word_1_715' title='bbox 1778 2134 1944 2174; x_wconf 80' lang='lat' dir='ltr'><strong>sanguinis</strong></span> <span class='ocrx_word' id='word_1_716' title='bbox 1963 2135 2150 2167; x_wconf 82' lang='lat' dir='ltr'><strong>effundendi</strong></span> 
     </span>
     <span class='ocr_line' id='line_1_106' title="bbox 1197 2177 2149 2220; baseline -0.001 -10"><span class='ocrx_word' id='word_1_717' title='bbox 1197 2190 1353 2220; x_wconf 86' lang='lat' dir='ltr'><strong>quaerens</strong></span> <span class='ocrx_word' id='word_1_718' title='bbox 1376 2180 1504 2219; x_wconf 88' lang='lat' dir='ltr'><strong>nuptias</strong></span> <span class='ocrx_word' id='word_1_719' title='bbox 1526 2177 1740 2218; x_wconf 82' lang='lat' dir='ltr'><strong>praetexebat.</strong></span> <span class='ocrx_word' id='word_1_720' title='bbox 1786 2177 1893 2216; x_wconf 82' lang='lat' dir='ltr'><strong>Atque</strong></span> <span class='ocrx_word' id='word_1_721' title='bbox 1917 2178 1995 2208; x_wconf 90' lang='lat' dir='ltr'><strong>istae</strong></span> <span class='ocrx_word' id='word_1_722' title='bbox 2018 2178 2149 2209; x_wconf 88' lang='lat' dir='ltr'><strong>fuerunt</strong></span> 
     </span>
     <span class='ocr_line' id='line_1_107' title="bbox 1196 2219 2149 2261; baseline -0.002 -7"><span class='ocrx_word' id='word_1_723' title='bbox 1196 2224 1263 2254; x_wconf 87' lang='lat' dir='ltr'><strong>eius</strong></span> <span class='ocrx_word' id='word_1_724' title='bbox 1287 2228 1380 2260; x_wconf 86' lang='lat' dir='ltr'><strong>artes,</strong></span> <span class='ocrx_word' id='word_1_725' title='bbox 1403 2222 1517 2261; x_wconf 88' lang='lat' dir='ltr'><strong>quibus</strong></span> <span class='ocrx_word' id='word_1_726' title='bbox 1538 2227 1643 2251; x_wconf 86' lang='lat' dir='ltr'><strong>tamen</strong></span> <span class='ocrx_word' id='word_1_727' title='bbox 1673 2219 1755 2250; x_wconf 91' lang='lat' dir='ltr'><strong>nihil</strong></span> <span class='ocrx_word' id='word_1_728' title='bbox 1778 2220 1953 2259; x_wconf 87' lang='lat' dir='ltr'><strong>promovit:</strong></span> <span class='ocrx_word' id='word_1_729' title='bbox 1984 2231 2058 2251; x_wconf 87' lang='lat' dir='ltr'><strong>nam</strong></span> <span class='ocrx_word' id='word_1_730' title='bbox 2083 2221 2149 2253; x_wconf 90' lang='lat' dir='ltr'><strong>Da-</strong></span> 
     </span>
     <span class='ocr_line' id='line_1_108' title="bbox 1197 2262 2150 2304; baseline 0.001 -10"><span class='ocrx_word' id='word_1_731' title='bbox 1197 2265 1302 2296; x_wconf 88' lang='lat' dir='ltr'><strong>videm</strong></span> <span class='ocrx_word' id='word_1_732' title='bbox 1325 2265 1465 2304; x_wconf 88' lang='lat' dir='ltr'><strong>oportuit</strong></span> <span class='ocrx_word' id='word_1_733' title='bbox 1488 2263 1526 2294; x_wconf 89' lang='lat' dir='ltr'><strong>ad</strong></span> <span class='ocrx_word' id='word_1_734' title='bbox 1549 2273 1689 2294; x_wconf 89' lang='lat' dir='ltr'><strong>summos</strong></span> <span class='ocrx_word' id='word_1_735' title='bbox 1714 2263 1850 2293; x_wconf 86' lang='lat' dir='ltr'><strong>honores</strong></span> <span class='ocrx_word' id='word_1_736' title='bbox 1873 2262 1976 2299; x_wconf 87' lang='lat' dir='ltr'><strong>evehi,</strong></span> <span class='ocrx_word' id='word_1_737' title='bbox 1999 2264 2150 2304; x_wconf 86' lang='lat' dir='ltr'><strong>regisque</strong></span> 
     </span>
     <span class='ocr_line' id='line_1_109' title="bbox 1197 2303 2150 2349; baseline -0.002 -10"><span class='ocrx_word' id='word_1_738' title='bbox 1197 2318 1350 2349; x_wconf 89' lang='lat' dir='ltr'><strong>generum</strong></span> <span class='ocrx_word' id='word_1_739' title='bbox 1375 2308 1443 2338; x_wconf 89' lang='lat' dir='ltr'><strong>fieri</strong></span> <span class='ocrx_word' id='word_1_740' title='bbox 1467 2312 1497 2337; x_wconf 92' lang='lat' dir='ltr'><strong>et</strong></span> <span class='ocrx_word' id='word_1_741' title='bbox 1519 2306 1617 2337; x_wconf 86' lang='lat' dir='ltr'><strong>filiam</strong></span> <span class='ocrx_word' id='word_1_742' title='bbox 1641 2306 1741 2345; x_wconf 84' lang='lat' dir='ltr'><strong>ipsius</strong></span> <span class='ocrx_word' id='word_1_743' title='bbox 1765 2303 1969 2344; x_wconf 86' lang='lat' dir='ltr'><strong>desponsare.</strong></span> <span class='ocrx_word' id='word_1_744' title='bbox 2007 2304 2073 2337; x_wconf 80' lang='lat' dir='ltr'><strong>Sed</strong></span> <span class='ocrx_word' id='word_1_745' title='bbox 2097 2308 2150 2346; x_wconf 91' lang='lat' dir='ltr'><strong>qui</strong></span> 
     </span>
     <span class='ocr_line' id='line_1_110' title="bbox 1196 2346 2152 2388; baseline -0.001 -7"><span class='ocrx_word' id='word_1_746' title='bbox 1196 2352 1233 2382; x_wconf 87' lang='lat' dir='ltr'><strong>fit</strong></span> <span class='ocrx_word' id='word_1_747' title='bbox 1257 2357 1291 2381; x_wconf 89' lang='lat' dir='ltr'><strong>ut</strong></span> <span class='ocrx_word' id='word_1_748' title='bbox 1311 2349 1390 2381; x_wconf 81' lang='lat' dir='ltr'><strong>Saul</strong></span> <span class='ocrx_word' id='word_1_749' title='bbox 1412 2349 1596 2386; x_wconf 86' lang='lat' dir='ltr'><strong>consentiat,</strong></span> <span class='ocrx_word' id='word_1_750' title='bbox 1619 2358 1718 2388; x_wconf 90' lang='lat' dir='ltr'><strong>quum</strong></span> <span class='ocrx_word' id='word_1_751' title='bbox 1742 2346 1793 2377; x_wconf 91' lang='lat' dir='ltr'><strong>vel</strong></span> <span class='ocrx_word' id='word_1_752' title='bbox 1812 2358 1918 2378; x_wconf 86' lang='lat' dir='ltr'><strong>moras</strong></span> <span class='ocrx_word' id='word_1_753' title='bbox 1937 2355 2074 2386; x_wconf 89' lang='lat' dir='ltr'><strong>nectere,</strong></span> <span class='ocrx_word' id='word_1_754' title='bbox 2100 2349 2152 2380; x_wconf 89' lang='lat' dir='ltr'><strong>vel</strong></span> 
     </span>
     <span class='ocr_line' id='line_1_111' title="bbox 1196 2389 2150 2433; baseline -0.001 -10"><span class='ocrx_word' id='word_1_755' title='bbox 1196 2392 1316 2433; x_wconf 82' lang='lat' dir='ltr'><strong>aliquid</strong></span> <span class='ocrx_word' id='word_1_756' title='bbox 1350 2397 1455 2432; x_wconf 88' lang='lat' dir='ltr'><strong>posset</strong></span> <span class='ocrx_word' id='word_1_757' title='bbox 1489 2391 1593 2422; x_wconf 88' lang='lat' dir='ltr'><strong>adhuc</strong></span> <span class='ocrx_word' id='word_1_758' title='bbox 1627 2389 1836 2430; x_wconf 81' lang='lat' dir='ltr'><strong>praetexere?</strong></span> <span class='ocrx_word' id='word_1_759' title='bbox 1878 2390 1992 2421; x_wconf 89' lang='lat' dir='ltr'><strong>Nonne</strong></span> <span class='ocrx_word' id='word_1_760' title='bbox 2025 2398 2150 2431; x_wconf 88' lang='lat' dir='ltr'><strong>poterat</strong></span> 
     </span>
     <span class='ocr_line' id='line_1_112' title="bbox 1196 2432 2148 2475; baseline -0.001 -9"><span class='ocrx_word' id='word_1_761' title='bbox 1196 2437 1291 2467; x_wconf 83' lang='lat' dir='ltr'><strong>etiam</strong></span> <span class='ocrx_word' id='word_1_762' title='bbox 1321 2436 1410 2475; x_wconf 85' lang='lat' dir='ltr'><strong>regia</strong></span> <span class='ocrx_word' id='word_1_763' title='bbox 1433 2435 1483 2465; x_wconf 92' lang='lat' dir='ltr'><strong>vel</strong></span> <span class='ocrx_word' id='word_1_764' title='bbox 1515 2434 1684 2474; x_wconf 70' lang='lat' dir='ltr'><strong>tyrannica</strong></span> <span class='ocrx_word' id='word_1_765' title='bbox 1707 2432 1812 2472; x_wconf 90' lang='lat' dir='ltr'><strong>potius</strong></span> <span class='ocrx_word' id='word_1_766' title='bbox 1835 2433 2007 2464; x_wconf 88' lang='lat' dir='ltr'><strong>autoritate</strong></span> <span class='ocrx_word' id='word_1_767' title='bbox 2038 2441 2069 2464; x_wconf 89' lang='lat' dir='ltr'><strong>et</strong></span> <span class='ocrx_word' id='word_1_768' title='bbox 2093 2445 2148 2474; x_wconf 93' lang='lat' dir='ltr'><strong>po-</strong></span> 
     </span>
     <span class='ocr_line' id='line_1_113' title="bbox 1196 2477 2147 2515; baseline -0.001 -6"><span class='ocrx_word' id='word_1_769' title='bbox 1196 2485 1310 2510; x_wconf 87' lang='lat' dir='ltr'><strong>testate</strong></span> <span class='ocrx_word' id='word_1_770' title='bbox 1331 2488 1422 2508; x_wconf 86' lang='lat' dir='ltr'><strong>snam</strong></span> <span class='ocrx_word' id='word_1_771' title='bbox 1453 2477 1644 2508; x_wconf 87' lang='lat' dir='ltr'><strong>sententiam</strong></span> <span class='ocrx_word' id='word_1_772' title='bbox 1668 2486 1826 2515; x_wconf 84' lang='lat' dir='ltr'><strong>revocare,</strong></span> <span class='ocrx_word' id='word_1_773' title='bbox 1857 2482 1890 2506; x_wconf 85' lang='lat' dir='ltr'><strong>et</strong></span> <span class='ocrx_word' id='word_1_774' title='bbox 1917 2486 2028 2507; x_wconf 86' lang='lat' dir='ltr'><strong>causas</strong></span> <span class='ocrx_word' id='word_1_775' title='bbox 2051 2477 2147 2508; x_wconf 88' lang='lat' dir='ltr'><strong>etiam</strong></span> 
     </span>
     <span class='ocr_line' id='line_1_114' title="bbox 1194 2518 2149 2560; baseline -0.001 -8"><span class='ocrx_word' id='word_1_776' title='bbox 1194 2522 1328 2557; x_wconf 87' lang='lat' dir='ltr'><strong>adferre,</strong></span> <span class='ocrx_word' id='word_1_777' title='bbox 1352 2520 1467 2560; x_wconf 90' lang='lat' dir='ltr'><strong>quibus</strong></span> <span class='ocrx_word' id='word_1_778' title='bbox 1489 2531 1522 2551; x_wconf 91' lang='lat' dir='ltr'><strong>se</strong></span> <span class='ocrx_word' id='word_1_779' title='bbox 1545 2525 1640 2549; x_wconf 85' lang='lat' dir='ltr'><strong>antea</strong></span> <span class='ocrx_word' id='word_1_780' title='bbox 1661 2518 1850 2558; x_wconf 86' lang='lat' dir='ltr'><strong>quibusdam</strong></span> <span class='ocrx_word' id='word_1_781' title='bbox 1874 2518 1912 2549; x_wconf 88' lang='lat' dir='ltr'><strong>de</strong></span> <span class='ocrx_word' id='word_1_782' title='bbox 1934 2519 2038 2550; x_wconf 85' lang='lat' dir='ltr'><strong>causis</strong></span> <span class='ocrx_word' id='word_1_783' title='bbox 2061 2529 2149 2551; x_wconf 87' lang='lat' dir='ltr'><strong>coac-</strong></span> 
     </span>
     <span class='ocr_line' id='line_1_115' title="bbox 1196 2560 2147 2601; baseline -0.002 -6"><span class='ocrx_word' id='word_1_784' title='bbox 1196 2572 1262 2595; x_wconf 87' lang='lat' dir='ltr'><strong>tum</strong></span> <span class='ocrx_word' id='word_1_785' title='bbox 1296 2564 1359 2593; x_wconf 90' lang='lat' dir='ltr'><strong>iam</strong></span> <span class='ocrx_word' id='word_1_786' title='bbox 1394 2563 1467 2593; x_wconf 88' lang='lat' dir='ltr'><strong>facti</strong></span> <span class='ocrx_word' id='word_1_787' title='bbox 1501 2562 1663 2601; x_wconf 87' lang='lat' dir='ltr'><strong>poenitere</strong></span> <span class='ocrx_word' id='word_1_788' title='bbox 1704 2560 1837 2591; x_wconf 88' lang='lat' dir='ltr'><strong>diceret:</strong></span> <span class='ocrx_word' id='word_1_789' title='bbox 1877 2562 2147 2600; x_wconf 88' lang='lat' dir='ltr'><strong>quemadmodum</strong></span> 
     </span>
     <span class='ocr_line' id='line_1_116' title="bbox 1196 2606 2147 2647; baseline -0.002 -10"><span class='ocrx_word' id='word_1_790' title='bbox 1196 2607 1364 2647; x_wconf 80' lang='lat' dir='ltr'><strong>principes,</strong></span> <span class='ocrx_word' id='word_1_791' title='bbox 1388 2606 1437 2636; x_wconf 86' lang='lat' dir='ltr'><strong>ius</strong></span> <span class='ocrx_word' id='word_1_792' title='bbox 1456 2615 1550 2635; x_wconf 90' lang='lat' dir='ltr'><strong>omne</strong></span> <span class='ocrx_word' id='word_1_793' title='bbox 1569 2610 1601 2634; x_wconf 91' lang='lat' dir='ltr'><strong>et</strong></span> <span class='ocrx_word' id='word_1_794' title='bbox 1620 2614 1756 2643; x_wconf 91' lang='lat' dir='ltr'><strong>aequum</strong></span> <span class='ocrx_word' id='word_1_795' title='bbox 1774 2611 1958 2643; x_wconf 86' lang='lat' dir='ltr'><strong>pervertere</strong></span> <span class='ocrx_word' id='word_1_796' title='bbox 1974 2610 2147 2644; x_wconf 81' lang='lat' dir='ltr'><strong>praetextu</strong></span> 
     </span>
     <span class='ocr_line' id='line_1_117' title="bbox 1196 2646 2149 2691; baseline -0.002 -10"><span class='ocrx_word' id='word_1_797' title='bbox 1196 2648 1362 2691; x_wconf 83' lang='lat' dir='ltr'><strong>potestatis</strong></span> <span class='ocrx_word' id='word_1_798' title='bbox 1390 2656 1422 2679; x_wconf 86' lang='lat' dir='ltr'><strong>et</strong></span> <span class='ocrx_word' id='word_1_799' title='bbox 1445 2647 1624 2679; x_wconf 85' lang='lat' dir='ltr'><strong>autoritatis</strong></span> <span class='ocrx_word' id='word_1_800' title='bbox 1647 2646 1766 2677; x_wconf 85' lang='lat' dir='ltr'><strong>solent:</strong></span> <span class='ocrx_word' id='word_1_801' title='bbox 1797 2646 1848 2678; x_wconf 90' lang='lat' dir='ltr'><strong>vel</strong></span> <span class='ocrx_word' id='word_1_802' title='bbox 1876 2647 1971 2677; x_wconf 87' lang='lat' dir='ltr'><strong>etiam</strong></span> <span class='ocrx_word' id='word_1_803' title='bbox 1994 2647 2149 2679; x_wconf 83' lang='lat' dir='ltr'><strong>simulare</strong></span> 
     </span>
    </p>

    <p class='ocr_par' dir='ltr' id='par_1_9' title="bbox 1900 2697 1950 2722">
     <span class='ocr_line' id='line_1_118' title="bbox 1900 2697 1950 2722; baseline 0 0"><span class='ocrx_word' id='word_1_804' title='bbox 1900 2697 1950 2722; x_wconf 77' lang='lat'><strong>19*</strong></span> 
     </span>
    </p>
   </div>
  </div>
 </body>
</html>
