2551 3044
199 181 239 213 89
859 182 905 214 IN
930 182 955 214 I.
980 182 1067 214 LIB.
1091 180 1289 214 SAMUEL.
1313 181 1409 212 GAP.
1433 182 1508 214 XV.

198 276 404 314 invexerunt,
437 282 468 307 et
498 276 608 308 turbas
641 276 806 315 dederunt,
839 277 1005 308 veritatem
1030 276 1091 308 Dei
1121 276 1154 306 in

200 319 403 351 mendacium
427 324 665 358 converterunt,
688 320 749 351 Dei
773 330 891 350 nomen
915 329 1041 360 semper
1062 328 1155 359 prae-

201 361 356 399 dicarunt,
381 366 412 393 et
435 372 472 393 eo
495 362 622 402 gloriati
646 367 731 394 sunt.
777 361 994 401 Quamobrem
1024 371 1155 392 necesse

201 410 248 436 est
271 404 456 445 diligentem
480 403 625 436 adhiberi
648 405 838 442 cautionem,
862 409 897 435 ut
921 404 988 435 veri
1011 408 1156 445 pastores

200 452 231 478 et
260 447 331 478 Deo
364 457 439 478 vere
470 448 637 487 approbati
670 448 708 478 ab
743 447 813 479 aliis
847 447 1084 478 discernantur:
1119 455 1156 476 ac

199 489 332 530 proinde
356 489 482 520 vocatio
512 490 653 529 ipsorum
683 500 746 521 non
777 489 882 520 dubiis
910 490 1010 530 signis
1040 489 1156 520 confir-

199 537 322 563 metur:
360 538 395 562 ut
433 532 493 563 hac
528 533 651 563 ratione
681 532 866 564 seductores
896 537 927 563 et
958 533 1155 572 impostores,

199 584 382 614 quanquam
408 574 467 605 Dei
491 585 606 606 nomen
630 574 813 611 obtendant,
837 575 945 615 procul
971 580 1078 606 tamen
1102 573 1156 604 ab·

199 616 347 657 legentur
380 621 412 647 et
451 622 666 649 coerceantur.
722 617 844 649 Idcirco
878 617 1060 649 Samuelem
1102 616 1155 646 hic

199 659 345 690 videmus
376 659 467 690 Sauli
499 670 648 691 revocare
683 661 714 691 in
745 660 944 698 memoriam,
974 670 1007 691 se
1037 670 1054 690 a
1084 658 1154 689 Deo

198 701 289 742 prius
303 702 435 733 missum
456 707 491 733 ut
509 702 612 742 ipsum
637 702 670 732 in
695 713 802 743 regem
827 709 971 743 ungeret,
995 706 1030 733 ut
1052 712 1093 732 ex
1117 712 1152 732 eo

198 743 386 775 mandatum
406 755 439 776 se
457 745 504 775 illi
523 745 691 775 aDomino
711 745 835 776 adferre
848 749 1016 776 constaret.
1052 744 1153 775 Porro

199 787 224 818 si
247 786 430 818 Samuelem
454 792 520 819 tam
544 787 703 827 insignem
726 788 927 827 prophetam,
955 793 986 818 et
1009 792 1073 818 tam
1097 797 1152 827 ap-

197 830 368 869 probatum
398 830 507 861 multis
538 830 728 861 testimoniis
758 841 838 870 quae
862 841 880 861 a
903 831 1015 871 spiritu
1041 834 1152 860 sancto

197 877 372 912 acceperat,
395 872 537 913 oportuit
560 882 635 903 suae
658 873 834 904 vocationis
858 873 952 904 fidem
976 873 1088 909 facere,
1120 875 1152 903 et

197 925 260 945 non
285 915 388 946 dubiis
411 915 513 956 signis
536 915 726 946 confirmare
749 926 782 946 se
801 926 818 946 a
833 916 902 947 Deo
921 914 1070 946 mandata
1088 914 1152 946 ista

198 957 356 997 accepisse
379 968 459 998 quae
482 957 521 988 ad
545 956 676 988 Saulem
700 958 866 998 perferret,
890 969 925 990 ac
948 957 1081 999 proinde
1105 957 1152 988 ni-

197 999 243 1030 hil
269 1000 320 1031 hic
344 1009 362 1030 a
386 1010 418 1031 se
447 1000 534 1040 fingi,
564 999 657 1039 quale
686 1004 838 1040 putamus
868 1011 979 1032 eorum
1009 1000 1150 1031 officium

197 1052 282 1079 esse,
317 1052 395 1082 quos
427 1042 516 1073 Deus
551 1042 692 1074 nondum
727 1043 765 1074 ad
801 1048 924 1074 tantam
959 1043 1150 1084 dignitatem

196 1085 311 1123 evexit,
335 1095 437 1124 neque
458 1084 563 1116 adhue
586 1085 659 1116 ullis
682 1086 783 1126 signis
805 1086 879 1118 fecit
902 1086 1088 1126 conspicuos
1111 1096 1150 1115 ex

196 1127 310 1168 quibus
333 1127 404 1158 illos
428 1132 580 1167 appareat
603 1138 620 1158 a
644 1127 783 1159 Domino
807 1129 939 1160 selectos
962 1133 994 1159 et
1016 1128 1054 1159 ad
1078 1138 1148 1159 eam

197 1169 386 1211 dignitatem
416 1169 563 1201 vocatos?
609 1169 825 1209 Quamobrem
859 1171 911 1202 hic
943 1171 1149 1202 observemus

192 1217 338 1254 oportere
357 1212 446 1244 verbi
468 1212 528 1243 Dei
548 1223 718 1252 praecones
741 1224 816 1245 suae
836 1214 1012 1245 vocationis
1030 1213 1149 1244 habere

192 1255 420 1293 testimonium,
456 1262 490 1285 ut
522 1255 675 1295 populum
707 1256 819 1288 docere
850 1256 986 1288 fideliter
1016 1256 1147 1296 possint,

191 1302 222 1329 et
244 1297 356 1328 falsam
380 1296 731 1338 pseudoprophetarum
756 1303 787 1330 et
811 1299 1014 1330 seductorum
1034 1298 1148 1330 doctri„

191 1351 264 1371 nam
288 1339 441 1371 refellere.
477 1340 575 1380 Atqui
596 1341 690 1372 hodie
715 1351 842 1373 necesse
865 1345 914 1372 est
935 1342 1146 1373 constitutum

193 1382 336 1414 ordinem
349 1383 579 1414 ecclesiasticae
594 1384 766 1415 vocationis
784 1384 956 1423 observari,
976 1388 1012 1415 ut
1031 1394 1145 1424 nempe

192 1425 253 1457 rite
277 1425 439 1466 eligantur
462 1425 517 1465 qui
540 1425 602 1456 Dei
633 1427 769 1458 verbum
799 1427 1023 1458 annuntiaturi
1053 1431 1144 1458 sunt:

192 1468 306 1499 deinde
329 1471 365 1499 ut
387 1467 524 1499 fideliter
547 1468 651 1500 officio
676 1470 862 1510 fungantur.
908 1470 1028 1501 Parum
1059 1470 1146 1500 enim

192 1516 242 1542 est
264 1516 408 1542 vocatum
433 1510 571 1551 aliquem
603 1512 641 1542 ad
671 1512 870 1544 functionem
900 1512 1145 1544 ecclesiasticam

192 1564 270 1590 esse,
294 1554 356 1584 nisi
379 1553 481 1584 officio
505 1565 562 1584 suo
587 1554 750 1595 fungatur.
794 1555 895 1586 Porro
918 1554 979 1586 Dei
1010 1555 1146 1586 verbum

192 1600 240 1628 est
263 1595 370 1637 lydius
393 1596 446 1627 ille
468 1596 549 1636 lapis
573 1597 610 1628 ad
635 1607 728 1637 quem
743 1597 956 1629 examinanda
979 1601 1026 1629 est
1048 1608 1145 1638 quae-

191 1638 268 1670 libet
314 1638 467 1670 doctrina.
533 1639 751 1678 Quamobrem
792 1642 972 1681 quicunque
1012 1640 1144 1672 docendi

191 1681 396 1713 autoritatem
418 1681 451 1712 in
475 1682 607 1713 eeclesia
631 1683 764 1722 eupiunt
787 1683 941 1721 obtinere,
970 1683 1053 1715 hanc
1076 1684 1144 1724 pati

190 1724 293 1765 Iegem
317 1723 441 1762 debent,
475 1730 510 1756 ut
533 1724 572 1756 ad
596 1735 703 1756 sacrae
726 1726 903 1766 scripturae
926 1737 1070 1758 normam
1094 1727 1142 1767 ip-

191 1777 301 1798 sorum
324 1766 468 1798 doctrina
501 1767 716 1808 expendatur:
755 1773 789 1799 ut
820 1769 874 1799 fiat
900 1769 1077 1809 periculum
1102 1781 1143 1801 an

190 1820 209 1842 a
231 1809 301 1840 Deo
331 1809 400 1850 ipso
429 1809 511 1841 docti
542 1811 615 1849 sint,
646 1817 676 1841 et
707 1814 813 1842 tantos
842 1812 874 1842 in
905 1812 1004 1852 ipsius
1034 1813 1143 1844 schola

186 1862 376 1894 progressus
405 1853 548 1891 fecerint,
582 1858 616 1883 ut
651 1853 752 1893 ipsius
787 1854 914 1885 nomine
947 1854 1142 1896 legationem

186 1895 282 1933 obire,
306 1899 336 1925 et
359 1895 491 1935 spiritus
514 1895 614 1935 ipsius
638 1906 707 1927 esse
730 1906 850 1936 organa
873 1901 904 1928 et
926 1898 1142 1930 instrumenta

185 1938 316 1978 possint.
368 1937 475 1978 Atque
509 1938 587 1969 haec
625 1938 716 1969 nobis
746 1939 888 1971 eruenda
916 1940 1061 1972 doctrina
1094 1946 1142 1973 est

187 1991 227 2012 ex
251 1979 357 2011 verbis
378 1980 441 2012 illis
466 1980 637 2021 Samuelis,
662 1981 776 2021 quibus
801 1982 964 2022 praefatur
986 1993 1019 2014 se
1043 1984 1142 2015 aDo-

187 2023 274 2054 mino
299 2022 432 2054 missum
455 2023 553 2054 fuisse
576 2024 665 2063 prius
689 2024 728 2055 ad
753 2034 860 2065 regem
885 2025 1069 2066 ungendum
1094 2027 1140 2067 ip-

188 2076 258 2097 sum
282 2064 424 2097 Saulem.
470 2066 641 2097 Caeterum
667 2066 797 2097 Samuel
821 2067 892 2099 istis
915 2069 1021 2100 verbis
1044 2070 1141 2100 etiam

188 2107 320 2140 Saulem
333 2107 433 2146 docet,
453 2109 708 2149 quandoquidem
722 2109 783 2140 Dei
803 2110 901 2150 ipsius
914 2111 1014 2142 veluti
1033 2122 1142 2151 manu,

187 2161 251 2182 non
285 2155 393 2182 autem
427 2152 492 2182 suis
525 2151 654 2187 viribus,
687 2162 790 2192 neque
819 2152 976 2185 industria
1005 2165 1142 2195 regnum

188 2193 317 2233 aceepit,
349 2194 419 2224 Deo
450 2193 528 2225 illud
557 2204 619 2225 non
649 2194 832 2226 hominibus
860 2196 942 2227 ferre
976 2201 1141 2237 acceptum

187 2235 291 2276 ipsum
315 2240 477 2276 oportere:
507 2241 538 2267 et
570 2236 686 2268 idcirco
716 2238 906 2270 nominatim
936 2238 1012 2271 dicit
1034 2240 1141 2280 ipsum

187 2277 347 2318 accepisse
369 2289 505 2320 regnum
529 2279 706 2310 ministerio
730 2279 900 2320 Samuelis,
928 2283 1019 2313 cuius
1051 2283 1142 2314 Deus

188 2324 281 2351 autor
304 2320 416 2352 fuerat.
462 2321 679 2361 Quamobrem
712 2333 840 2354 necesse
868 2328 916 2355 est
940 2324 1073 2356 Saulem
1096 2326 1141 2358 sic

188 2373 206 2394 a
230 2363 298 2394 Deo
323 2368 481 2404 vocatum,
512 2365 608 2395 totius
639 2365 689 2395 sui
714 2365 805 2405 regni
828 2365 1140 2400 administrationem

188 2405 227 2436 ad
258 2405 319 2436 Dei
354 2405 550 2438 voluntatem
586 2406 730 2447 exigere:
766 2407 843 2439 adeo
878 2414 913 2440 ut
946 2410 1015 2442 Deo
1050 2413 1142 2452 regni

186 2448 368 2488 proprietas
397 2454 551 2487 servetur,
582 2449 674 2480 euius
699 2449 777 2481 Saul
806 2454 931 2483 tantum
953 2452 1075 2494 legatus
1100 2455 1142 2486 sit

187 2494 218 2521 et
242 2490 438 2522 administer.
483 2492 588 2531 Quam
623 2492 714 2523 foeda
743 2493 827 2524 enim
858 2498 888 2525 et
918 2505 1013 2535 quam
1038 2498 1141 2537 turpis

186 2533 241 2564 illa
264 2533 344 2563 foret
368 2533 577 2574 ingratitudo,
607 2535 633 2565 si
657 2534 736 2566 Saul
760 2535 791 2566 in
816 2538 935 2577 regiam
959 2538 1046 2570 illam
1071 2540 1141 2581 dig-

186 2576 321 2606 nitatem
345 2580 475 2608 evectus
498 2588 515 2607 a
535 2577 684 2615 Domino,
709 2577 769 2609 Dei
792 2579 944 2611 mandata
966 2588 1141 2622 sperneret,

186 2623 218 2650 et
240 2629 279 2649 ex
303 2618 402 2649 animi
425 2620 473 2650 sui
497 2620 658 2651 sententia
680 2625 709 2651 et
734 2620 864 2653 arbitrio
888 2623 984 2655 vellet
1007 2635 1141 2667 regnum

2128 188 2169 218 5¹0

1208 273 1456 306 administrare?
1481 275 1602 307 Idcirco
1622 278 1726 318 itaque
1740 277 1872 311 Samuel
1894 279 1984 311 illum
2005 279 2164 320 admonet,

1208 316 1311 356 ipsum
1335 327 1353 347 a
1377 317 1446 348 Deo
1470 318 1501 348 in
1526 319 1611 350 hunc
1640 321 1736 351 finem
1761 321 1793 352 in
1825 326 1947 353 tantam
1973 322 2164 363 dignitatem

1207 363 1365 397 evectum,
1391 365 1424 391 ut
1449 360 1518 391 Deo
1542 372 1660 393 morem
1686 369 1819 403 gereret,
1846 375 1979 405 seseque
2002 365 2040 396 ad
2065 366 2166 407 ipsius

1209 401 1404 433 voluntatem
1429 410 1642 442 componeret.
1688 406 1844 446 Equidem
1870 418 1944 438 vero
1967 409 2075 445 fateor,
2100 419 2164 440 non

1207 453 1318 476 omnes
1351 445 1405 485 qui
1438 445 1533 476 hodie
1565 447 1603 477 ad
1638 458 1743 479 rerum
1784 449 2001 490 gubernacula
2040 450 2162 491 sedent,

1207 485 1315 517 eodem
1337 487 1430 518 modo
1449 498 1511 528 quo
1525 487 1600 520 Saul
1624 490 1720 522 fuisse
1741 496 1875 530 vocatos,
1899 503 1960 524 non
1986 493 2161 526 adhibitam

1207 529 1377 569 specialem
1403 530 1595 569 unctionem,
1620 537 1651 562 et
1682 533 1759 564 nihil
1790 535 1852 565 tale
1875 535 1966 575 quale
1996 536 2027 566 in
2053 535 2162 569 Saulis

1207 572 1362 604 electione
1385 573 1522 604 factum:
1552 585 1661 605 verum
1693 580 1800 607 tamen
1833 588 1907 608 vera
1937 578 1994 609 illa
2017 584 2064 609 est
2087 589 2160 610 sen-

1207 615 1305 645 tentia
1329 621 1361 645 et
1383 615 1574 654 indubitata,
1599 628 1722 649 omnem
1747 623 1935 658 potestatem
1960 631 2028 652 esse
2051 632 2069 652 a
2092 621 2161 652 Do-

1206 657 1302 688 mino.
1338 656 1555 697 Quamobrem
1580 670 1706 692 necesse
1728 666 1774 692 est
1799 673 1850 693 eos
1873 663 1927 702 qui
1949 664 2083 694 caeteris
2107 663 2159 695 do-

1205 699 1373 731 minantur
1395 700 1481 732 hunc
1504 701 1607 733 locum
1632 702 1802 743 diligenter
1825 705 2006 744 observare,
2029 712 2064 737 ut
2088 717 2158 737 mu-

1205 742 1290 773 neris
1314 743 1363 774 sui
1387 748 1495 783 partes
1519 755 1628 776 omnes
1652 745 1689 776 ad
1704 745 1764 777 Dei
1788 747 1984 779 voluntatem
2008 749 2158 787 referant,

1205 788 1235 814 et
1258 795 1333 816 suae
1357 786 1643 819 administrationis
1674 789 1753 819 ratio
1784 790 1856 820 inde
1879 791 1982 822 omnis
2005 791 2158 831 pendeat:

1204 838 1239 858 ac
1264 828 1398 867 proinde
1420 829 1453 859 in
1478 828 1563 860 hunc
1587 830 1716 862 unicum
1748 842 1877 872 scopum
1910 833 1980 864 illos
2011 839 2158 874 oportere

1203 869 1365 901 collimare
1385 877 1420 901 ut
1439 872 1643 903 commissum
1665 874 1722 905 sibi
1743 885 1860 906 munus
1885 876 2047 916 impleant,
2068 877 2158 908 cuius

1203 912 1277 943 olim
1302 914 1371 944 Deo
1396 914 1533 945 fideliter
1556 916 1712 947 rationem
1737 917 1883 948 reddant:
1903 919 2158 959 quandoquidem

1203 955 1235 986 in
1260 966 1329 987 eam
1354 956 1544 997 dignitatem
1569 959 1653 998 ipsos
1677 961 1791 997 evexit,
1824 960 1882 992 hoc
1911 962 1974 992 fine
1998 972 2037 992 ne
2061 973 2078 993 a
2102 973 2160 994 sua

1203 997 1371 1029 voluntate
1395 999 1554 1031 recedant.
1599 1001 1710 1041 Itaque
1734 1002 1793 1033 Dei
1829 1003 2017 1035 mandatum
2048 1005 2159 1037 sedulo

1202 1041 1383 1080 exquirant,
1403 1052 1439 1073 ac
1459 1042 1630 1083 diligenter
1644 1044 1845 1083 meditentur,
1867 1052 1901 1077 ut
1920 1057 2030 1077 revera
2049 1048 2159 1078 testari

1202 1085 1336 1123 possint,
1367 1095 1400 1115 se
1431 1085 1511 1116 nihil
1536 1086 1597 1117 nisi
1621 1087 1702 1126 quod
1727 1087 1804 1128 Deo,
1835 1099 1852 1118 a
1876 1099 1937 1128 quo
1968 1089 2157 1129 dignitatem

1202 1130 1326 1157 tantam
1350 1133 1550 1167 acceperunt,
1577 1134 1705 1169 gratum
1736 1136 1767 1160 et
1790 1136 1953 1171 acceptum
1979 1132 2029 1169 sit,
2053 1143 2159 1164 susce-

1202 1168 1285 1209 pisse
1309 1175 1340 1200 et
1363 1171 1509 1211 gessisse.

1288 1213 1329 1243 Et
1349 1212 1387 1244 de
1406 1213 1475 1244 istis
1495 1213 1667 1245 haetenus:
1687 1215 1829 1254 sequitur
1848 1215 2004 1256 deinceps,
2025 1216 2155 1248 Saulem

1201 1256 1310 1286 statim
1344 1259 1415 1295 post
1450 1260 1614 1296 acceptum
1642 1257 1839 1295 mandatum,
1876 1258 1905 1289 id
1937 1259 2157 1300 promulgasse

1201 1297 1284 1338 apud
1308 1298 1471 1338 populum,
1496 1303 1527 1330 et
1547 1309 1600 1330 eos
1620 1301 1816 1331 recensuisse
1836 1301 1867 1331 in
1888 1301 2031 1332 Telaiim.
2066 1302 2155 1335 Haec

1200 1351 1261 1372 vox
1286 1341 1431 1379 Telaiim,
1456 1346 1562 1382 potest
1585 1343 1683 1382 accipi
1709 1353 1765 1383 pro
1789 1343 1855 1374 loco
1879 1344 2014 1384 quodam
2039 1345 2071 1375 in
2095 1356 2155 1385 quo

1200 1383 1375 1415 recensitus
1412 1385 1453 1415 sit
1492 1384 1636 1425 populus,
1683 1391 1715 1416 ut
1754 1386 1794 1416 sit
1831 1396 1945 1418 nomen
1980 1388 2155 1427 proprium.

1200 1426 1395 1466 Quanquam
1419 1427 1569 1467 quoniam
1594 1427 1762 1467 aliquando
1785 1436 1830 1459 est
1854 1429 2095 1470 appellativum,
2124 1434 2156 1462 et

1199 1469 1358 1510 significat
1389 1481 1505 1511 agnos:
1540 1470 1668 1510 quidam
1699 1470 1807 1502 dicunt
1837 1471 1980 1512 singulos
2009 1473 2154 1504 attulisse

1199 1512 1237 1542 ad
1271 1511 1401 1543 Saulem
1437 1523 1566 1554 agnum,
1602 1518 1635 1543 ut
1670 1512 1864 1544 dinumerari
1893 1519 2035 1554 possent,
2070 1515 2153 1555 quod

1200 1554 1287 1586 Deus
1311 1556 1475 1586 numerari
1499 1555 1648 1596 populum
1674 1556 1899 1596 prohibuisset.
1945 1556 2009 1588 Sed
2033 1559 2154 1590 coniec-

1198 1600 1272 1628 tura
1299 1597 1355 1629 illa
1378 1602 1426 1629 est
1449 1598 1556 1630 inanis
1580 1602 1611 1629 et
1634 1598 1776 1629 ridicula.
1822 1598 1903 1638 Quis
1926 1600 2011 1630 enim
2036 1600 2154 1631 dixerit

1198 1650 1215 1670 e
1249 1644 1339 1671 tanta
1373 1640 1581 1672 multitudine
1614 1641 1755 1681 singulos
1786 1651 1905 1682 agnum
1928 1642 2083 1681 attulisse,
2117 1647 2154 1674 ut

1197 1693 1293 1722 quum
1317 1682 1453 1714 ducenta
1472 1683 1574 1715 millia
1592 1683 1736 1724 peditum
1756 1683 1883 1719 fuerint,
1906 1685 2002 1715 etiam
2023 1684 2152 1717 ducenti

1196 1725 1284 1756 mille
1308 1727 1382 1767 agni
1405 1727 1470 1758 sint
1494 1726 1590 1765 allati,
1623 1726 1691 1757 sine
1723 1727 1760 1757 iis
1793 1727 1845 1766 qui
1880 1738 1918 1758 ex
1953 1727 2041 1759 tribu
2072 1727 2152 1759 Iuda

1197 1768 1304 1800 decem
1335 1769 1437 1800 millia
1467 1769 1604 1800 fuerunt.
1653 1769 1760 1800 Merae
1789 1770 1867 1800 istae
1896 1774 1970 1800 sunt
1993 1781 2097 1811 nugae
2122 1774 2153 1801 et

1195 1811 1306 1842 inanes
1341 1822 1377 1843 ac
1411 1812 1574 1843 ridiculae.
1620 1812 1685 1843 Alii
1719 1811 1773 1852 qui
1805 1812 1883 1842 haec
1912 1823 1969 1852 per
1991 1813 2152 1852 quandam

1195 1853 1439 1885 similitudinem
1454 1854 1515 1885 dici
1528 1854 1649 1891 volunt,
1663 1854 1768 1894 aliqua
1781 1855 1901 1885 ratione
1914 1854 1974 1885 niti
1988 1855 2150 1886 videntur:

1195 1896 1327 1928 Saulem
1356 1908 1412 1928 eos
1442 1898 1495 1937 qui
1526 1897 1565 1928 ad
1597 1908 1629 1928 se
1653 1897 1750 1928 coacti
1775 1902 1850 1927 sunt
1872 1907 2057 1929 numerasse
2081 1902 2152 1929 tan-

1195 1949 1290 1979 quam
1310 1949 1422 1980 agnos,
1446 1940 1476 1970 id
1497 1945 1553 1977 est,
1575 1946 1610 1971 ut
1630 1940 1733 1970 solent
1751 1940 1905 1979 opiliones
1924 1940 1995 1971 illas
2013 1940 2153 1980 pecudes

1194 1992 1251 2022 pro
1282 1982 1451 2014 voluntate
1483 1987 1620 2014 tractare
1650 1988 1682 2013 et
1706 1993 1824 2023 regere,
1853 1982 1934 2022 quod
1959 1983 2024 2013 sint
2046 1983 2154 2014 faciles

1195 2025 1383 2063 animantes,
1408 2026 1452 2057 sic
1476 2026 1571 2056 etiam
1592 2025 1722 2056 Saulem
1744 2025 1894 2065 populum
1915 2024 2007 2055 illum
2027 2025 2153 2057 facilem

1194 2073 1361 2108 expertum
1383 2068 1489 2099 fuisse.
1530 2069 1573 2099 Et
1593 2079 1669 2099 sane
1689 2068 1767 2098 haec
1787 2067 1944 2107 expositio
1963 2067 2035 2107 plus
2054 2068 2151 2099 habet

1194 2110 1484 2142 verisimilitudinis
1502 2121 1598 2151 quam
1619 2110 1673 2141 illa
1694 2110 1789 2150 prior.
1818 2110 1949 2149 Nempe,
1969 2120 2033 2140 non
2053 2111 2151 2142 fuisse

1193 2154 1347 2193 populum
1383 2153 1603 2184 refraetarium
1638 2163 1740 2193 neque
1774 2157 2000 2189 contumacem,
2046 2163 2149 2193 neque

1194 2196 1290 2226 etiam
1316 2196 1442 2227 tardum
1466 2196 1504 2227 ad
1532 2196 1728 2235 obsequium,
1752 2195 1804 2225 sed
1827 2194 1921 2225 simul
1945 2205 2055 2225 omnes
2078 2206 2150 2227 con-

1193 2238 1332 2277 venisse,
1372 2243 1409 2269 ut
1447 2239 1548 2269 instar
1590 2248 1745 2278 agnorum
1782 2238 1941 2267 numerari
1977 2238 2148 2277 potuerint.

1195 2280 1366 2312 Caeterum
1400 2292 1496 2321 quum
1521 2281 1683 2311 numerari
1707 2279 1857 2320 populum
1883 2279 2030 2310 audimus
2053 2280 2149 2311 fuisse

1193 2324 1393 2363 prohibitum
1413 2335 1431 2353 a
1450 2324 1527 2361 Deo,
1550 2333 1613 2354 non
1634 2323 1679 2353 ita
1698 2322 1951 2362 intelligendum,
1975 2323 2063 2362 quasi
2083 2333 2147 2353 non

1195 2366 1303 2397 liceret
1333 2367 1471 2397 lustrare
1502 2365 1679 2397 exercitum
1710 2369 1740 2395 et
1770 2375 1934 2395 recensere
1966 2365 2084 2396 milites
2113 2366 2146 2396 in

1194 2409 1310 2440 bellum
1345 2409 1551 2449 profecturos,
1586 2407 1851 2448 quemadmodum
1884 2407 1914 2437 in
1944 2406 2033 2438 libris
2063 2407 2148 2439 Iudi-

1194 2462 1266 2482 cum
1301 2462 1395 2491 saepe
1428 2456 1552 2482 coactos
1586 2454 1618 2480 et
1640 2450 1812 2480 recensitos
1846 2449 1964 2481 milites
1997 2449 2145 2491 legimus,

1194 2504 1327 2534 quorum
1372 2493 1466 2524 etiam
1512 2503 1665 2523 numerus
1706 2492 1906 2531 exprimitur.
1950 2491 2014 2523 Sed
2056 2493 2147 2524 Deus

1195 2537 1279 2567 hunc
1311 2536 1463 2567 honorem
1496 2535 1652 2566 illibatum
1685 2534 1742 2566 sibi
1773 2535 1930 2565 reservari
1961 2534 2072 2573 voluit,
2105 2546 2147 2567 ne

1195 2584 1313 2610 temere
1337 2582 1559 2609 numeraretur
1582 2577 1730 2617 populus,
1754 2587 1844 2617 quem
1869 2577 2062 2618 peculiarem
2087 2578 2146 2609 sibi

1196 2621 1374 2662 delegerat:
1398 2631 1459 2660 qua
1484 2620 1606 2651 ratione
1625 2620 1725 2650 voluit
1746 2619 1928 2650 ambitionis
1947 2621 2146 2652 occasionem
