2551 3044
122 213 182 244 365

121 305 356 337 calamitatibus
380 302 615 337 exercendum?
647 302 764 333 Istisne
787 307 893 332 autem
918 307 1072 341 perpetuo

122 348 338 389 parcendum?
373 347 413 378 In
436 356 513 387 quas
535 346 725 385 plerumque
749 354 840 375 voces
864 344 1073 383 erumpimus,

122 391 205 431 quod
228 401 292 422 non
314 390 421 421 veniat
444 389 533 420 nobis
555 388 589 418 in
608 394 747 417 mentem
767 396 805 416 ea
823 396 904 425 quae
928 386 979 416 hic
1002 385 1075 416 doc-

122 436 207 465 trina
240 433 428 467 continetur,
470 440 585 469 nempe
624 428 728 459 Deum
765 429 883 460 nostris
919 429 1074 464 hostibus,

122 477 299 516 quicunque
323 474 449 505 tandem
473 472 518 503 illi
544 473 616 507 sint,
649 473 693 501 uti
718 471 756 502 ad
781 482 871 502 suam
899 471 1073 502 vindictam

122 517 341 551 exercendam.
365 521 397 546 et
420 514 545 554 quidem
566 521 599 544 ut
620 514 722 554 magis
741 525 777 545 ac
800 515 902 554 magis
928 514 1074 544 humilie-

121 572 202 592 mur.
245 559 327 590 Nam
357 560 383 589 si
414 557 543 597 propria
572 568 666 587 manu
694 558 851 595 castigare
881 567 937 588 nos
961 557 1073 596 digna.-

121 610 219 639 retur,
252 606 385 641 paterna
416 600 472 630 illa
505 600 586 630 foret
619 599 794 639 castigatio.
842 599 954 639 Neque
988 600 1073 629 enim

119 650 210 686 pater
231 643 332 675 filium
356 643 517 683 castigans
546 642 615 673 eius
638 642 847 681 ignominiam
878 649 909 672 et
938 642 1074 673 dedecus

118 687 251 728 quaerit.
304 686 417 726 Itaque
453 685 540 716 Deus
574 685 717 716 hostibus
752 695 809 715 nos
844 685 1008 725 affligendi
1042 689 1074 715 et

117 730 228 761 durius
262 727 431 759 exercendi
468 727 587 758 faciens
626 731 826 767 potestatem,
866 728 931 758 illis
972 727 1074 758 utitur

118 780 269 812 tanquam
294 771 403 811 flagris
434 776 465 801 ot
495 769 660 801 securibus
691 770 806 810 quibus
829 780 887 801 nos
910 775 944 800 ut
968 770 1073 800 iustus

118 815 214 846 iudex
238 813 436 845 contundam:
464 817 495 844 et
518 823 635 852 poenas
659 813 789 844 meritas
820 818 975 853 reposcat.
1020 811 1073 842 Id-

118 859 201 889 circo
225 867 283 887 nos
306 856 396 887 decet
418 855 476 886 sub
499 855 599 895 ipsius
629 865 761 886 manum
786 856 887 895 magis
912 866 948 886 ac
972 855 1073 895 magis

119 900 219 938 deiici,
242 906 273 930 et
290 903 490 939 peccatorum
515 908 610 928 sensu
634 899 678 928 sic
697 899 780 929 affici
803 904 840 928 ut
864 898 984 938 pudore
1008 899 1072 928 suf-

117 943 179 974 fusi
203 941 242 973 ab
264 941 327 972 illis
350 940 536 972 resiliamus.
608 940 610 943 ’

202 985 336 1016 Praeter
369 983 533 1023 superiora
552 983 607 1014 ‘hic
631 983 722 1014 nobis
745 983 956 1022 expendenda
979 982 1072 1013 Iona-

119 1028 209 1058 thani
232 1027 310 1058 fides
332 1032 363 1057 et
384 1026 545 1066 obligatio,
575 1030 608 1056 et
637 1026 692 1057 illa
721 1027 848 1065 quidem
874 1026 1072 1057 admiranda.

118 1071 226 1102 Saulis
259 1069 342 1100 enim
376 1069 460 1109 regis
493 1073 562 1099 erat
594 1068 692 1106 filius,
727 1079 862 1108 quorum
893 1079 1010 1100 nomen
1042 1074 1073 1099 et

118 1113 270 1144 familiam
302 1122 395 1142 nemo
429 1117 495 1142 tum
531 1110 658 1142 abolere
687 1111 856 1151 cogitabat,
891 1112 954 1142 nisi
988 1111 1072 1142 forte

118 1155 247 1191 inimici,
277 1153 430 1185 adversus
453 1164 532 1193 quos
555 1160 622 1184 tum
644 1154 761 1184 bellum
786 1155 926 1195 gerebat,
958 1165 1072 1193 nempe

118 1197 293 1229 Philistaei.
342 1196 423 1227 Nam
454 1197 488 1226 in
521 1197 673 1227 universo
702 1198 818 1236 populo
846 1197 971 1227 nullum
992 1197 1071 1228 Saul

117 1240 252 1272 habebat
272 1239 442 1276 aemulum,
466 1239 572 1270 nullas
595 1240 738 1279 privatas
762 1240 956 1276 inimicitias,
980 1240 1071 1270 nulla

114 1284 195 1321 odia,
218 1283 295 1323 quin
318 1282 408 1313 facile
432 1292 582 1313 coronam
606 1287 637 1312 et
659 1288 821 1322 sceptrum
845 1283 971 1321 regium
995 1283 1070 1313 reti-

115 1331 215 1358 neret.
267 1324 498 1355 Verumtamen
530 1324 614 1355 ultro
643 1324 845 1356 Ionathauus
875 1325 993 1356 Davidi
1024 1336 1072 1356 re-

116 1370 202 1410 gium
237 1374 397 1407 sceptrum
432 1368 544 1398 defert.
599 1367 684 1406 Quid
726 1368 770 1398 ita
805 1368 904 1398 vero?
952 1368 1071 1408 Nempe

116 1422 224 1452 regem
245 1411 311 1441 fore
329 1410 485 1440 Davidem
509 1411 662 1450 agnoscit,
686 1411 745 1441 etsi
769 1417 837 1441 tum
857 1410 949 1441 valde
973 1411 1072 1442 afflic-

114 1461 182 1486 tum
217 1459 248 1485 et
279 1453 376 1484 variis
404 1453 553 1484 fluctibus
584 1453 750 1493 agitatum,
785 1454 862 1484 adeo
896 1459 931 1484 ut
961 1465 1000 1484 ne
1032 1453 1071 1484 ad

114 1502 314 1528 momentum
343 1495 471 1535 quidem
503 1506 636 1535 usquam
668 1501 757 1527 tutus
788 1497 961 1533 videretur,
993 1497 1071 1536 quin

114 1540 152 1571 de
177 1541 242 1571 vita
265 1538 509 1578 periclitaretur,
540 1544 575 1569 ut
599 1538 748 1579 deinceps
780 1538 967 1570 videbimus.
1009 1538 1072 1569 Da-

116 1583 220 1613 videm
244 1592 320 1621 ergo
343 1581 416 1612 licet
440 1581 617 1621 profugum,
646 1586 677 1612 et
700 1581 791 1613 Sauli
815 1592 946 1613 exosum
970 1586 1003 1612 et
1025 1583 1072 1612 in-

114 1626 242 1662 festum,
260 1624 462 1655 Ionathanus
482 1634 589 1664 regem
609 1626 753 1664 agnoscit
772 1629 803 1655 et
822 1626 950 1656 fatetur.
984 1625 1070 1663 Quid

114 1669 167 1706 ita,
190 1667 253 1699 nisi
276 1666 359 1707 quod
383 1666 510 1697 divinas
542 1667 770 1706 promissiones
793 1667 947 1705 intuetur,
978 1674 1009 1698 et
1033 1668 1071 1698 de

113 1711 242 1742 illarum
276 1708 467 1740 certitudine
502 1720 673 1749 persuasus
712 1720 763 1741 res
797 1710 976 1742 invisibiles
1010 1711 1070 1741 sibi

113 1759 188 1785 ante
217 1753 323 1784 oculos
357 1753 506 1792 proponit
555 1758 585 1783 et
614 1753 871 1793 contemplatur?
917 1753 973 1785 Sic
1005 1753 1068 1784 No-

114 1797 229 1828 achum
250 1794 394 1826 videmus
414 1795 569 1826 diluvium
587 1795 733 1826 futurum
753 1796 859 1826 animo
878 1797 1069 1836 concepisse,

114 1846 146 1870 et
169 1838 301 1879 reliquis
324 1838 417 1878 genio
439 1837 692 1878 indulgentibus,
716 1843 747 1869 et
767 1838 984 1878 voluptatibus
1003 1840 1069 1870 suis

113 1892 242 1922 operam
265 1880 414 1911 dantibus
438 1881 532 1911 auxie
555 1887 588 1911 et
610 1881 744 1912 sollicite
768 1892 874 1912 arcam
900 1883 1013 1922 viginti
1037 1888 1070 1912 et

113 1929 243 1957 centum
277 1933 433 1954 annorum
468 1924 571 1963 spatio
604 1925 769 1955 struxisse.
827 1924 1068 1963 Quamobrem?

112 1967 287 2007 Apostolus
310 1967 378 2006 ipse
399 1966 555 1997 rationem
579 1966 678 2003 docet,
702 1977 817 2006 nempe
836 1968 955 1998 vidisse
979 1968 1069 1998 illum

112 2011 174 2042 fide
196 2009 280 2050 quod
304 2008 446 2039 nondum
470 2009 623 2046 exstabat,
653 2014 684 2040 et
707 2009 744 2040 de
768 2009 829 2040 Dei
858 2011 1069 2049 promissione

112 2054 209 2085 fuisse
236 2062 432 2092 persuasum.
485 2052 574 2082 Idem
606 2062 681 2092 ergo
713 2052 803 2083 nobis
832 2053 883 2083 hic
914 2053 952 2084 de
977 2053 1068 2084 Iona-

111 2096 210 2127 thano
234 2095 445 2131 sentiendum,
475 2095 527 2134 qui
552 2094 627 2126 licet
650 2094 787 2126 Davidis
817 2101 935 2126 statum
960 2097 1069 2127 videat

113 2143 189 2169 tunc
211 2137 426 2168 miserrimum
451 2144 482 2168 et
504 2137 764 2169 abiectissimum.
789 2148 852 2168 non
878 2138 995 2169 desinit
1018 2144 1068 2170 ta-

114 2191 187 2212 men
208 2180 298 2211 illum
331 2185 365 2210 ut
388 2190 495 2220 regem
519 2190 691 2221 agnoscere
714 2186 746 2211 et
768 2191 840 2212 cum
864 2181 919 2212 illo
943 2182 1067 2221 pacisci.

116 2223 238 2263 Nempe
260 2223 299 2254 ad
321 2223 421 2262 ipsius
441 2233 535 2254 aures
559 2229 693 2254 venerat
711 2223 773 2254 Dei
792 2224 962 2263 promissio
981 2225 1067 2256 facta

119 2264 252 2296 Davidi:
292 2272 321 2296 et
362 2270 496 2296 noverat
529 2266 808 2297 comminationem
842 2266 974 2297 Domini
1014 2268 1068 2298 ad-

118 2318 230 2339 versus
259 2306 386 2339 Saulem
417 2313 541 2347 patrem
570 2318 628 2348 per
651 2307 812 2340 Samuelis
840 2309 1065 2346 ministerium,

115 2350 184 2381 fore
218 2349 367 2381 nimirum
401 2356 437 2380 ut
470 2351 559 2382 Deus
591 2351 690 2382 alium
723 2362 939 2383 successorem
975 2352 1066 2384 Sauli

117 2397 283 2432 quaereret
319 2392 433 2432 populo
473 2403 531 2424 suo
572 2393 831 2434 praeficiendum.
877 2394 966 2433 Quas
999 2396 1064 2427 Do-

120 2435 197 2466 mini
220 2435 322 2465 minas
344 2434 541 2467 Ionathanus
564 2436 608 2468 sic
631 2437 764 2476 excepit,
788 2443 825 2468 ut
849 2438 887 2468 de
907 2437 969 2468 Dei
993 2449 1063 2478 pro—

119 2477 270 2508 missione
297 2476 413 2507 Davidi
444 2478 526 2510 facta
553 2480 670 2510 certior
702 2480 813 2519 factus,
846 2490 909 2511 non
941 2480 1068 2513 dubitet

119 2521 198 2560 quin
226 2520 268 2551 sit
300 2518 387 2549 illam
415 2519 503 2552 Deus
533 2522 739 2561 perfecturus,
774 2522 850 2554 licet
879 2527 956 2555 tunc
985 2530 1068 2556 tem-

119 2563 206 2604 poris
239 2561 402 2592 hominum
430 2562 545 2595 iudicio
579 2564 684 2596 David
715 2571 798 2597 esset
826 2565 866 2597 ab
895 2576 933 2597 ea
964 2577 1068 2599 remo-

120 2605 263 2637 tissimus
285 2608 317 2635 et
339 2603 560 2637 alienissimus.
600 2607 672 2646 Qua
695 2608 729 2639 in
753 2619 786 2639 re
810 2608 979 2640 Ionathani
1002 2610 1068 2641 vir-

121 2655 172 2680 tus
194 2652 242 2679 est
263 2646 402 2678 maxime
424 2648 599 2687 conspicua,
621 2650 877 2691 quandoquidem
901 2652 940 2683 ad
963 2653 1068 2693 ipsum

778 208 825 239 IN
850 208 873 239 I.
900 207 987 238 LIB.
1011 208 1208 239 SAMUEL.
1234 209 1330 240 CAP.
1354 210 1431 241 XX.

2020 213 2081 242 3663

1126 302 1213 341 regia
1244 304 1401 333 successio
1433 304 1620 343 pertinebat.
1666 304 1748 335 Nam
1778 304 1854 344 quid
1886 304 1924 335 de
1956 305 2080 336 Davide

1126 344 1184 374 sibi
1209 351 1333 383 poterat
1356 346 1519 385 polliceri?
1558 347 1674 378 Nonne
1703 348 1790 387 regia
1822 347 1961 387 dignitas
1984 358 2079 387 quam

1127 387 1170 416 illi
1196 393 1354 425 procurat,
1384 399 1455 419 euni
1481 389 1579 428 ipsius
1604 390 1796 420 detrimento
1820 391 1990 421 coniuncta
2013 397 2081 422 erat

1127 429 1164 458 ad
1197 440 1289 468 quem
1320 432 1477 461 successio
1507 432 1691 471 spectabat?
1736 433 1819 463 Nam
1852 433 1997 465 homines
2020 434 2080 464 sci-

1128 482 1198 501 mus
1228 474 1294 502 suis
1324 474 1498 503 commodis
1523 474 1658 510 studere,
1691 480 1720 505 et
1746 476 1952 506 vehementer
1976 476 2080 517 indig-

1127 514 1197 544 nari
1223 515 1249 545 si
1279 515 1352 553 quid
1385 517 1462 555 ipsis
1493 525 1689 556 proponatur
1713 518 1899 548 damnosum
1929 524 1960 549 et
1984 519 2079 549 detri-

1127 562 1323 587 mentosum:
1355 564 1385 587 ct
1414 558 1504 589 nulla
1533 564 1597 589 tam
1628 567 1713 591 arcta
1737 571 1805 591 esse
1829 561 1988 592 amicitiae
2011 562 2081 591 vin-

1126 599 1206 635 cula,
1242 610 1322 639 quae
1350 611 1413 630 non
1445 602 1536 632 facile
1566 602 1767 641 abrumpant,
1797 603 1823 633 si
1852 603 2080 634 detrimentum

1126 641 1256 672 adferat.
1302 642 1424 673 Verum
1450 644 1649 675 Ionathanus
1679 645 1778 676 credit
1802 646 1883 686 quod
1907 652 2001 677 antea
2025 657 2079 677 au-

1126 684 1216 721 divit,
1253 685 1356 715 Deum
1389 686 1471 716 velle
1502 686 1661 717 Davidem
1693 698 1838 728 regnare,
1873 695 1904 719 et
1941 689 1980 719 ab
2012 690 2079 728 ipso

1125 727 1222 757 fuisse
1252 727 1454 767 designatum
1486 734 1516 759 et
1544 730 1678 760 electum
1709 741 1814 771 regem
1846 731 1957 762 Israeli
1987 743 2078 771 prac-

1125 769 1306 800 ficiendum.
1350 770 1477 801 Patrem
1502 782 1593 802 suum
1618 783 1714 811 seque
1738 774 1833 804 etiam
1858 773 1967 804 divino
1991 785 2080 804 man-

1125 812 1198 842 dato
1217 813 1308 843 novit
1327 812 1365 843 de
1385 815 1471 852 regia
1491 814 1647 854 dignitate
1666 816 1888 854 deficiendum,
1911 821 1942 847 et
1960 816 2080 848 Dat-idi

1125 854 1366 885 subiiciendum.
1422 856 1508 887 Hinc
1542 856 1750 888 admonemur
1783 859 1877 889 fidem
1914 869 1976 890 non
2010 870 2080 890 csse

1126 903 1252 928 tantuin
1277 897 1315 928 de
1338 898 1376 928 iis
1401 908 1482 937 quae
1506 899 1594 930 nobis
1618 906 1709 940 grata
1732 907 1763 931 et
1787 902 1877 932 utilia
1901 908 1992 932 sunt:
2023 902 2078 933 sed

1125 940 1221 970 etiam
1252 940 1290 970 de
1321 940 1474 977 adversis,
1505 942 1579 981 quia
1609 943 1643 973 fit
1675 949 1709 973 ut
1737 944 1762 973 si
1787 944 1875 975 Deus
1904 954 1963 975 nos
1986 954 2079 984 saepe

1125 988 1236 1013 contra
1254 984 1525 1022 exspectationem
1547 990 1577 1015 et
1595 986 1775 1024 opinionem
1797 987 1953 1027 excipiat:
1978 995 2008 1017 et
2032 989 2080 1018 in-

1125 1026 1232 1056 cidant
1256 1036 1362 1056 rerum
1384 1029 1575 1058 mutationes
1594 1028 1746 1064 difficiles,
1767 1034 1797 1059 et
1822 1030 1937 1060 nostris
1960 1030 2081 1061 affecti-

1126 1069 1183 1099 bus
1207 1074 1434 1108 repugnantes,
1466 1070 1624 1108 patienter
1652 1076 1757 1101 tamen
1788 1072 1935 1102 ferendas
1959 1079 1989 1102 et
2013 1083 2080 1103 am-

1124 1110 1308 1150 plectendas
1339 1112 1486 1142 sciamus.
1537 1112 1660 1144 Idcirco
1683 1114 1854 1144 Ionathani
1886 1115 2079 1146 laudabilior

1125 1154 1230 1184 virtus
1253 1160 1395 1193 apparet,
1420 1166 1481 1194 quo
1504 1156 1606 1195 magis
1630 1155 1750 1195 placide
1769 1158 1927 1196 acquievit
1948 1158 2081 1189 Domini

1124 1197 1250 1227 decreto
1280 1196 1318 1226 de
1343 1197 1463 1227 familia
1486 1197 1593 1228 Saulis
1617 1198 1801 1236 deiicienda,
1835 1205 1866 1230 et
1889 1199 1927 1230 de
1950 1200 2078 1230 Davide

1124 1239 1309 1278 attollendo,
1333 1245 1363 1270 et
1387 1240 1419 1270 in
1439 1241 1557 1280 regiam
1579 1241 1765 1280 (lignitatem
1785 1242 1958 1272 evehendo.
1992 1243 2081 1273 Rara

1124 1292 1200 1312 sane
1224 1282 1317 1313 fides:
1350 1292 1420 1313 rara
1443 1283 1475 1313 in
1500 1284 1595 1314 terris
1625 1284 1737 1315 virtus.
1783 1284 1864 1314 Nam
1896 1286 2079 1316 incredibile

1125 1325 1288 1355 videretur
1311 1324 1471 1355 Davidem
1496 1336 1513 1356 a
1537 1326 1714 1356 Ionathano
1738 1327 1781 1357 sic
1807 1327 2018 1367 redamatum‚
2042 1335 2077 1358 ut

1123 1367 1163 1398 ad
1187 1368 1309 1408 regium
1327 1375 1487 1408 sceptrum
1504 1368 1579 1399 olim
1599 1370 1819 1408 occupandum
1837 1369 1875 1400 ab
1899 1370 1966 1409 ipso
1989 1371 2078 1401 iuva-

1124 1418 1220 1441 ret-ur.
1266 1410 1333 1441 Cur
1364 1421 1426 1441 non
1457 1412 1541 1441 enim
1566 1412 1727 1442 hominem
1759 1423 1776 1442 e
1806 1412 1888 1443 vivis
1909 1413 2080 1450 auferebat,

1123 1464 1216 1492 quem
1248 1453 1280 1483 in
1311 1463 1368 1483 sua
1400 1459 1554 1492 potestate
1586 1454 1742 1485 habebat?
1789 1455 2079 1487 Verumenimvero

1123 1502 1234 1527 contra
1262 1496 1399 1527 libenter
1429 1507 1462 1527 se
1492 1497 1552 1536 ipsi
1581 1507 1651 1527 cum
1675 1497 1762 1527 omni
1786 1497 1942 1529 modestia
1965 1504 1996 1528 et
2020 1498 2080 1529 hu-

1123 1539 1259 1569 militate
1288 1539 1423 1570 subiicit.
1478 1539 1563 1570 Hinc
1598 1540 1697 1579 igitur
1730 1540 1889 1571 discamus
1921 1540 2008 1571 nulla
2044 1552 2078 1572 re

1122 1592 1180 1612 nos
1208 1581 1356 1621 impediri
1388 1581 1503 1612 debere
1532 1583 1704 1621 quominus
1736 1582 1796 1612 Dei
1821 1583 1955 1613 verbum
1985 1584 2080 1623 plena

1123 1630 1154 1655 et
1182 1623 1362 1655 indubitata
1392 1624 1454 1655 fide
1485 1625 1683 1664 recipiamus,
1712 1632 1743 1655 et
1778 1626 1811 1655 in
1838 1636 1874 1655 eo
1898 1626 2081 1664 gloriemur,

1124 1668 1196 1698 licet
1227 1677 1290 1698 nou
1321 1667 1389 1698 sine
1413 1666 1605 1698 detrimento
1635 1672 1746 1698 nostro
1769 1668 1895 1707 impleri
1919 1678 2010 1707 posse
2033 1669 2079 1699 vi-

1122 1709 1246 1741 deatur.
1301 1710 1386 1740 Nam
1420 1709 1487 1740 fere
1517 1721 1628 1741 sumus
1659 1710 1816 1740 honorum
1847 1710 2013 1749 avidiores,
2048 1716 2079 1742 et

1121 1753 1257 1783 nimium
1277 1752 1412 1788 delicati,
1436 1758 1467 1783 et
1486 1752 1548 1783 Dei
1567 1763 1696 1783 manum
1717 1753 1798 1783 ferre
1818 1764 1880 1783 non
1899 1763 2076 1794 possumus,

1121 1795 1184 1826 nisi
1214 1800 1373 1835 quatenus
1402 1796 1519 1826 nostris
1549 1795 1778 1835 cupiditatibus
1807 1795 1967 1836 indulget:
2002 1796 2077 1828 hinc

1120 1838 1176 1869 illa
1199 1839 1230 1869 in
1254 1838 1346 1869 nobis
1370 1838 1525 1869 naturalis
1548 1838 1765 1874 incredulitas,
1789 1838 1865 1870 hinc
1887 1838 2075 1870 obmurmu-

1121 1882 1262 1912 rationes
1282 1880 1435 1912 adversus
1450 1881 1564 1920 Deum,
1584 1881 1673 1912 cuius
1692 1881 1905 1920 praesentiam
1925 1882 1959 1911 in
1979 1882 2077 1913 verbo

1120 1924 1220 1964 ipsius
1244 1923 1452 1964 contemplari
1482 1934 1545 1954 non
1575 1923 1752 1954 didicimus.
1799 1923 2015 1962 Quamobrem
2040 1930 2076 1955 ut

1120 1972 1207 1998 certa
1228 1967 1292 1998 fide
1316 1966 1543 2006 promissiones
1575 1966 1701 1997 divinas
1724 1966 1923 2005 recipiamus,
1955 1972 1985 1997 et
2007 1968 2077 1998 sine

1120 2009 1335 2050 repugnantia
1369 2009 1536 2040 veritatem
1572 2010 1639 2040 eius
1672 2008 1914 2048 amplectamur,
1948 2019 2075 2040 omnem

1120 2053 1335 2093 arrogantiam
1362 2056 1394 2082 et
1421 2051 1459 2082 de
1486 2051 1575 2083 nobis
1605 2052 1784 2091 opinionem
1816 2051 1953 2083 abiicere
1975 2051 2075 2083 disca-

1120 2105 1208 2127 mus:
1241 2095 1280 2126 ad
1304 2094 1491 2134 patientiam
1514 2105 1571 2125 nos
1600 2103 1822 2125 exerceamus:
1854 2095 1972 2125 nostris
1994 2105 2077 2126 coni-

1119 2139 1220 2169 modis
1250 2137 1378 2169 studere
1407 2137 1606 2168 desinamus:
1638 2137 1769 2175 Deoque
1804 2146 1863 2167 nos
1891 2141 1973 2168 totos
2003 2148 2075 2177 per-

1119 2182 1294 2219 mittamus,
1318 2185 1349 2211 et
1372 2180 1548 2211 secundum
1571 2180 1672 2219 ipsius
1703 2179 1901 2209 voluntatem
1926 2191 1984 2211 nos
2008 2181 2075 2220 regi

1118 2224 1269 2261 feramus,
1300 2223 1378 2253 adeo
1401 2228 1436 2253 ut
1459 2222 1532 2252 licet
1556 2222 1651 2252 variis
1683 2231 1890 2252 exerceamur
1912 2223 2074 2254 calamita-

1118 2268 1212 2304 tibus,
1235 2270 1407 2305 nostraque
1430 2264 1610 2295 obedientia
1635 2264 1732 2295 variis
1756 2264 1858 2295 modis
1881 2265 2075 2304 exploretur,

1119 2321 1158 2341 ne
1182 2315 1289 2340 tamen
1319 2308 1535 2347 indignemur,
1566 2317 1668 2346 neque
1698 2307 1796 2337 variis
1827 2307 2075 2348 cogitationibus

1118 2361 1270 2389 uramur3
1299 2350 1553 2390 quandoquidem
1589 2361 1644 2380 nos
1678 2360 1715 2380 ea
1744 2349 1926 2380 conditione
1955 2350 1989 2381 in
2017 2351 2076 2382 hoc

1118 2395 1238 2427 mundo
1261 2393 1430 2425 collocatos
1453 2403 1522 2423 esse
1546 2403 1564 2423 a
1586 2392 1735 2427 Domino,
1764 2397 1799 2422 ut
1822 2392 1892 2423 istis
1915 2393 2076 2424 calamita-

1119 2440 1204 2471 tibus
1227 2446 1442 2470 exerceamur,
1465 2435 1545 2466 scirc
1569 2435 1731 2472 debemus,
1755 2440 1785 2465 et
1806 2434 1938 2466 Domini
1962 2437 2076 2467 volun-

1119 2482 1176 2513 tati
1200 2479 1408 2519 acquiescere.

1205 2525 1312 2562 Atque
1342 2521 1380 2552 de
1410 2520 1481 2551 istis
1505 2521 1583 2551 satis
1606 2530 1686 2560 quae
1710 2519 1859 2560 deinceps
1881 2521 1987 2553 adhuc
2009 2522 2077 2561 plu-

1121 2568 1210 2599 ribus
1233 2569 1329 2595 erunt
1355 2563 1554 2603 explicanda.
1600 2562 1691 2601 Quae
1721 2572 1796 2593 vero
1827 2562 1865 2594 de
1894 2563 2076 2596 Ionathano

1122 2610 1268 2645 diximus,
1300 2611 1456 2646 apparent
1487 2615 1526 2636 ex
1556 2605 1662 2636 verbis
1686 2605 1767 2635 illis:
1802 2605 1844 2636 Et
1866 2606 2019 2638 diwzittam
2041 2610 2076 2646 te,

1121 2656 1147 2685 et
1175 2651 1274 2682 vadas
1303 2649 1336 2679 in
1362 2659 1446 2688 pace,
1478 2651 1503 2678 et
1531 2649 1571 2679 sit
1594 2648 1749 2679 Dominus
1778 2651 1881 2686 tecum,
1911 2649 1988 2681 sicut
2016 2650 2078 2689 fuit
