2551 3044
223 175 263 206 85
882 170 927 202 IN
953 171 979 202 I.
1003 169 1091 200 LIB.
1112 168 1309 202 SAMUEL.
1335 169 1432 201 CAP.
1456 170 1531 202 XV.
2152 174 2191 205 86

222 272 322 300 tatem
354 267 480 304 venire,
511 265 676 298 sciendum
707 269 816 296 tamen
848 275 911 296 non
934 265 1109 304 perituram
1133 262 1180 293 ul-

1205 264 1207 301 j
1232 262 1323 294 Deus
1346 262 1469 295 adiicit:
1496 264 1560 296 Nec
1582 266 1734 297 reveritus
1755 269 1796 298 est
1819 266 1929 298 Dewm.
1966 267 2053 299 Sane
2076 267 2103 298 si
2127 266 2191 299 Dei

219 311 289 342 ,lam
323 309 490 350 sanguinis
520 309 619 339 nostri
650 312 785 348 guttam,
813 308 911 339 immo
939 314 971 338 et
999 306 1181 344 lachrymas
1205 305 1207 344 Ι
1229 305 1381 337 -timorem
1401 306 1565 345 habemus,
1584 318 1750 348 nunquam
1770 309 1809 340 ad
1829 314 1950 341 tantam
1964 310 2190 341 crudelitatem

223 359 353 385 nostras
382 352 548 384 collectum
579 357 611 382 et
641 355 803 381 servatum
833 350 872 381 iri
902 350 936 380 in
967 350 1066 390 ipsius
1094 358 1180 385 vasa,
1204 349 1207 380 1
1233 346 1451 380 deveniemus.

224 400 376 435 tanquam
411 394 641 435 pretiosissima
677 397 859 431 unguenta,
891 399 926 423 ut
960 391 1114 433 propheta
1146 382 1207 421 in¹

223 439 355 471 Psalmo
380 437 478 468 docet.
523 435 633 474 Quare
654 435 682 466 si
703 435 781 466 haec
805 435 920 466 animis
944 434 1063 466 nostris
1085 433 1181 464 altius

223 481 324 513 infixa
347 479 518 515 haeserint,
541 486 572 509 et
595 478 628 508 in
654 478 759 508 media
782 478 915 509 tristitia
938 482 1046 508 tamen
1065 475 1180 516 gaudio

227 522 509 558 exsultaverimus,
534 520 672 552 scientes
685 520 789 551 Deum
810 520 913 551 illatas
933 520 1023 551 nobis
1045 518 1181 549 iniurias

223 572 380 605 tanquam
404 564 463 595 sibi
487 564 586 595 factas
610 563 764 601 ulturum,
788 562 1044 603 quandoquidem
1063 560 1142 592 nihil
1163 571 1180 591 a

223 608 315 639 nobis
339 612 519 647 separatum
546 605 664 636 habere
688 606 767 643 vult,
798 616 877 645 quos
902 617 941 636 ex
965 615 1053 636 mera
1075 602 1180 644 gratia

223 655 255 682 et
285 649 425 680 bonitate
454 649 485 679 in
517 648 670 688 populum
701 647 807 688 elegit,
843 659 924 688 quae
952 658 1010 679 nos
1044 645 1180 685 amplius

222 703 338 733 urgere
362 691 517 722 dubitatio
541 691 667 731 poterit,
695 690 953 730 quandoquidem
984 689 1111 721 infinita
1132 693 1179 720 est

222 735 324 776 ipsius
347 733 511 774 potentia?
558 732 644 772 Quid
674 744 748 773 ergo
771 738 926 773 superest,
954 733 1014 764 nisi
1038 738 1073 763 ut
1096 742 1180 762 eres·

223 778 373 810 centibus
397 776 490 807 malis
513 776 672 816 patienter
694 776 749 806 illa
783 775 932 815 feramus,
963 781 995 806 et
1017 774 1050 805 in
1073 773 1178 804 Deum

222 820 423 857 reiiciamus,
463 818 600 850 scientes
639 818 743 858 ipsum
778 818 907 849 minime
947 817 1178 858 permissurum

223 862 380 903 improbis
403 862 542 893 laxiores
567 861 707 892 habenas
731 860 769 891 ad
801 872 857 892 nos
882 860 1053 898 vexandos,
1083 869 1178 899 quam

222 906 291 946 ipse
315 904 405 936 nobis
428 915 496 935 esse
519 903 597 934 utile
620 908 651 934 et
674 903 812 934 salutare
837 902 1047 934 iudicaverit?
1071 901 1179 942 Atque

222 948 303 979 haec
325 947 358 978 in
381 956 507 979 summa
527 951 583 983 est,
598 946 742 977 doctrina
764 956 804 977 ex
823 945 929 977 verbis
947 945 1010 977 illis
1028 943 1179 982 eruenda,

222 991 340 1031 quibus
363 990 470 1021 Deum
493 989 641 1020 audimus
671 988 802 1019 iussisse
825 989 1019 1020 Amalecitas
1045 998 1110 1018 una
1131 987 1178 1018 in·

225 1033 410 1065 ternecione
429 1042 540 1063 omnes
559 1031 743 1070 exstirpari,
763 1031 1016 1071 memoriamque
1036 1030 1180 1070 ipsorum

223 1076 334 1107 deleri.
388 1074 477 1114 Quin
513 1074 611 1105 etiam
649 1073 793 1104 additum
832 1073 1052 1105 iusiurandum
1086 1072 1180 1112 plane

224 1117 394 1160 patefacit,
424 1117 530 1147 Deum
565 1120 694 1147 nostrae
729 1116 841 1147 salutis
875 1127 1034 1148 summam
1069 1125 1179 1146 curam

224 1170 344 1202 gerere.
389 1159 531 1191 Multum
554 1159 641 1190 enim
664 1158 741 1190 illud
766 1165 822 1197 est,
846 1170 945 1199 quum
968 1169 1002 1190 se
1024 1158 1180 1190 adversus

222 1203 333 1235 hostes
356 1206 481 1233 nostros
499 1202 756 1232 insurrecturum
776 1201 868 1232 dicit:
893 1202 947 1233 sed
967 1211 1065 1242 quum
1083 1201 1179 1232 etiam

222 1244 429 1277 iureiurando
452 1244 697 1284 promissionem
722 1244 808 1274 illam
828 1245 1004 1281 confirmat,
1027 1248 1059 1275 et
1078 1243 1179 1275 veluti

223 1298 411 1329 sponsorem
434 1294 465 1318 et
489 1287 605 1317 vadem
628 1287 813 1326 interponit,
850 1293 940 1318 tanto
970 1287 1071 1327 magis
1092 1296 1177 1317 amo-

222 1341 291 1362 rem
325 1341 418 1361 suum
449 1340 525 1370 erga
555 1339 614 1360 nos
644 1328 857 1360 demonstrat:
886 1329 970 1370 quod
998 1329 1064 1361 solo
1092 1328 1180 1359 illius

223 1373 324 1405 verbo
354 1373 425 1413 plus
453 1383 547 1412 quam
579 1372 775 1403 satisfactum
807 1383 875 1403 esse
905 1372 996 1404 nobis
1025 1376 1178 1412 oporteat.

224 1415 357 1456 Quanto
380 1415 481 1456 igitur
504 1415 606 1455 magis
637 1425 726 1445 suam
750 1414 1006 1446 benevolentiam
1029 1414 1178 1451 declarat,

223 1469 323 1500 quum
355 1459 451 1489 etiam
486 1457 690 1488 iureiurando
726 1457 868 1488 affirmat
900 1469 934 1489 se
967 1462 1179 1498 protectorem

224 1507 370 1533 nostrum
394 1506 426 1531 et
444 1506 615 1540 patronum
634 1500 710 1537 sore,
730 1511 851 1540 nosque
872 1500 1026 1532 adversus
1038 1499 1179 1531 hostium

225 1545 293 1576 vim
307 1543 523 1581 defensurum,
542 1542 709 1582 illatasque
728 1543 863 1574 iniurias
882 1542 1047 1574 ulturum?
1072 1542 1180 1581 Quum

225 1597 295 1618 sese
317 1585 477 1617 Dominus
500 1595 537 1616 eo
562 1595 661 1625 usque
685 1585 832 1622 demittit,
864 1590 899 1616 ut
928 1596 961 1617 se
984 1590 1111 1616 nostrae
1133 1585 1181 1616 in-

225 1629 370 1661 firmitati
389 1627 614 1665 accommodet,
633 1638 713 1668 quae
733 1627 869 1668 amplius
888 1628 1043 1660 dubitatio
1055 1632 1181 1659 nostras

224 1676 352 1703 mentes
375 1670 572 1711 exagitabit?
598 1669 706 1709 Quare
731 1675 855 1701 tantum
879 1670 963 1711 apud
982 1681 1038 1702 nos
1056 1670 1181 1710 pondus

225 1715 345 1746 habere
368 1714 471 1750 debet,
499 1718 530 1744 et
553 1713 598 1744 ita
621 1723 679 1744 nos
707 1713 876 1750 consolari,
910 1718 946 1744 ut
974 1723 1180 1753 quascunque

226 1757 363 1789 iniurias
392 1757 482 1787 nobis
512 1756 619 1786 illatas
648 1756 809 1795 patienter
838 1756 985 1794 feramus,
1019 1761 1052 1787 et
1085 1766 1181 1795 quae-

226 1810 353 1840 cunque
386 1799 558 1830 adversum
589 1809 647 1830 nos
676 1797 784 1830 hostes
813 1799 916 1829 moliti
945 1799 1072 1836 fuerint,
1107 1798 1181 1829 forti

227 1843 334 1874 animo
357 1851 555 1882 superemus,
586 1841 650 1872 imo
678 1849 709 1871 et
738 1847 871 1872 mortem
902 1841 1003 1881 ipsam
1026 1851 1092 1872 non
1113 1852 1180 1872 me-

225 1891 372 1921 tuamus,
413 1883 670 1924 quandoquidem
712 1883 803 1914 Deus
842 1884 936 1914 etiam
976 1883 1181 1915 iureiurando

227 1927 390 1959 affirmare
414 1927 565 1967 dignatus
587 1930 636 1957 est
659 1936 691 1957 se
717 1926 853 1957 ultorem
872 1926 946 1963 fore,
969 1931 1000 1957 et
1024 1926 1062 1958 de
1085 1926 1182 1958 hosti-

227 1971 288 2002 bus
311 1970 432 2001 nostris
455 1980 572 2010 poenas
596 1968 837 2008 reposcsturrim,
870 1975 924 2000 aut
951 1969 1056 2009 potius
1085 1980 1119 2000 se
1143 1969 1181 2000 de

224 2015 292 2045 suis
314 2012 460 2044 hostibus
484 2011 661 2042 vindictam
685 2016 900 2051 sumpturum,
922 2012 1071 2052 quoniam
1094 2011 1182 2043 istud

226 2061 274 2087 est
296 2056 397 2096 ipsius
421 2065 508 2095 opus.
555 2055 598 2085 Et
622 2053 659 2085 de
683 2054 751 2085 istis
775 2054 937 2085 hactenus.

311 2098 412 2129 Porro
441 2108 539 2137 quum
567 2096 605 2127 de
636 2096 824 2128 crudelitate
847 2097 1099 2128 Amalccitarum
1129 2097 1181 2128 hic

225 2140 375 2172 audimus
403 2139 501 2171 verba
530 2139 616 2176 fieri,
647 2140 699 2178 qui
730 2150 763 2170 se
798 2139 951 2171 Israelitis
985 2140 1019 2171 in
1054 2140 1180 2171 deserto

226 2183 323 2215 rebus
356 2183 505 2214 omnibus
545 2182 706 2213 destitutis
747 2181 917 2213 crudeliter
956 2188 1180 2222 opposuerant,

227 2225 436 2257 observemus
459 2225 564 2256 Deum
588 2235 646 2255 nos
670 2224 790 2261 docere,
814 2224 1003 2256 miserorum
1026 2230 1058 2256 et
1080 2225 1179 2257 afflic—

227 2271 333 2299 torum
364 2278 421 2298 nos
455 2272 601 2308 oportere
634 2267 786 2298 misereri.
836 2266 945 2306 Quare
975 2278 1181 2308 quaecunque

226 2311 313 2342 mala
335 2310 438 2342 nostri
461 2310 575 2341 fratres
598 2309 773 2349 patiuntur,
808 2309 939 2341 totidem
962 2320 1031 2342 esse
1054 2310 1180 2342 aculeos

227 2353 343 2394 quibus
373 2363 432 2383 noe
468 2352 601 2384 excitari
631 2351 670 2382 ad
703 2352 952 2384 misericordiam
986 2363 1063 2394 erga
1095 2354 1181 2394 ipsos

227 2401 355 2436 oportet
377 2396 531 2427 sciamus:
561 2399 594 2425 et
616 2398 737 2432 contra,
766 2405 923 2426 summam
945 2400 977 2426 et
999 2395 1183 2427 intolerabi-

227 2438 291 2470 lem
314 2449 383 2470 esse
405 2437 627 2469 crudelitatem
657 2436 790 2468 afflictos
819 2441 852 2468 ct
879 2448 996 2478 egenos
1020 2439 1110 2469 novis
1132 2439 1180 2469 in-

226 2481 319 2512 iuriis
350 2480 511 2512 insectari.
557 2480 665 2519 Atque
700 2479 751 2510 hic
783 2484 833 2511 est
866 2491 977 2512 sensus
1009 2481 1181 2512 verborum

227 2524 357 2555 illorum
380 2533 461 2564 quae
476 2523 564 2554 Deus
587 2521 671 2562 apud
691 2522 803 2553 Mosen
823 2522 918 2554 Deut.
937 2523 988 2554 25.
1011 2523 1179 2564 exprimit:

229 2566 406 2598 Recordare
427 2576 531 2597 eorum
553 2575 631 2605 quae
650 2564 720 2604 fecit
741 2564 795 2596 tibi
807 2565 984 2605 Hamalech,
1007 2567 1040 2598 in
1062 2567 1179 2603 itinere,

227 2620 322 2649 quum
343 2611 376 2640 tu
398 2609 502 2640 lassus
533 2617 614 2639 esses
641 2609 668 2639 εἴ
687 2607 846 2648 fatiyatus.
891 2607 955 2640 Sed
989 2609 1179 2640 nominatim

1235 390 1240 394 Π
1270 390 1276 395 .
1327 391 1332 396 Π
1497 349 1562 380 sed
1593 351 1725 382 minime
1757 351 1888 383 dubium
1919 359 1969 383 est
1999 353 2075 392 quin
2099 352 2190 385 Deus

1232 395 1434 430 iniquitatem
1477 392 1656 431 exprimere
1692 395 1830 425 voluerit
1863 395 2116 426 Amalecitarum
2150 395 2190 426 ad

1233 438 1375 464 nostram
1399 432 1613 465 eruditionem
1637 442 1667 466 ct
1690 437 1931 469 correctionem.
1965 437 2077 478 Neque
2100 438 2189 469 enim

1232 474 1430 507 Amalecitae
1454 482 1547 507 crant
1570 477 1752 510 divinarum
1784 480 2034 520 promissionum
2065 480 2188 521 ignari:

1232 518 1440 557 quamobrem
1463 518 1532 549 Deo
1555 520 1616 559 ipsi
1639 528 1786 553 resistere
1810 522 1891 553 velle
1921 521 2112 554 videbantur
2135 533 2191 563 po-

1232 559 1342 600 pulum
1356 560 1572 592 Israelitieum
1587 562 1767 595 adorientes
1780 564 1813 595 in
1833 565 1957 602 itincre,
1977 565 2068 605 quasi
2083 566 2188 596 Deum

1231 603 1424 642 prohibituri
1448 604 1617 643 quominus
1642 606 1723 645 quod
1747 616 1820 638 ante
1852 614 1897 638 tot
1920 607 2047 639 saecula
2069 608 2189 648 promi-

1232 649 1318 693 serat
1340 646 1487 686 patribus
1511 646 1549 677 ad
1573 648 1696 679 exitum
1719 649 1915 689 perduceret.
1961 649 2036 688 Sed,
2060 660 2186 689 quaeso,

1231 688 1334 727 qualis
1367 693 1570 728 quantusque
1603 691 1662 721 iste
1697 691 1786 723 furor
1820 692 1890 723 est?
1943 692 2097 724 Mortales
2127 692 2189 724 Dei

1232 729 1432 762 voluntatem
1464 731 1545 762 velle
1575 733 1737 773 impedire,
1769 740 1801 765 et
1828 735 1929 774 ipsius
1961 734 2094 767 consilia
2117 745 2190 776 per·

1231 778 1357 804 vertere
1380 779 1412 804 et
1435 774 1586 805 eludere?
1623 775 1794 807 bonitatem
1825 777 1926 817 ipsius
1955 784 1987 808 et
2010 778 2190 817 potentiam

1231 816 1297 846 suis
1320 816 1453 856 pedibus
1477 817 1620 849 calcare?
1667 819 1734 850 Nae
1766 819 1919 851 diabolico
1950 820 2106 852 instinctu
2130 831 2186 851 ne·

1230 868 1318 889 cesse
1341 864 1388 890 est
1411 858 1483 890 illos
1507 859 1570 891 huc
1594 871 1693 900 usque
1723 862 1868 893 insaniae
1891 863 2054 894 devenire.
2100 863 2190 894 Deus

1230 900 1339 941 itaque
1357 911 1421 932 non
1441 906 1567 933 tantum
1586 903 1804 935 crudelitatem
1823 905 1910 935 illam
1925 905 2188 943 Amelecitarum,

1231 943 1314 983 quod
1339 944 1478 975 inermes
1501 950 1532 975 et
1556 944 1743 986 defatigatos
1765 947 1928 979 Israelitas
1951 958 1991 979 ex
2014 947 2129 979 itinere
2152 948 2187 980 in

1231 986 1358 1034 deserto
1381 986 1484 1018 adorti
1515 993 1630 1027 essent,
1664 989 1719 1020 sed
1749 990 1888 1021 maxime
1917 990 2000 1030 quod
2021 990 2056 1021 in
2080 990 2187 1021 Deum

1231 1039 1336 1068 ipsum
1365 1029 1626 1069 insurrexissent,
1657 1037 1687 1062 et
1718 1033 1883 1071 promissis
1913 1032 2032 1064 divinis
2053 1032 2187 1073 impedi-

1231 1076 1378 1102 mentum
1401 1071 1527 1103 adferre
1547 1073 1700 1105 adversus
1719 1075 1871 1114 populum
1889 1075 2062 1116 pugnando
2080 1076 2187 1107 conati

1231 1120 1347 1145 essent.
1392 1114 1443 1145 Ex
1467 1115 1582 1155 quibus
1605 1115 1763 1148 discamus
1786 1117 1847 1148 Dei
1871 1118 2005 1149 verbum
2028 1118 2074 1150 sic
2096 1128 2187 1150 reve-

1231 1156 1305 1194 reri,
1329 1161 1365 1188 ut
1382 1163 1468 1189 certo
1488 1158 1589 1189 simus
1611 1159 1763 1199 persuasi,
1782 1160 1960 1191 necessario
1979 1170 2187 1201 quaecunque

1232 1199 1322 1230 Deus
1344 1200 1490 1239 promisit
1520 1201 1698 1241 implenda:
1729 1207 1759 1233 et
1789 1202 1929 1234 vicissim
1960 1203 2187 1242 promissiones

1232 1242 1325 1273 nobis
1348 1243 1448 1274 factas
1471 1243 1515 1275 sic
1539 1244 1713 1284 complecti,
1744 1251 1779 1275 ut
1802 1244 1839 1276 de
1862 1244 1991 1276 illarum
2014 1245 2131 1277 effectu
2154 1251 2186 1276 et

1232 1284 1419 1324 impletione
1443 1286 1521 1317 certi
1546 1286 1654 1323 simus,
1678 1291 1709 1318 et
1733 1287 1764 1317 in
1788 1287 1850 1318 illis
1873 1287 1996 1327 placide
2019 1288 2186 1328 conquies—

1233 1337 1351 1359 camus.
1398 1328 1519 1359 Contra
1542 1339 1618 1360 vero
1649 1329 1914 1361 comminationes
1938 1330 2039 1370 ipsius
2063 1336 2186 1362 metua-

1232 1380 1314 1407 mus,
1346 1380 1580 1411 caveamusque
1609 1382 1648 1403 ne
1677 1373 1858 1413 arrogantia
1890 1378 1999 1403 nostra
2031 1373 2187 1405 adversus

1232 1413 1338 1453 ipsum
1363 1414 1545 1445 efferamur.
1591 1414 1672 1445 Nam
1697 1415 1725 1446 si
1747 1425 1866 1447 cornua
1895 1415 1928 1446 in
1957 1415 2063 1446 Deum
2087 1416 2188 1456 eriga-

1234 1466 1315 1492 mus,
1339 1455 1415 1488 licet
1438 1457 1521 1487 ferro
1545 1460 1575 1487 et
1597 1456 1731 1498 chalybe
1754 1457 1905 1496 duriores,
1939 1462 2045 1489 tamen
2070 1458 2104 1489 in
2126 1458 2186 1489 mi-

1235 1498 1405 1530 nutissima
1434 1500 1553 1530 frustra
1583 1510 1639 1531 nos
1668 1500 1847 1531 atterendos
1877 1511 1945 1531 esse
1975 1506 2097 1531 certum
2129 1506 2186 1532 est.

1234 1540 1355 1581 Ecquis
1386 1542 1472 1573 enim
1503 1542 1642 1582 ignorat,
1673 1548 1799 1574 montes
1829 1543 1915 1583 ipsos
1946 1542 2127 1581 altissimos,
2162 1543 2189 1574 si

1235 1583 1390 1616 adversus
1418 1584 1523 1615 Deum
1559 1585 1794 1625 conspirarent,
1827 1591 1989 1616 momento
2024 1586 2059 1616 in
2088 1586 2190 1625 ipsius

1233 1626 1430 1666 praesentia,
1462 1627 1546 1658 nivis
1581 1628 1698 1666 instar,
1731 1627 2049 1668 colliquefaciendos?
2103 1627 2190 1666 Quid

1234 1679 1311 1709 ergo
1335 1669 1482 1700 futurum
1505 1676 1554 1701 est
1577 1671 1702 1702 miseris
1725 1669 2000 1707 homuncionibus,
2028 1671 2083 1710 qui
2107 1670 2190 1701 nihil

1233 1711 1322 1742 aliud
1352 1717 1431 1743 sunt
1459 1713 1490 1743 in
1515 1713 1647 1744 Domini
1676 1719 1845 1753 conspectu
1878 1723 1973 1752 quam
1998 1713 2187 1744 retrimenta

1233 1758 1265 1785 et
1288 1755 1473 1795 corruptio?
1506 1755 1664 1795 quomodo
1686 1767 1760 1796 ergo
1784 1766 1919 1795 quorum
1943 1760 2033 1786 tanta
2057 1762 2104 1786 est
2127 1756 2188 1786 im-

1234 1797 1407 1835 becillitas,
1454 1797 1609 1829 adversus
1654 1799 1906 1838 omnipotentem
1947 1797 2189 1837 contenderent,

1233 1840 1399 1880 eidemque
1433 1841 1581 1872 resistere
1616 1841 1792 1872 auderent?
1844 1839 1953 1879 Quare
1987 1850 2190 1880 summopere

1232 1882 1411 1914 cavendum
1435 1894 1474 1914 ne
1497 1883 1557 1914 Dei
1582 1884 1679 1915 verbo
1702 1884 1898 1921 resistamus,
1927 1882 1981 1913 sed
2013 1883 2119 1922 potius
2148 1883 2189 1914 ad

1232 1925 1333 1965 ipsius
1356 1926 1460 1957 minas
1484 1931 1662 1957 terreamur
1685 1931 1716 1957 et
1745 1926 2021 1957 cohorrescamus:
2056 1931 2087 1956 et
2116 1936 2188 1966 pro-

1232 1968 1403 1999 missiones
1434 1968 1535 2008 ipsius
1566 1979 1637 1999 cum
1666 1969 1752 1999 omni
1777 1968 1956 1999 humilitate
1977 1968 2187 2007 recipiamus:

1233 2015 1319 2041 certo
1350 2011 1493 2051 persuasi
1523 2011 1612 2042 illum
1642 2010 1794 2051 quidquid
1824 2010 1999 2041 decreverit
2031 2011 2188 2050 perfeetu-

1233 2063 1314 2090 rum,
1350 2058 1380 2084 et
1414 2053 1452 2084 ad
1487 2064 1582 2085 suum
1616 2054 1710 2084 finem
1746 2052 1966 2084 deducturum.
2011 2052 2187 2084 Caeterum

1234 2096 1311 2126 hinc
1324 2095 1421 2127 etiam
1441 2096 1610 2135 discamus,
1629 2098 1673 2127 sic
1692 2097 1730 2127 ab
1750 2095 1836 2126 omni
1856 2095 1995 2126 vindicta
2014 2094 2186 2133 abstinere,

1233 2144 1265 2170 et
1299 2138 1498 2179 passionibus
1532 2139 1576 2170 sic
1610 2138 1775 2176 moderari,
1809 2144 1843 2169 ut
1874 2138 1906 2168 in
1941 2137 2002 2168 Dei
2034 2138 2188 2169 mandata

1234 2191 1360 2221 semper
1383 2182 1577 2220 intueamur,
1600 2186 1632 2212 et
1658 2191 1698 2212 ne
1725 2181 1803 2211 vitia
1828 2186 1859 2211 et
1877 2180 1999 2220 flagitia
2016 2180 2188 2212 tolerantia

1233 2229 1342 2255 nostra
1365 2224 1537 2255 foveamus.
1583 2223 1798 2263 Quamobrem
1829 2233 1906 2262 quos
1928 2222 2019 2253 Deus
2048 2223 2188 2254 armavit>

1233 2266 1375 2298 iustitiae
1397 2266 1514 2307 gladio,
1538 2265 1612 2297 dare
1631 2276 1758 2306 operam
1779 2275 1907 2296 necesse
1919 2269 1976 2302 est,
1995 2270 2030 2295 ut
2048 2264 2188 2296 fideliter

1233 2309 1372 2340 officium
1397 2310 1524 2348 faciant,
1554 2313 1585 2339 et
1615 2309 1719 2339 sciant
1741 2319 1774 2339 se
1797 2319 1814 2338 a
1838 2307 1906 2338 Deo
1930 2308 1962 2338 in
1986 2317 2055 2338 eam
2081 2306 2186 2348 digni-

1233 2356 1331 2382 tatem
1356 2358 1492 2391 evectos,
1525 2361 1588 2381 non
1612 2357 1649 2382 ut
1671 2349 1836 2381 affectibus
1858 2350 1924 2381 suis
1947 2349 2186 2390 obtemperent:

1233 2394 1288 2425 sed
1312 2400 1346 2424 ut
1369 2394 1428 2425 sibi
1452 2394 1594 2424 muneris
1624 2393 1765 2432 impositi
1793 2399 1899 2432 partes
1934 2392 2096 2432 impleant.
2143 2392 2187 2423 Et

1233 2437 1374 2477 privatos
1398 2437 1492 2467 etiam
1517 2446 1626 2467 omnes
1657 2441 1789 2475 oportet,
1823 2435 1883 2466 etsi
1912 2445 1976 2465 non
2005 2435 2187 2475 acceperint

1234 2479 1436 2511 autoritatem
1457 2488 1473 2508 a
1487 2478 1555 2509 Deo
1574 2478 1606 2508 in
1626 2477 1794 2508 hominum
1807 2478 1884 2508 vitia
1898 2476 2186 2515 animadvertendi,

1232 2522 1289 2553 illa
1312 2526 1419 2551 tamen
1442 2520 1558 2551 odisse:
1590 2531 1629 2551 ne
1652 2520 1722 2551 Deo
1744 2520 1803 2559 ipsi
1832 2520 1897 2551 sint
1919 2520 2038 2558 iniurii,
2068 2526 2097 2551 et
2121 2520 2185 2560 spi-

1233 2564 1309 2596 ritui
1332 2564 1432 2603 ipsius
1455 2563 1602 2594 resistere
1626 2562 1804 2599 videantur,
1831 2573 1884 2594 eos
1907 2573 1924 2593 a
1948 2562 2063 2602 quibus
2085 2562 2185 2593 offen-

1234 2607 1329 2645 ditur,
1352 2606 1459 2636 favore
1483 2605 1668 2636 tolerantes:
1698 2610 1729 2636 et
1759 2615 1822 2636 non
1847 2610 1970 2636 tantum
1993 2605 2115 2647 flagitia
2139 2610 2188 2636 to-

1952 2655 1984 2680 6*
