2551 3044
360 190 421 221 347
1155 188 1357 222 HOMILIA
1385 191 1544 223 LXXIV.
2277 194 2340 226 348

360 285 453 320 serit,
475 285 548 314 licet
562 284 766 314 iureiurando
780 283 979 323 promisisset
991 293 1024 313 se
1037 283 1076 314 ab
1090 283 1215 324 incepto
1229 283 1323 316 desti-

363 334 479 357 ‘urum-

447 368 512 400 scd
550 375 656 399 tamen
697 368 896 398 I··nathanus
933 367 1018 398 istud
1049 369 1230 408 perspicere
1259 379 1322 400 non

360 412 472 452 potuit,
508 410 777 451 quemadmodum
813 422 852 441 ex
881 410 983 450 ipsius
1012 421 1166 450 responso
1196 412 1323 452 conspi-

361 465 456 485 cuum
486 461 550 485 est:
584 453 653 484 Non
676 454 762 492 fucit,
793 454 908 493 inquit,
935 456 1028 493 pater
1049 463 1135 484 meus
1156 454 1324 494 quidquam

358 497 476 537 yrunde
498 496 544 527 vel
562 507 708 536 parvum,
733 497 794 526 nisi
812 496 908 534 prius
930 496 1113 527 indicaverit
1130 496 1224 528 mihi:
1245 497 1325 529 hunc

361 550 432 579 erqo
462 539 568 570 celavit
598 549 645 569 me
668 541 759 578 pater
788 548 873 569 meus
901 549 1068 570 sermonem
1092 540 1323 572 tantummdo?

364 582 569 622 Nequaquam
601 582 657 612 eri!
685 581 780 612 istud.
824 581 932 621 Atque
962 581 1006 612 ita
1029 581 1243 613 Ionathanum
1267 593 1323 614 ex-

361 632 525 656 caecatum
557 624 655 655 fuisse
679 623 826 654 videmus
850 630 885 654 ut
908 624 1009 664 patris
1033 624 1186 655 malitiam
1210 635 1323 665 appre-

362 667 502 698 hendere
523 678 584 698 non
606 667 754 706 potuerit,
774 667 834 697 nisi
859 666 962 697 David
982 677 1052 697 eain
1072 667 1130 707 ipsi
1145 669 1323 707 patefaciat.

362 710 449 741 Hinc
474 711 509 740 fit
531 710 738 749 conspicuum
762 708 894 740 Saulem
914 710 958 740 ita
978 709 1076 740 fuisse
1095 710 1323 749 dementatum,

363 760 398 783 iit
428 753 524 783 fuerit
548 753 580 783 iu
610 752 733 783 malitia
762 753 910 792 pertinax
940 758 972 782 et
995 751 1154 783 Davidem
1180 754 1323 793 pervica-

361 797 441 827 citer
474 795 512 826 ad
549 803 683 825 mortem
718 795 759 825 sit
787 801 1018 835 persequutus:
1052 800 1084 826 et
1106 795 1234 835 quidem
1258 806 1322 827 non

363 838 502 868 indi->uto
521 837 654 868 consilio
674 837 856 868 Ionathano
875 838 925 868 cui
943 847 1078 869 coronae
1091 839 1323 870 successionem

362 880 560 921 procurabat.
607 880 729 919 Nempe
759 880 884 911 nolebat
915 880 1062 920 impediri
1091 880 1130 912 ab
1160 882 1240 921 ipso,
1268 882 1323 913 sed

362 923 459 954 semel
496 922 654 953 Davidem
689 922 801 953 tollere
835 934 852 953 e
887 923 978 960 vivis,
1019 927 1055 954 ut
1089 923 1189 963 ipsius
1222 930 1323 955 morte

362 966 576 1006 ignominiosa
604 971 670 996 tota
700 966 799 1005 patris
829 965 951 997 familia
981 967 1076 996 otiam
1108 966 1262 998 dedecore
1292 972 1325 997 et

361 1008 540 1049 ignominia
581 1015 735 1048 perpetua
775 1014 949 1040 notaretur.
995 1008 1089 1040 Hanc
1122 1009 1161 1040 ob
1195 1020 1322 1041 causam

362 1051 470 1082 David
513 1050 716 1081 iureiurando
758 1061 791 1082 se
832 1051 915 1092 apud
955 1051 1173 1082 Ionathanum
1208 1058 1325 1092 purgat

361 1094 449 1124 omni
473 1093 629 1125 adversus
652 1101 774 1133 patrem
799 1101 937 1134 peccato,
961 1093 1045 1133 quod
1069 1104 1146 1125 sane
1165 1095 1325 1126 iusiuran-

362 1137 438 1167 dum
475 1136 608 1167 minime
638 1137 697 1167 fuit
728 1136 766 1167 de
796 1137 906 1167 nihilo.
952 1136 1035 1167 Nam
1065 1135 1104 1167 de
1134 1137 1202 1168 vita
1225 1138 1325 1175 ipsius

362 1179 499 1210 havidis
522 1179 687 1219 agebatur,
710 1184 742 1209 et
765 1178 804 1210 de
827 1180 986 1219 promisso
1005 1179 1067 1219 ipsi
1086 1190 1185 1221 regno
1207 1179 1245 1210 de
1263 1190 1325 1220 quo

361 1222 579 1252 Ionathanuin
613 1222 781 1262 oportebat
803 1222 871 1252 fieri
895 1223 1073 1261 certiorem,
1103 1233 1121 1253 a
1144 1233 1205 1262 quo
1227 1223 1323 1253 etiam

364 1264 471 1296 David
501 1275 592 1304 opem
623 1271 653 1295 et
684 1264 843 1295 auxilium
865 1264 1082 1304 exspectabat.
1126 1264 1236 1304 Quare
1260 1276 1323 1296 non

363 1313 413 1338 est
451 1307 635 1338 habendum
666 1306 751 1338 istud
780 1307 1006 1338 iusiurandum
1036 1307 1106 1338 leve
1134 1314 1188 1338 aut
1219 1308 1324 1345 inane,

363 1357 399 1380 ut
429 1350 618 1390 plerumque
649 1349 796 1381 homiues
827 1351 990 1381 temerarii
1021 1356 1097 1381 sunt
1120 1351 1152 1380 in
1175 1351 1323 1381 iurando:

363 1392 417 1423 sed
449 1393 640 1424 necessitate
667 1399 813 1423 coactum
838 1392 996 1424 Davidem
1022 1393 1178 1424 iuravisse
1201 1399 1323 1424 certum

361 1441 420 1466 est.
466 1435 548 1466 Nam
580 1435 719 1475 primum
751 1435 790 1466 de
821 1435 921 1476 ipsius
953 1436 1020 1466 vita
1050 1435 1206 1474 agebatur
1228 1446 1322 1475 quam

362 1478 394 1508 in
425 1478 528 1517 pretio
557 1477 676 1508 habere
707 1477 850 1515 debebat,
885 1477 1141 1517 quandoquidem
1164 1484 1233 1509 erat
1256 1478 1323 1509 Do-

363 1520 442 1550 mini
472 1520 573 1550 nostri
603 1519 676 1550 Iesu
701 1520 825 1551 Christi
849 1521 963 1560 figura.
1010 1519 1134 1551 Deinde
1156 1521 1324 1552 accedebat

362 1562 537 1593 Ionathani
583 1563 719 1593 caecitas
759 1564 813 1603 qui
852 1562 933 1593 falsa
981 1564 1130 1602 opinione
1173 1562 1323 1603 deceptus

363 1605 462 1645 patris
492 1605 647 1635 malitiam
681 1615 744 1636 non
776 1610 898 1645 poterat
928 1605 1195 1644 animadvertere,
1229 1616 1323 1646 quem

362 1655 474 1678 contra
505 1647 690 1687 deposuisse
723 1658 859 1687 pravum
889 1648 1032 1679 animuin
1065 1658 1140 1688 erga
1164 1648 1322 1680 Davidem

362 1690 421 1721 sibi
458 1690 680 1730 persuadebat,
715 1696 745 1720 et
779 1691 825 1721 ita
857 1691 1006 1722 incautus
1042 1691 1158 1722 Davidi
1188 1692 1322 1722 exitium

363 1733 534 1763 adferebat.
580 1732 691 1771 Quare
713 1734 854 1773 oportuit
874 1733 1033 1764 Davidem
1054 1733 1093 1764 ad
1113 1734 1322 1765 excitandum

362 1775 534 1806 Ionathani
577 1780 737 1815 torporem
780 1776 987 1807 iureiurando
1029 1776 1193 1815 querelam
1233 1787 1322 1807 suam

362 1819 555 1849 confirmare
578 1823 608 1848 et
632 1823 734 1849 ratam
758 1819 870 1850 facere.
916 1819 1150 1849 Verumtamen
1175 1820 1207 1849 in
1229 1819 1323 1850 huius

362 1860 571 1891 iurisiurandi
610 1860 747 1892 formula
780 1861 935 1900 quaedam
970 1872 1034 1892 vox
1066 1872 1129 1891 non
1164 1861 1258 1892 debet
1290 1863 1323 1892 in

363 1914 456 1934 usum
488 1902 625 1933 admitti.
671 1903 753 1934 Nam
784 1904 815 1934 in
840 1904 1031 1935 iuramentis
1054 1904 1156 1934 solum
1184 1905 1242 1935 Dei
1266 1915 1324 1935 no·

362 1956 435 1977 men
465 1956 623 1985 usurpare
655 1956 714 1977 nos
742 1957 832 1978 sacra
860 1946 1019 1986 scriptura
1041 1945 1147 1977 docet:
1178 1947 1232 1978 sed
1258 1947 1322 1978 Da-

362 1988 446 2019 vidis
488 1988 708 2019 infirmitatem
751 1989 839 2020 Deus
873 1989 932 2020 hac
966 1989 999 2019 in
1034 1995 1125 2029 parte
1159 1989 1322 2020 toleravit:

360 2042 459 2070 quum
490 2031 550 2061 ait:
590 2030 671 2061 Vivit
693 2030 860 2070 Dominus,
891 2034 918 2062 et
939 2032 1006 2062 vitit
1028 2032 1135 2063 anima
1157 2035 1220 2063 tua.
1267 2033 1323 2063 Di-

362 2075 469 2104 ximus
493 2074 526 2104 in
550 2073 739 2105 iuramentis
758 2074 860 2105 solum
882 2074 943 2105 Dei
963 2084 1081 2105 nomen
1101 2074 1322 2115 usurpandum

361 2116 570 2156 quamobrem
595 2116 695 2156 siquis
719 2122 900 2148 creaturam
925 2116 1024 2148 ullam
1048 2116 1212 2155 admiscet,
1255 2118 1323 2148 Deo

362 2160 482 2190 socium
517 2159 639 2196 tribuit,
673 2159 757 2199 quod
792 2160 888 2190 nimis
922 2159 1117 2190 horrendum
1148 2165 1196 2191 est
1226 2159 1323 2191 dictu.

362 2201 486 2233 Idcirco
519 2201 664 2233 videmus
693 2201 799 2232 Deum
835 2202 1024 2233 nominatim
1047 2203 1080 2233 in
1104 2202 1174 2243 lege
1197 2213 1324 2242 praece-

364 2247 447 2284 pisse
482 2244 521 2275 de
555 2245 755 2281 iuramentis,
787 2250 824 2275 ut
857 2255 914 2285 per
947 2255 1064 2276 nomen
1098 2245 1200 2285 ipsius
1221 2245 1324 2276 solum

363 2288 502 2318 iuretur:
533 2287 805 2327 quemadmodum
827 2287 943 2319 Esaias
966 2287 1122 2328 propheta
1145 2288 1250 2319 docet:
1282 2287 1326 2319 Et

362 2331 417 2368 qui
439 2330 524 2360 iurat
547 2330 578 2360 in
601 2332 692 2367 terra,
717 2329 833 2361 iurabit
851 2331 885 2361 iu
903 2330 980 2368 Deo,
1003 2340 1100 2361 auten.
1147 2331 1205 2361 Est
1225 2331 1325 2370 igitur

365 2373 443 2403 haec
466 2373 718 2403 iuramentorum
741 2373 862 2413 regula,
886 2378 922 2404 ut
942 2382 1015 2404 cum
1038 2373 1160 2404 honore
1183 2379 1216 2404 et
1239 2384 1326 2404 reve-

365 2416 469 2446 rentia
498 2415 559 2445 Dei
588 2425 703 2445 nomen
733 2420 925 2454 assumatur,
958 2415 1214 2455 quandoquidem
1239 2415 1325 2447 solus

363 2459 431 2497 ipsc
454 2457 622 2488 hominum
645 2457 742 2488 corda
765 2466 796 2489 et
818 2469 911 2489 renes
931 2462 1110 2490 scrutatur:
1133 2458 1221 2490 solus
1241 2459 1323 2489 veri-

363 2506 462 2531 tatem
492 2500 574 2531 tueri
600 2505 711 2539 potest.
758 2501 801 2531 Et
824 2501 907 2532 hanc
929 2501 969 2532 ob
992 2510 1120 2532 causam
1143 2502 1324 2532 iuramento

364 2542 497 2573 dissidia
520 2552 577 2573 sua
601 2542 748 2574 homines
766 2553 956 2584 componere
975 2543 1120 2575 volentes
1142 2544 1248 2574 iurant
1267 2554 1323 2584 per

366 2585 518 2616 maiorem
553 2596 596 2623 sc,
631 2585 783 2616 nimirum
806 2597 864 2626 per
898 2586 961 2618 Dei
994 2586 1096 2626 ipsius
1127 2596 1253 2626 nomen,
1287 2592 1324 2618 ut
1372 2589 1452 2618 trem
1485 2590 1572 2619 tuum
1605 2600 1641 2620 ne
1673 2589 1850 2620 introducas
1872 2599 1927 2620 me.
1972 2589 2002 2620 9.
2034 2589 2076 2621 Et
2097 2589 2143 2621 ait
2166 2589 2332 2622 Ionathas:
2360 2598 2363 2602 ·

365 2628 509 2659 omnium
530 2627 627 2659 iudex
650 2632 682 2658 et
705 2628 825 2659 vindex
847 2634 1050 2670 agnoscatur.
1095 2628 1202 2661 David
1224 2629 1323 2670 igitur

1348 317 1350 327 Α
1377 285 1487 315 iurans
1518 295 1574 325 per
1605 284 1666 315 Dei
1697 295 1814 317 nomen
1845 293 1877 317 et
1906 297 1962 327 per
1992 286 2132 317 animam
2154 286 2344 327 Ionathani,

1378 327 1478 358 videri
1510 334 1615 367 posset
1645 328 1684 358 ab
1715 328 1775 359 hac
1803 330 1916 369 regula
1946 329 2100 360 recesisse
2129 339 2228 369 quam
2249 340 2341 362 sacra

1376 371 1535 409 scriptura
1573 370 1770 409 praescribit.
1816 370 1904 403 Sane
1940 371 2060 411 aliquid
2101 372 2132 402 in
2164 372 2225 404 hoc
2252 373 2339 404 iura-

1377 421 1485 444 mento
1516 412 1658 443 defectus
1689 423 1758 444 esse
1787 414 1951 445 fatendum
1976 421 2032 451 est,
2064 413 2119 445 sed
2145 425 2208 445 non
2231 415 2340 447 existi·

1377 454 1529 485 mauduni
1560 461 1669 485 tamen
1701 456 1839 488 voluisse
1871 456 2031 488 Davidem
2063 456 2182 497 aliquid
2214 457 2253 488 de
2275 457 2339 489 Dei

1377 498 1547 528 autoritate
1578 496 1765 530 detrahere:
1795 505 1827 530 et
1857 511 1919 530 non
1948 500 2071 531 iurasse
2095 509 2152 539 per
2175 500 2339 532 viventem

1377 541 1516 571 animam
1542 539 1724 580 lonathaui,
1748 545 1784 572 ut
1806 542 1973 582 aequalem
1997 542 2084 573 illam
2111 543 2179 573 Deo
2203 543 2338 574 faceret:

1376 582 1430 614 sed
1452 588 1484 613 ut
1506 592 1664 613 summam
1687 584 1860 615 amicitiam
1877 595 1936 624 qua
1951 585 2055 625 ipsum
2069 584 2340 625 complectebatur

1377 631 1524 656 testatam
1564 627 1698 656 faceret:
1742 627 1831 666 quasi
1866 627 1986 659 dictum
2021 627 2133 658 vellet:
2179 627 2340 660 Dominus

1377 668 1466 705 vivit,
1497 676 1527 698 et
1557 674 1683 698 tautum
1715 670 1781 699 vita
1812 675 1867 700 tua
1897 670 1977 701 mihi
2011 680 2085 701 cara
2119 676 2170 701 est
2192 676 2224 701 et
2248 676 2338 702 tanto

1377 717 1407 741 te
1431 721 1537 741 amore
1559 710 1763 749 complector,
1796 720 1828 742 ut
1851 712 1968 743 millies
1993 713 2071 743 mori
2095 713 2216 751 malim,
2239 724 2339 753 quam

1377 753 1494 793 aliquid
1525 760 1637 784 contra
1668 761 1808 785 nostram
1840 755 2013 786 amicitiam
2045 765 2185 796 peccare,
2219 756 2338 788 idcirco

1376 797 1556 826 iuramento
1577 796 1636 826 isto
1659 796 1785 828 affirmo
1809 807 1874 828 rem
1899 798 1944 828 ita
1967 808 2035 829 esse
2054 803 2088 829 ut
2107 797 2184 829 dixi.
2229 797 2339 838 Quare

1377 838 1600 869 iusiurandum
1636 844 1685 869 est
1718 840 1857 870 mixtum
1892 839 2093 871 adiuratione
2126 840 2165 872 ab
2197 841 2339 873 amicitia

1377 891 1457 921 quae
1494 882 1579 911 inter
1611 880 1828 913 Ionathanum
1860 888 1892 913 et
1922 882 2082 914 Davidem
2112 883 2339 916 intercedebat.

1377 924 1464 963 Quin
1489 924 1552 954 imo
1571 923 1757 963 frequentes
1778 930 1855 956 sunt
1873 925 2057 956 istiusmodi
2075 926 2339 965 asseverationes,

1378 975 1411 998 ut
1446 966 1559 1006 aliquis
1591 967 1624 997 iu
1655 967 1794 998 animam
1819 973 1851 999 et
1875 969 1976 999 vitam
2001 978 2093 999 suam
2116 968 2218 1000 iuret:
2253 969 2338 1010 quod

1378 1020 1439 1040 non
1475 1016 1521 1039 est
1546 1009 1761 1040 iuramentum
1785 1011 1939 1042 eiusmodi
1963 1021 2026 1051 quo
2049 1021 2082 1042 se
2105 1010 2200 1043 faciat
2223 1022 2338 1053 aequa-

1377 1052 1438 1083 lem
1474 1051 1552 1088 Deo,
1586 1051 1639 1082 sed
1673 1058 1837 1084 asseveret
1867 1060 1932 1084 tam
1957 1059 2079 1084 certum
2105 1054 2135 1084 id
2160 1064 2229 1085 esse
2252 1055 2338 1095 quod

1378 1095 1423 1125 ait
1463 1105 1558 1134 quam
1599 1101 1723 1125 certum
1764 1101 1813 1126 est
1853 1106 1886 1127 se
1928 1097 2046 1127 vivere.
2102 1095 2339 1128 Verumtamen

1377 1148 1502 1169 sumnia
1526 1138 1556 1167 in
1581 1137 1650 1168 istis
1674 1137 1864 1169 iuramentis
1887 1139 2042 1170 sobrietas
2066 1144 2114 1170 est
2137 1138 2339 1171 adhibenda:

1377 1191 1413 1211 ac
1437 1180 1568 1219 proinde
1592 1180 1789 1211 tutissimum
1814 1191 1878 1212 non
1903 1181 2011 1222 egredi
2034 1181 2154 1213 limites
2174 1192 2256 1222 quos
2275 1181 2337 1214 Dei

1379 1224 1513 1254 verbum
1534 1223 1750 1263 praescripsit.
1794 1223 1879 1254 Nam
1897 1225 2079 1264 quicunque
2098 1234 2155 1265 per
2173 1230 2338 1256 creaturas

1379 1266 1471 1303 iurat,
1500 1265 1665 1296 idololatra
1688 1271 1745 1296 est.
1792 1265 1847 1298 Sic
1870 1267 2021 1307 papistae,
2053 1268 2108 1307 qui
2132 1267 2163 1298 in
2188 1268 2338 1300 omnibus

1378 1308 1545 1339 manifeste
1569 1315 1644 1339 sunt
1663 1308 1860 1347 idololatrae,
1884 1319 1940 1349 per
1961 1309 1999 1340 D.
2020 1309 2165 1347 Petrum,
2189 1310 2338 1348 Paulum,

1378 1357 1520 1381 sanctam
1555 1351 1734 1382 Barbaram
1768 1359 1799 1382 et
1830 1352 1909 1383 alios
1938 1352 2118 1383 istiusmodi
2148 1353 2339 1392 deierantes,

1378 1394 1508 1424 totidem
1538 1394 1621 1424 idola
1651 1394 1684 1424 in
1715 1393 1776 1425 Dei
1808 1394 1912 1426 locum
1936 1394 2093 1426 evehunt:
2125 1405 2205 1434 quae
2229 1402 2338 1428 tamen

1378 1446 1467 1467 sacra
1508 1437 1666 1476 scriptura
1707 1437 1824 1476 passim
1864 1437 1955 1468 valde
1989 1448 2101 1469 severe
2134 1437 2337 1470 condemnat.

1378 1478 1465 1517 Quid
1501 1479 1551 1509 hic
1584 1490 1660 1519 ergo
1694 1479 1779 1510 facto
1816 1485 1865 1511 est
1893 1479 1994 1520 opus?
2039 1480 2164 1520 Nempe
2194 1480 2338 1513 iurantes

1379 1521 1483 1552 Deum
1512 1522 1665 1553 advocent
1689 1522 1791 1553 solum
1816 1528 1929 1554 testem
1953 1529 1985 1553 et
2007 1523 2158 1554 iudicem.
2204 1523 2287 1554 Nam
2311 1524 2338 1556 si

1377 1570 1596 1595 creaturarum
1622 1575 1737 1596 nomen
1762 1564 1986 1605 admisceatur,
2009 1566 2114 1597 socius
2137 1565 2208 1597 Deo
2231 1565 2338 1608 datur,

1377 1612 1407 1637 et
1431 1607 1469 1637 de
1492 1607 1590 1647 ipsius
1613 1607 1786 1638 autoritate
1804 1607 2007 1639 tantumdem
2027 1608 2218 1639 detrahitur.
2242 1607 2338 1649 Opti-

1377 1660 1464 1679 mum
1499 1651 1597 1689 igitur
1627 1650 1805 1681 remedium
1833 1657 1880 1681 est
1912 1651 1996 1682 intra
2019 1653 2100 1682 fixos
2123 1651 2280 1683 terminos
2302 1652 2337 1683 in

1377 1693 1541 1731 evangelio
1565 1693 1747 1724 subsistere.

1460 1736 1528 1765 Iam
1553 1746 1630 1767 vero
1654 1736 1748 1776 agite,
1772 1738 1822 1767 etc.

1624 1907 1870 1947 HOMILIA
1894 1907 2084 1947 LXXIV.

1459 1991 1489 2022 4.
1513 1991 1555 2022 Et
1573 1992 1617 2023 ait
1637 1992 1791 2023 Ionathas
1807 1992 1848 2023 ad
1863 1991 1986 2024 David:
2007 1992 2208 2033 Quodcunque
2220 1993 2337 2024 dixerit

1376 2034 1452 2065 milei
1480 2035 1586 2065 anima
1608 2037 1662 2066 tua
1684 2034 1802 2073 faciam
1823 2035 1887 2066 tibi.
1933 2034 1962 2066 5.
1986 2034 2082 2067 Dixit
2103 2038 2204 2066 autem
2226 2034 2336 2067 David

1376 2077 1417 2108 od
1445 2077 1613 2108 Ionatham:
1642 2077 1720 2108 Eece
1747 2077 1890 2108 calendae
1912 2079 1983 2108 sunt
2005 2078 2147 2117 crastino,
2177 2080 2203 2109 et
2225 2087 2276 2118 eqo
2298 2087 2336 2109 ea:

1377 2130 1459 2150 more
1480 2121 1582 2151 sedere
1603 2120 1684 2151 soleo
1706 2120 1794 2151 iuxta
1817 2130 1916 2160 reyem
1937 2120 1979 2151 ad
2001 2120 2194 2152 vescendum:
2217 2120 2336 2152 dimitte

1376 2172 1444 2202 eryo
1480 2173 1526 2193 me
1557 2165 1591 2194 ut
1623 2162 1798 2194 abscondar
1830 2164 1863 2193 in
1897 2172 1972 2203 αρν-ο
1995 2172 2090 2202 usque
2111 2163 2154 2195 ad
2175 2173 2335 2202 vesperam

1376 2205 1439 2235 diei
1477 2206 1590 2237 tertiae.
1636 2206 1664 2236 6.
1689 2204 1726 2236 Sa·
1762 2205 1930 2244 respiciens
1962 2206 2138 2244 requisierit
2170 2215 2217 2237 me
2243 2208 2337 2245 pater

1375 2250 1456 2287 tuus,
1478 2248 1674 2287 respondebis
1696 2249 1740 2279 ei:
1767 2247 1900 2288 Royavit
1921 2257 1968 2279 me
1988 2248 2106 2287 David,
2129 2250 2162 2279 ut
2182 2249 2240 2279 iret
2261 2248 2336 2280 cele-

1375 2291 1451 2320 riter
1491 2291 1524 2321 in
1557 2290 1732 2322 Bethlehem
1762 2291 1913 2322 civitatem
1945 2301 2050 2322 suam:
2088 2291 2164 2331 quia
2196 2291 2336 2322 victimae

1375 2333 1513 2364 solennes
1542 2333 1584 2364 ibi
1613 2337 1684 2365 sunt
1706 2334 1861 2364 universis
1882 2333 2100 2365 contribulibus
2122 2334 2199 2365 suis.
2245 2333 2273 2365 7.
2297 2332 2336 2365 Si

1376 2375 1504 2406 dixerit.-
1538 2375 1639 2407 Bene:
1666 2385 1736 2415 pax
1768 2376 1827 2416 erit
1855 2385 1940 2407 servo
1969 2379 2029 2416 tuo,
2063 2377 2093 2407 si
2115 2379 2219 2408 autem
2239 2376 2337 2417 fuerit

1376 2418 1485 2453 iratus,
1518 2419 1592 2449 scito
1622 2419 1697 2458 quia
1719 2418 1866 2458 completa
1887 2421 1930 2450 est
1950 2418 2071 2450 malitia
2094 2419 2168 2450 eius.
2214 2417 2244 2450 8.
2269 2418 2335 2450 Fae

1375 2470 1443 2499 eryo
1466 2461 1710 2493 misericordiam
1733 2462 1765 2492 in
1786 2471 1908 2492 servum
1927 2464 2027 2492 tuum:
2049 2463 2125 2501 quia
2141 2461 2249 2501 foedus
2268 2461 2333 2493 Do-

1375 2503 1453 2533 mini
1480 2513 1525 2533 me
1545 2504 1698 2542 famulum
1720 2506 1810 2541 tuum,
1827 2507 1922 2535 tecum
1944 2504 2024 2535 inire
2045 2504 2160 2544 fecisti:
2181 2504 2211 2535 si
2233 2507 2335 2536 autem

1374 2547 1417 2575 est
1440 2545 1588 2584 iniquitas
1610 2547 1718 2587 aliqua
1740 2547 1774 2578 in
1794 2557 1850 2584 me,
1878 2549 1910 2577 tu
1932 2557 1978 2577 me
2000 2546 2144 2586 interfice,
2166 2549 2193 2578 et
2215 2547 2257 2579 ad
2273 2557 2333 2586 pa—

1375 2629 1466 2661 Absit
1494 2629 1547 2662 hoc
1576 2643 1596 2663 a
1624 2635 1664 2663 te:
1697 2642 1792 2671 neque
1821 2633 1901 2664 enim
1921 2631 1991 2671 fieri
2007 2634 2117 2673 potest,
2150 2634 2184 2664 ut
2205 2633 2234 2664 si
2255 2634 2333 2664 cerie

2488 3037 2491 3044 ⁷
2488 2533 2515 3013 2-:‚3·‹·=²=a-32-1·.-7=·:›-⁷⁸·3·?*
2491 2501 2498 2516 ⁴
2492 2441 2500 2482 ἢν
2495 2411 2498 2423 -

2496 3016 2503 3044 -u-

2506 3014 2521 3044 Ξ.
