2551 3044
401 221 462 252 283
1191 218 1386 250 HOMIIAA
1416 219 1573 252 LXVIII.
2298 224 2360 256 284

401 323 436 344 ut
466 314 551 343 omui
574 313 723 352 superbia
746 318 776 343 et
800 314 982 353 arrogantia
1007 323 1064 344 nos
1087 319 1193 350 exuat,
1224 319 1255 343 ut
1281 312 1353 344 lieet

401 357 432 386 in
465 355 565 395 pretio
595 356 703 395 aliquo
734 355 817 395 apud
847 356 994 386 homiues
1022 356 1131 395 simus,
1163 364 1193 385 et
1218 355 1353 386 honores

401 441 488 471 ribus
512 440 717 476 inebriemur,
748 440 804 471 sed
827 441 969 472 omnium
994 441 1149 470 virtutum
1174 441 1353 480 praecipua,

400 493 514 522 nempe
539 483 721 514 humilitate
745 483 887 523 insignes
906 484 1031 514 fiamus.
1079 483 1177 513 Porro
1197 482 1275 514 Saul
1296 483 1352 514 ite-

400 536 471 556 rum
506 525 662 556 Davidem
693 524 856 566 decepisse
885 525 1010 562 dicitur,
1045 526 1207 565 filiamque
1232 525 1354 562 Μαι-οὶ),

399 578 480 607 quae
505 567 622 598 Davidi
648 569 803 607 promissa
826 568 940 605 suerat,
963 568 1054 599 alteri
1076 567 1252 598 tradidisse.
1287 567 1354 598 Da-

401 610 505 641 videm
550 611 690 650 profecto
726 620 790 641 non
825 611 961 651 legimus
995 621 1064 641 sese
1097 610 1279 648 obtrusisse,
1324 616 1355 641 et

403 654 532 684 Saulem
559 652 597 683 de
621 652 783 693 implenda
806 654 1014 693 promissione
1038 653 1275 692 interpellasse:
1299 652 1353 684 sed

403 696 534 727 Saulem
566 695 740 726 verisimile
768 702 816 726 est
846 696 982 736 gratiam
1011 702 1039 726 et
1065 696 1267 726 autoritatem
1291 706 1354 735 qua

402 738 506 769 David
544 738 628 777 apud
670 739 835 769 universos
877 738 1002 769 valebat
1043 738 1353 769 animadvertentem

401 781 539 812 voluisse
571 781 673 820 ipsum
706 781 766 812 sibi
799 781 857 812 hac
888 782 1010 811 ratione
1033 781 1212 817 conciliare,
1243 789 1275 811 et
1298 791 1353 821 po-

400 824 476 864 pulo
501 824 672 862 imponere,
695 824 721 854 si
745 833 800 863 pro
824 834 940 864 genero
967 823 1136 854 habt-retur
1155 830 1185 853 et
1205 823 1262 854 filii
1281 833 1354 864 gra·

402 866 477 896 dum
509 866 654 896 obtinere
678 865 851 897 videretur.
897 866 961 897 Sed
984 866 1220 897 observandum
1247 865 1355 898 Saulis

402 919 535 947 pravum
562 909 726 949 ingenium
744 914 773 939 et
785 908 1043 939 fraudulentum:
1068 919 1170 948 neque
1189 909 1273 939 enim
1291 909 1354 939 Da-

401 951 484 982 vidis
508 962 615 982 amore
637 950 735 982 filiam
759 951 817 991 ipsi
842 952 1003 987 offerebat,
1042 952 1095 991 qui
1121 958 1205 982 metu
1230 958 1261 982 et
1284 951 1355 982 odio

401 994 554 1024 adversus
576 1004 648 1025 eum
669 994 842 1025 aestuabat.
877 994 962 1025 Hine
984 1005 1057 1024 vero
1076 1000 1194 1033 quanta
1216 995 1355 1024 vanitate
1380 995 1382 1015 ἱ

403 1037 546 1067 ferantur
576 1036 710 1075 improbi
739 1036 908 1071 diseamus,
942 1043 973 1066 ut
998 1037 1058 1067 iam
1083 1045 1157 1067 ante
1181 1037 1355 1077 attigimus,

401 1089 535 1118 qnorum
576 1079 701 1110 animus
740 1078 850 1109 multis
891 1078 964 1109 liinc
998 1079 1071 1110 inde
1110 1078 1355 1117 cogitationibus

402 1122 570 1162 abripitur,
595 1129 629 1152 ut
650 1132 811 1161 nunquam
834 1122 1073 1161 conquiescant,
1098 1122 1216 1152 nullam
1236 1129 1354 1153 certam

402 1164 608 1196 consiliorum
650 1165 805 1195 rationem
847 1164 966 1194 incant.
1012 1164 1100 1195 Deus
1142 1165 1248 1204 itaque
1285 1164 1356 1195 illos

402 1207 555 1239 continua
591 1206 813 1246 inquietudine
844 1207 960 1241 turbat,
998 1206 1080 1246 quod
1111 1207 1214 1238 instar
1242 1207 1356 1238 fanati-

403 1260 512 1281 corum
532 1250 744 1289 exagitentur.

488 1291 703 1331 Conspicuum
727 1292 812 1322 istud
835 1292 982 1331 exemplo
1007 1291 1124 1327 Saulis,
1147 1293 1201 1332 qui
1223 1292 1356 1323 Davidis

403 1334 555 1374 adspectu
578 1335 725 1365 turbatus
747 1345 766 1365 a
788 1345 821 1365 se
844 1335 905 1364 alio
925 1334 1058 1365 dimisit:
1083 1334 1134 1365 nbi
1156 1344 1230 1366 vero
1250 1335 1356 1366 felices
1382 1341 1383 1347 ¹

403 1377 490 1408 illius
519 1388 683 1408 successus
710 1376 842 1412 audivit,
874 1378 1072 1417 gratiamque
1096 1383 1128 1407 et
1151 1378 1355 1408 autoritatem

403 1430 498 1459 quam
522 1419 569 1450 illi
593 1418 675 1459 apud
699 1430 808 1450 omnes
829 1419 918 1450 Deus
938 1419 1127 1457 conciliavit,
1152 1421 1258 1450 statim
1279 1430 1357 1451 eun-

404 1463 475 1493 dem
516 1461 555 1492 ad
588 1472 622 1493 se
657 1463 790 1493 vocavit.
836 1462 973 1493 Perinde
1005 1463 1111 1502 agitur
1144 1463 1250 1502 itaque
1283 1473 1355 1494 cum

405 1504 503 1537 Saule
533 1509 629 1544 atque
658 1515 729 1536 cum
760 1511 896 1544 aegroto,
928 1505 981 1544 qui
1005 1505 1037 1535 in
1062 1505 1200 1536 frenesin
1225 1505 1355 1536 incidit:

407 1558 479 1578 nam
500 1548 594 1578 modo
614 1547 672 1578 hac
693 1547 823 1585 visione,
847 1546 939 1578 modo
959 1547 1012 1578 illa
1033 1548 1187 1585 turbatur,
1211 1553 1244 1579 et
1264 1547 1356 1579 valde

407 1589 527 1621 laborat
561 1590 594 1620 in
625 1589 679 1620 illa
710 1590 853 1627 fantasia,
891 1599 1052 1630 quousque
1081 1591 1113 1621 in
1139 1591 1276 1622 frenesin
1301 1597 1356 1622 aut

406 1633 544 1664 furorem
568 1632 696 1664 incidat.
743 1632 836 1670 Nam,
868 1638 902 1662 ut
925 1639 998 1663 ante
1023 1632 1171 1671 diximus,
1195 1633 1273 1664 Saul
1298 1644 1355 1672 pu-

407 1675 487 1705 tavit
517 1686 550 1706 se
580 1675 655 1706 mali
679 1675 820 1706 solamen
845 1675 971 1715 aliquod
995 1681 1208 1715 accepturum,
1239 1676 1264 1707 si
1288 1676 1355 1706 Da-

408 1717 510 1748 videm
535 1718 574 1748 ab
597 1717 747 1757 adspectu
773 1728 830 1749 suo
854 1723 1010 1748 remotum
1035 1718 1141 1757 procul
1166 1717 1357 1750 dimitteret:

406 1766 438 1790 et
470 1767 626 1791 remotum
657 1761 764 1791 statim
790 1766 927 1799 revocat,
957 1760 1088 1792 audiens
1112 1760 1246 1792 Davidis
1270 1771 1357 1801 pros-

407 1812 518 1842 perum
555 1813 746 1834 successum.
791 1802 855 1833 Sed
888 1808 1013 1834 revocat
1044 1810 1079 1834 ut
1110 1804 1199 1834 vultu
1231 1804 1357 1843 quidem

406 1845 579 1876 amicitiam
610 1845 748 1880 simulet.
778 1845 885 1876 odium
918 1856 993 1876 vero
1024 1851 1151 1886 pectore
1180 1846 1295 1884 foveat,
1327 1852 1358 1877 et

407 1887 533 1919 fraudes
556 1887 670 1927 quibus
689 1888 854 1919 incautum
874 1887 1034 1927 illaqueet,
1064 1887 1138 1919 data
1164 1889 1196 1919 in
1225 1899 1357 1920 uxorem

408 1931 473 1961 filia
497 1936 611 1961 nectat.
658 1930 766 1969 Quare
789 1930 863 1961 dum
887 1931 1013 1969 egregie
1036 1931 1217 1962 dissimulat
1239 1931 1357 1969 odium,

1377 335 1379 346 4

1405 313 1541 353 quodam
1573 321 1702 350 terrore.
1733 316 1785 354 qui
1818 314 1901 345 tollit
1925 315 2001 354 ipsis
2024 315 2167 346 animum
2190 315 2221 346 id
2245 327 2359 358 aggre-

1378 367 1379 391 j
1405 356 1511 387 diendi
1567 356 1626 388 uod
1652 358 1784 388 insanus
1814 357 1822 387 i
1848 367 1955 387 sorum
1988 357 2075 388 furor
2106 367 2123 388 a
2149 357 2258 390 itabat.
2303 359 2359 392 Sic

400 399 570 437 assequuti,
593 409 632 428 ne
656 408 735 428 aura
755 398 898 437 populari
917 399 1091 438 capiamur,
1116 407 1145 428 ct
1166 397 1235 429 istis
1256 397 1354 428 hono·
1376 392 1379 419 Ι
1545 367 1563 396 q
1826 367 1845 396 p
2126 368 2147 398 g

1378 510 1380 527 l

1377 542 1380 571 l

1377 601 1381 649 l

1407 398 1488 430 Saul
1522 407 1570 430 est
1604 398 1778 430 cohibitus:
1813 399 1867 438 qui
1901 398 2036 430 Davidis
2069 410 2178 432 necem
2212 401 2359 434 omnibus

1407 440 1510 473 modis
1539 440 1721 481 quaerebat,
1755 449 1786 472 et
1816 441 1934 472 multos
1956 441 2083 482 quidem
2108 442 2195 474 dolos
2218 444 2360 484 quotidie

1408 484 1567 515 nectebat:
1597 484 1650 515 sed
1683 489 1807 514 tantum
1837 484 1896 524 ipsi
1921 484 2009 516 Deus
2032 492 2151 516 metum
2175 486 2292 522 iniecit,
2325 494 2359 518 ut

1406 525 1564 557 Davidem
1596 536 1660 556 non
1690 525 1805 557 audeat
1835 526 1975 566 aggredi,
2003 537 2043 558 ne
2066 528 2182 568 ingrati
2206 529 2304 560 animi
2328 535 2359 560 et

1407 567 1558 608 perfidiae
1581 574 1762 600 accusetur:
1797 574 1829 599 et
1852 569 1986 608 populus
2009 568 2166 601 seditione
2189 571 2271 602 sacta
2295 571 2357 603 dis-

1406 612 1579 642 cessionem
1611 622 1628 641 a
1657 621 1690 641 sc
1714 611 1873 642 moliatur.
1919 610 2078 650 Quoniam
2103 613 2202 653 igitur
2225 613 2359 646 Davidis

1378 655 1381 691 ζ
1407 664 1574 694 prosperos
1597 664 1760 684 successus
1779 653 1933 685 adversus
1951 654 2095 686 inimicos
2109 654 2203 691 videt,
2227 657 2360 696 quiescit

1406 705 1435 727 et
1469 696 1593 726 vultum
1626 695 1821 727 dissimulat:
1852 703 1883 727 et
1912 697 2018 736 potuit
2047 697 2130 738 apud
2161 708 2195 729 se
2218 699 2358 740 cogitare

1379 753 1381 771 ,·
1407 738 1565 769 Davidem
1599 749 1666 769 esse
1703 738 1810 778 populi
1843 739 2047 779 praesidium,
2081 745 2113 771 et
2142 741 2267 772 nullum
2297 742 2358 782 ipsi

1382 1790 1384 1823 l

1381 1850 1384 1889 l

1382 1893 1384 1911 1

1382 1913 1384 1931 ι

406 1973 464 2003 ait:
500 1972 570 2004 Non
598 1973 637 2004 sit
667 1983 779 2004 manus
808 1983 875 2004 mea
903 1983 994 2013 super
1024 1984 1100 2010 eum,
1131 1974 1183 2005 sed
1204 1975 1245 2004 sit
1266 1984 1359 2013 super
1382 1972 1384 1983 ⁴

405 2026 473 2046 eum
495 2025 607 2046 manus
622 2015 870 2046 Pliilistinorum.
904 2015 982 2053 Nae,
1005 2015 1260 2056 quandoquidem
1280 2016 1356 2047 Saul

405 2063 527 2089 tantam
558 2057 778 2090 crudelitatem
803 2059 908 2089 animo
932 2058 1069 2095 fovebat,
1100 2058 1234 2090 libenter
1257 2058 1358 2089 Davi·
1382 2082 1384 2085 ,

407 2100 478 2131 dem
514 2101 621 2132 necari
650 2101 803 2136 iussisset,
838 2107 873 2131 ut
902 2100 1027 2132 sublato
1058 2102 1124 2140 ipso
1155 2108 1240 2132 metu
1271 2102 1357 2132 omni
1382 2107 1383 2111 ¹

407 2143 604 2174 liberaretur.
649 2142 714 2174 Sed
746 2148 851 2173 tamen
883 2143 995 2174 timore
1025 2143 1160 2183 quodam
1192 2145 1356 2180 retinetur,

407 2196 469 2225 qua
499 2186 550 2216 via
581 2196 647 2216 rem
678 2185 763 2216 illam
795 2185 1000 2226 aggrediatur
1029 2186 1152 2218 dubius.
1199 2186 1248 2217 En
1279 2197 1355 2225 quo-

409 2227 500 2259 modo
532 2228 622 2259 Deus
645 2238 774 2259 suorum
798 2228 932 2259 salutem
957 2234 1113 2268 procuret.

1158 2228 1239 2259 Nam
1264 2239 1357 2268 saepe
1382 2258 1383 2262 ,

407 2270 533 2310 quidem
565 2271 721 2310 permittit
750 2270 858 2302 hostes
885 2270 1094 2302 humanitatis
1123 2278 1223 2302 metas
1253 2277 1356 2302 trans-
1382 2295 1383 2298 η

408 2313 502 2349 silire,
527 2320 557 2344 et
580 2313 750 2345 crudeliter
773 2313 906 2351 saevire,
937 2323 973 2345 ac
996 2313 1198 2354 impudenter
1220 2313 1355 2353 quodvis

408 2356 564 2395 flagitium
605 2357 781 2386 admittere.

828 2356 1058 2387 Verumtamen
1098 2357 1191 2387 etiam
1230 2356 1383 2387 illorum*

409 2398 540 2429 consilia
568 2406 697 2438 repente
728 2399 871 2435 invertit,
899 2398 1165 2438 quemadmodum
1196 2399 1226 2429 in
1257 2398 1357 2430 Saule

408 2442 475 2480 ipso
494 2451 589 2480 supra
607 2441 840 2480 conspeximus,
864 2452 919 2481 qui
940 2441 986 2472 bis
1006 2441 1037 2472 in
1059 2441 1215 2472 Davidem
1229 2440 1356 2472 hastam
1381 2448 1383 2474 ξ
1409 2440 1506 2479 tandi,
1529 2451 1623 2480 quam
1648 2450 1782 2480 quorum
1806 2445 1915 2479 aperta
1939 2440 1986 2470 vis
2009 2445 2065 2471 est.
2110 2439 2162 2471 Ita
2184 2439 2265 2471 Saul
2283 2451 2355 2481 pra-

408 2483 564 2514 iaculatus
592 2483 720 2523 quidem
751 2490 799 2514 est
829 2490 981 2523 tanquam
1011 2494 1083 2514 eum
1108 2483 1356 2515 transfossurus:

409 2526 463 2556 sod
493 2526 583 2557 cuius
613 2527 708 2557 ictum
741 2525 829 2557 Deus
862 2537 1010 2557 aversum
1041 2537 1060 2557 a
1083 2525 1207 2557 Davide
1231 2526 1355 2557 irritum

1381 2478 1384 2491 l

1408 781 1526 812 virtute
1561 792 1667 820 parem
1697 791 1774 813 esse.
1821 780 1929 820 Quare
1958 792 1976 812 a
2004 782 2100 813 caede
2130 793 2225 822 quam
2248 785 2358 815 molie-

1407 824 1499 854 batur
1530 824 1684 855 abstinet:
1719 823 1774 855 sed
1805 830 1909 855 tamen
1941 826 2005 860 ait,
2035 825 2076 856 sit
2105 835 2228 856 vicanum
2254 826 2358 858 Phili-

1406 867 1557 897 stinorum
1586 876 1678 905 super
1706 876 1782 904 eum,
1817 877 1855 898 ne
1878 867 1945 906 ipse
1970 867 2116 898 videatur
2139 869 2250 900 mortis
2273 868 2358 900 illius

1407 909 1560 940 conscius.
1597 907 1805 946 Laudabitur,
1825 909 1937 949 inquit,
1960 916 2112 950 tanquam
2133 915 2284 942 strenuus
2302 912 2360 942 im-

1408 958 1544 991 perator,
1579 958 1609 981 et
1633 951 1783 991 lacrymis
1803 958 1949 983 mortuus
1972 952 2190 984 decorabitur:
2221 953 2275 984 sed
2299 964 2358 995 ego

1408 994 1537 1024 interim
1561 993 1665 1024 caedis
1688 1004 1753 1024 non
1776 994 1954 1033 accusabor,
1990 1005 2038 1025 res
2061 995 2184 1026 occulta
2206 996 2356 1028 manebit.

1410 1036 1494 1068 Hinc
1524 1044 1654 1076 apparet
1684 1035 1758 1076 quid
1789 1037 1887 1076 possit
1917 1045 2030 1073 metus,
2062 1045 2095 1069 ut
2127 1048 2163 1068 eo
2186 1039 2276 1078 pravi
2300 1038 2358 1070 ho-

1409 1080 1511 1110 mines
1525 1078 1734 1119 prohibentur
1748 1079 1864 1110 malam
1883 1090 1970 1111 suam
1992 1079 2190 1111 voluntatem
2210 1083 2357 1122 exsequi:

1408 1127 1439 1152 et
1468 1121 1544 1161 quid
1575 1122 1686 1160 pudor,
1715 1132 1777 1161 quo
1808 1128 1998 1153 revocantur
2027 1133 2045 1153 a
2074 1123 2182 1163 pravis
2204 1123 2359 1164 cupidita-

1409 1164 1503 1195 tibus.
1548 1164 1659 1203 Neque
1693 1164 1776 1195 enim
1807 1169 1928 1195 mutata
1959 1171 2064 1196 mente
2094 1166 2243 1197 meliores
2267 1167 2359 1203 fiunt,

1408 1206 1463 1238 sed
1487 1207 1517 1237 in
1544 1213 1670 1246 pectore
1692 1206 1763 1238 odia
1785 1211 1818 1237 et
1839 1207 2021 1239 inimicitias
2043 1208 2143 1243 alunt,
2168 1214 2200 1239 ct
2217 1207 2360 1249 obliquas

1409 1249 1478 1280 vias
1508 1256 1676 1289 quaerunt,
1710 1251 1793 1289 quod
1821 1260 1924 1281 coram
1950 1249 2132 1281 hominibus
2157 1251 2242 1282 virus
2265 1262 2359 1283 suum

1409 1291 1557 1333 detegere
1578 1303 1640 1322 non
1661 1292 1806 1323 audeant.
1841 1291 1962 1323 Eadem
1985 1293 2127 1324 omnium
2151 1304 2259 1325 eorum
2278 1295 2360 1326 ratio

1409 1335 1462 1374 qui
1498 1335 1556 1365 Dei
1592 1335 1705 1365 timore
1739 1345 1801 1366 non
1835 1335 2029 1373 retinentur;
2064 1336 2117 1375 qui
2151 1336 2225 1367 licet
2252 1337 2360 1377 ignem

1409 1377 1606 1408 extrinsecus
1628 1388 1689 1407 non
1707 1377 1892 1413 iaculentur,
1916 1382 2042 1417 pectore
2055 1386 2162 1409 tamen
2175 1379 2359 1410 continent:

1409 1427 1440 1450 et
1472 1420 1600 1450 interim
1635 1419 1709 1451 licet
1741 1419 1863 1450 invidia
1894 1426 2086 1460 rumpantur
2109 1427 2140 1451 et
2163 1422 2270 1452 furore
2291 1432 2359 1454 aes-

1409 1467 1510 1501 tuent,
1555 1462 1676 1493 invitos
1708 1466 1815 1493 tamen
1845 1467 1969 1501 oportet
1997 1462 2058 1494 sibi
2086 1463 2125 1494 ab
2156 1462 2222 1494 illis
2246 1464 2360 1495 timere

1382 1531 1383 1537 ,
1408 1515 1486 1543 quos
1509 1504 1656 1536 funditus
1678 1503 1798 1536 deletos
1817 1504 1944 1542 vellent,
1968 1510 2000 1536 et
2018 1515 2096 1545 quos
2114 1506 2206 1537 facile
2223 1517 2358 1546 pessun-

1410 1547 1530 1585 darent,
1562 1547 1622 1578 nisi
1651 1546 1741 1579 Deus
1769 1547 1908 1578 furorem
1937 1547 2077 1587 ipsorum
2108 1559 2226 1580 arcana
2247 1559 2303 1580 sua
2328 1550 2360 1580 vi

1409 1595 1637 1629 compesceret:
1660 1589 1739 1621 adeo
1762 1595 1797 1621 ut
1818 1599 1928 1621 omnes
1947 1600 1999 1622 eos
2017 1590 2071 1630 qui
2086 1590 2147 1621 Dei
2167 1591 2283 1631 spiritu
2296 1602 2358 1623 non

1410 1640 1566 1672 reguntur
1595 1641 1724 1664 necesse
1752 1633 1794 1664 sit
1821 1638 1875 1664 aut
1905 1632 2063 1663 leoninam
2088 1633 2153 1663 vim
2178 1639 2234 1664 aut
2255 1633 2359 1674 vulpi-

1409 1685 1484 1706 nam
1507 1675 1622 1714 pellem
1645 1674 1788 1706 induere.
1833 1674 1909 1712 Alii,
1933 1677 2073 1714 inquam,
2100 1675 2131 1706 vi
2155 1681 2267 1715 aperta
2289 1686 2360 1708 sae-

1409 1718 1511 1754 viunt,
1555 1723 1586 1748 et
1619 1728 1652 1749 se
1686 1727 1810 1749 omnem
1844 1717 2078 1748 humanitatem
2108 1723 2139 1748 et
2168 1719 2359 1758 aequitatem

1409 1760 1535 1791 exuisse
1558 1759 1786 1798 demonstrant,
1810 1765 1841 1791 et
1853 1766 2002 1800 tanquam
2016 1760 2173 1792 immanes
2184 1761 2270 1792 ferae
2282 1760 2362 1793 fero·

1409 1804 1535 1834 citatem
1556 1813 1644 1833 suam
1665 1802 1814 1842 produnt.
1854 1802 1918 1833 Alii
1938 1812 2013 1834 vero
2033 1803 2260 1842 vulpinantur:
2284 1814 2358 1836 nam

1410 1845 1468 1876 etsi
1501 1845 1589 1876 vultu
1621 1845 1793 1876 amicitiam
1816 1844 1977 1883 simulant,
2005 1850 2038 1876 et
2063 1845 2168 1877 verbis
2191 1850 2359 1884 testantur,

1410 1894 1516 1918 tamen
1547 1888 1612 1919 suis
1641 1887 1765 1920 technis
1795 1894 1826 1919 et
1855 1887 2022 1919 fraudibus
2052 1897 2162 1919 eorum
2186 1898 2264 1928 quos
2285 1888 2358 1920 ode-

1411 1935 1486 1961 runt
1514 1939 1649 1961 mortem
1678 1940 1849 1970 procurare
1879 1940 1943 1961 non
1967 1929 2134 1970 desinunt,
2169 1929 2268 1962 donee
2290 1931 2357 1962 ani-

1411 1983 1497 2004 mum
1521 1983 1616 2003 snum
1639 1973 1796 2014 sanguine
1814 1971 1942 2004 illorum
1959 1972 2171 2012 expleverint.
2217 1973 2358 2012 Quinam

1410 2021 1526 2054 autem,
1559 2016 1697 2053 obsecro,
1731 2015 1863 2046 istorum
1898 2014 2068 2046 meliores?
2105 2014 2252 2047 Profecto
2285 2016 2312 2047 si
2342 2027 2359 2048 e

1409 2057 1531 2089 dnobus
1572 2057 1665 2089 malis
1697 2058 1805 2089 minus
1839 2057 2020 2098 eligendum
2055 2062 2112 2096 est,
2155 2063 2277 2089 certum
2310 2065 2358 2090 est

1410 2108 1516 2139 aperte
1547 2101 1711 2132 inimicum
1742 2111 1802 2131 non
1833 2111 1901 2132 esse
1924 2105 1987 2130 tam
2011 2099 2228 2137 metuendum,
2262 2110 2357 2140 quam

1409 2154 1479 2173 euin
1515 2143 1566 2183 qui
1601 2143 1782 2174 inimicitias
1816 2141 2002 2179 dissimulat,
2046 2147 2078 2173 et
2111 2142 2190 2183 tegit
2222 2149 2357 2184 pectore.

1409 2186 1547 2225 Turpius
1577 2186 1672 2216 etiam
1703 2192 1751 2217 est
1773 2185 1982 2220 dissimulare.
2012 2195 2106 2225 quam
2131 2190 2241 2225 aperte
2263 2186 2358 2225 profi-

1410 2229 1468 2258 teri
1491 2228 1616 2259 odinm:
1640 2234 1672 2259 et
1695 2228 1818 2259 facilius
1840 2234 1972 2259 cavetur
1994 2228 2047 2267 qui
2072 2227 2182 2267 procul
2206 2227 2358 2267 minatur,

1409 2276 1440 2301 et
1481 2281 1535 2301 ore
1577 2277 1687 2311 aperto
1727 2270 1927 2302 inimicitiam
1969 2269 2117 2301 declarat.
2163 2269 2359 2310 Versipelles

1382 2311 1513 2343 fantem
1552 2312 1597 2343 illi
1631 2313 1682 2352 qni
1718 2312 1875 2344 amicitiae
1909 2316 2075 2352 praetextu
2110 2312 2288 2352 imponunt,
2327 2318 2359 2344 et

1409 2355 1493 2386 aliud
1513 2357 1545 2386 in
1564 2366 1618 2386 ore
1637 2355 1756 2386 habent
1773 2353 1858 2386 aliud
1877 2355 1910 2385 in
1927 2361 2060 2394 pectore,
2085 2354 2175 2386 dolos
2187 2361 2219 2386 et
2231 2355 2358 2388 fraudes

1408 2398 1560 2428 nimirum
1595 2398 1720 2433 liabent,
1747 2397 1841 2438 longe
1871 2396 2044 2428 deteriores
2073 2403 2104 2428 et
2126 2397 2228 2438 magis
2252 2397 2356 2430 detes-

1409 2493 1484 2513 vum
1508 2494 1601 2514 suum
1622 2493 1699 2523 erga,
1710 2481 1868 2514 Davidem
1882 2482 2024 2513 animum
2037 2482 2182 2518 occuluit,
2206 2486 2356 2515 ettamen

1407 2525 1487 2556 clani
1526 2526 1585 2564 ipsi
1616 2525 1713 2556 vitam
1744 2525 1865 2564 eripere
1894 2525 2027 2555 studuit.
2071 2525 2141 2556 Hoc
2171 2524 2356 2565 exemplum

410 2568 491 2599 fecit.
537 2568 775 2607 Nonnunquam
799 2569 894 2599 etiam
918 2569 1078 2608 improbos
1100 2569 1294 2606 ferocientes,
1325 2574 1356 2599 et
1380 2559 1383 2598 l
1408 2578 1464 2598 nos
1495 2567 1584 2599 dccet
1613 2567 1741 2606 intueri,
1769 2573 1800 2598 et
1830 2567 1903 2597 inde
1935 2567 2063 2605 discere,
2094 2566 2199 2597 danda
2228 2577 2355 2600 omnem

410 2611 498 2641 virus
521 2621 613 2641 suum
637 2610 863 2650 despumantes
886 2611 974 2643 Deus
997 2611 1042 2642 ita.
1063 2616 1195 2648 coercet,
1219 2621 1258 2642 ne
1280 2621 1353 2642 con·
1380 2602 1382 2637 l

408 2653 477 2683 silia
511 2663 569 2684 sua
602 2654 725 2693 possint
758 2653 796 2684 ad
830 2655 952 2685 exitum
987 2653 1175 2694 perducere:
1213 2653 1354 2685 immisso

1380 2644 1382 2672 Ῑ
1404 2653 1511 2684 oculos
1540 2653 1721 2684 habeamus.

1408 2619 1547 2649 operam,
1572 2615 1607 2641 ut
1629 2611 1655 2641 si
1679 2610 1757 2641 vitia
1779 2609 1949 2640 emendare
1972 2610 2127 2650 cupimus,
2151 2608 2257 2640 Deum
2281 2615 2355 2642 ante

1766 2651 1849 2683 Nam
1880 2653 2016 2684 multum
2045 2651 2243 2692 promovisse
2266 2652 2349 2685 vide-
