2551 3044
355 214 392 244 ῖ1
1209 209 1411 242 HOMILIA
1434 209 1473 241 L.
2289 208 2329 241 72

356 309 492 341 diceret:
518 307 592 339 Non
617 313 742 337 tantum
765 315 823 346 ego
847 315 905 336 me
919 315 1027 338 coram
1052 306 1120 337 Deo
1143 306 1231 343 sisto,
1260 303 1315 345 qui

357 351 480 384 iustitia
504 357 551 382 est
574 356 723 380 aeterna:
754 347 809 379 sed
839 347 936 379 etiam
959 350 1100 380 maxime
1130 349 1220 380 cuius
1249 347 1315 378 vir-

359 403 412 426 tus
443 394 502 425 fuit
531 392 704 433 conspicua
732 390 764 421 in
790 390 962 422 asserendo
983 393 1099 432 populo
1122 402 1179 422 suo
1203 401 1243 421 cx
1267 395 1316 430 ty—

360 436 494 469 rannide
512 446 574 476 qua
593 434 818 475 premebamur
837 433 877 465 ab
897 432 1050 471 hostibus,
1074 435 1108 466 in
1127 434 1316 470 libertatem,

359 487 395 512 ut
416 490 485 511 sese
509 486 655 510 nostrum
685 482 882 508 servatorem
913 477 1099 509 ostenderit.
1146 476 1227 506 Volo
1256 474 1316 506 ita-

360 533 420 563 que
444 521 541 562 duplo
571 519 714 552 severius
737 519 775 551 ab
807 518 862 550 illo
893 520 1000 560 puniri
1031 520 1091 552 nisi
1122 518 1315 551 sententiam

360 565 460 596 latam
494 564 682 604 implevero.
737 562 884 593 Tertium
917 561 1057 603 denique
1091 559 1315 593 iusiurandum

361 607 459 644 addit,
494 607 539 638 ita
573 606 668 637 faciat
702 604 782 635 mihi
813 603 914 643 Deus,
948 611 981 636 et
1014 606 1058 636 ita
1092 611 1220 646 pergat:
1255 613 1317 643 qua

362 650 471 690 phrasi
494 650 526 680 in
549 647 717 688 scripturis
740 647 857 678 usitata
886 646 971 679 idem
994 648 1202 688 significatur,
1230 656 1266 678 ac
1289 645 1317 676 si
1342 673 1343 680 ,

361 694 434 735 quis
457 692 548 729 dieat,
573 692 678 722 Deum
702 699 814 731 precor
838 695 873 721 ut
896 701 946 722 me
970 691 1003 722 in
1028 690 1085 722 hoc
1109 689 1227 721 mundo
1258 699 1316 729 pu—

363 737 442 772 niat,
473 735 559 766 etin
591 734 700 769 altero,
736 732 798 764 nisi
827 739 885 764 etc.
931 732 1042 773 Quum
1071 734 1170 774 igitur
1198 731 1317 763 multae

363 778 609 819 castigationum
640 775 884 808 accumulantur
915 777 1047 817 species,
1082 784 1117 807 ut
1148 776 1236 806 Deus
1266 774 1316 805 vel

366 822 433 858 hac,
470 821 518 852 vel
550 820 605 850 illa
634 819 756 859 puniat,
787 818 966 850 istiusmodi
996 818 1232 859 imprecationi:
1263 816 1319 848 Sic

365 865 459 895 saciat
483 863 561 894 mihi
586 862 684 899 Deus,
707 861 796 893 locus
818 866 875 892 est.
926 861 1035 902 Atque
1056 862 1133 893 haec
1157 867 1203 892 cst
1226 861 1319 892 istius

364 906 493 948 phrasis
517 906 574 942 vis,
605 905 665 936 etsi
690 902 842 935 videntur
866 914 958 936 voces
981 904 1137 945 abruptae
1166 910 1195 935 et
1219 903 1318 934 inter-

365 950 465 982 cisae:
490 955 523 980 ut
547 948 579 979 in
603 946 740 978 iurando
764 946 877 978 modus
900 951 1059 986 teneatur,
1083 958 1130 985 ne,
1164 952 1200 977 ut
1222 945 1320 986 pleri-

366 1003 428 1033 que
451 991 571 1023 habent
600 990 634 1021 in
659 1000 757 1027 more,
786 988 826 1020 ad
849 989 953 1021 varias
976 995 1006 1021 et
1030 989 1205 1021 horrendas
1228 999 1320 1020 exse-

367 1035 526 1066 crationes
568 1034 632 1065 sint
671 1031 888 1074 procliviores.
945 1031 1050 1071 Quam
1085 1033 1200 1063 multos
1234 1031 1321 1063 enim

366 1077 460 1108 hodie
484 1076 592 1108 videas
605 1075 683 1107 adeo
705 1074 893 1112 insolentes,
918 1081 952 1106 ut
975 1074 1061 1107 diras
1084 1074 1321 1107 exsecrationes

368 1125 529 1157 evomant,
553 1118 593 1150 ad
616 1129 695 1158 quos
717 1122 862 1158 oporteat
893 1117 1053 1149 auditores
1083 1123 1165 1149 totos
1194 1117 1322 1149 cohorr-

368 1174 484 1200 escere,
508 1162 600 1202 quasi
623 1161 730 1192 Deum
753 1161 859 1200 ipsum
882 1160 915 1191 in
936 1160 1047 1192 faciem
1067 1167 1173 1201 petere
1192 1159 1321 1198 vellent,

369 1216 467 1246 quum
500 1204 560 1237 sibi
585 1205 673 1235 varia
701 1203 831 1244 fingunt
854 1210 1007 1243 monstra,
1030 1207 1061 1234 et
1085 1204 1115 1234 in
1140 1203 1251 1234 inferis
1273 1213 1323 1234 se-

368 1249 423 1280 des
453 1255 485 1279 et
515 1247 585 1279 istis
613 1246 732 1278 similia
765 1245 982 1277 fabricantur?
1028 1246 1080 1282 At,
1115 1253 1149 1277 ut
1179 1246 1255 1283 dixi,
1287 1245 1322 1276 in

368 1291 538 1332 scripturis
561 1290 729 1321 intercisae
752 1295 783 1319 et
807 1288 963 1328 abruptae
990 1288 1243 1320 iuramentorum
1270 1299 1322 1320 vo-

367 1344 420 1366 ces
453 1333 615 1369 videntur,
650 1337 686 1363 ut
720 1331 891 1363 doceamur
923 1335 1067 1371 oportere
1101 1331 1247 1363 homines
1281 1330 1321 1362 ad

368 1376 431 1408 Dei
462 1386 579 1407 nomen
610 1374 733 1415 quoties
769 1385 824 1414 per
854 1373 933 1404 illud
963 1382 1037 1405 sunt
1071 1375 1206 1405 iuraturi
1241 1380 1323 1405 totos

368 1419 510 1451 horrere.
535 1417 657 1449 Idcirco
680 1416 760 1448 Saul
785 1416 844 1447 hoc
867 1416 934 1447 loco
957 1416 1010 1453 ait,
1036 1416 1154 1448 Iehova
1177 1417 1220 1447 ita
1243 1417 1322 1447 mihi

368 1462 473 1499 faciat,
503 1467 562 1492 etc.
591 1471 630 1491 ex
653 1459 768 1500 quibus
790 1459 940 1490 doeemur
964 1469 1028 1490 non
1051 1465 1196 1499 oportere
1221 1459 1322 1490 homi-

369 1515 425 1536 nes
455 1504 515 1535 sibi
546 1503 706 1534 licentiam
738 1501 864 1533 iurandi
894 1502 1088 1541 permittere,
1124 1508 1159 1533 ut
1190 1503 1322 1533 nimium

370 1547 430 1579 hac
453 1547 486 1577 in
517 1552 606 1586 parte
636 1545 741 1577 solent
770 1554 919 1585 peecare:
949 1543 1004 1575 sed
1034 1545 1138 1584 potius
1170 1551 1323 1585 tanquam

370 1590 482 1621 fraeno
506 1588 646 1629 quodam
669 1587 810 1618 retineri.
854 1587 926 1618 Etsi
950 1586 1080 1619 Saulem
1105 1588 1155 1619 hie
1179 1587 1324 1619 videmus

368 1632 528 1674 gradatim
552 1630 591 1662 ad
615 1640 777 1661 summum
797 1628 998 1670 adscendere,
1022 1636 1053 1661 et
1074 1640 1193 1670 poenas
1216 1631 1324 1670 poenis

369 1674 550 1707 cumulare:
574 1672 752 1704 Modestius
771 1672 857 1703 enim
877 1672 980 1712 primo
999 1672 1151 1713 loquutus
1170 1680 1227 1709 est,
1251 1684 1324 1704 mox

371 1717 556 1749 violentius:
593 1721 625 1747 et
659 1714 788 1746 tandem
823 1715 1014 1756 gravissime
1048 1726 1147 1755 quum
1181 1716 1241 1746 ait:
1273 1716 1325 1747 Ita

370 1760 466 1791 faciat
496 1759 574 1790 mihi
603 1763 635 1789 et
664 1757 770 1794 addat,
801 1764 832 1788 et
862 1758 907 1789 ita
929 1757 1013 1789 mala
1036 1758 1129 1789 malis
1153 1764 1183 1789 et
1206 1769 1325 1798 poenas

370 1802 480 1843 poenis
507 1801 665 1833 cumulari
693 1805 840 1841 precatus
863 1805 927 1832 est:
957 1800 1040 1841 quod
1070 1800 1241 1841 diligenter
1271 1801 1324 1833 ob-

371 1844 567 1878 servandum
597 1848 659 1875 est:
691 1842 950 1883 quandoquidem
980 1843 1012 1874 id
1042 1843 1134 1874 nobis
1164 1844 1228 1874 scre
1250 1855 1324 1876 con-

374 1888 480 1928 tingit,
515 1894 549 1918 ut
579 1887 611 1918 in
643 1886 736 1917 malis
765 1896 1018 1926 perseveremus,
1052 1891 1084 1918 et
1117 1886 1150 1917 in
1181 1886 1326 1918 sordibus

376 1930 495 1962 nostris
525 1930 725 1965 haereamus,
757 1934 789 1960 et
812 1928 916 1969 magis
939 1939 975 1960 ac
998 1929 1101 1970 magis
1124 1929 1157 1959 in
1181 1929 1219 1960 iis
1238 1929 1327 1961 lasci-

377 1973 510 2009 viamus,
531 1971 631 2003 donec
650 1971 690 2002 ad
709 1971 888 2011 iniquitatis
907 1981 1068 2002 summum
1093 1973 1325 2011 perveniamus,

378 2016 438 2047 nisi
462 2016 570 2046 fraeno
595 2014 683 2045 velut
707 2014 824 2046 iniecto
843 2013 882 2045 ab
906 2013 969 2045 illis
992 2013 1222 2045 deterreamur.

461 2057 649 2097 Sequuntur
683 2056 833 2097 deinceps
867 2056 1039 2088 Ionathani
1074 2057 1180 2093 verba,
1213 2057 1328 2096 quibus

375 2100 413 2132 de
437 2101 553 2131 iniuria
584 2100 644 2132 sibi
675 2100 757 2132 facta
784 2099 999 2139 conqueritur,
1028 2100 1234 2131 tantummodo
1259 2110 1329 2139 yns-

375 2144 438 2174 ταυί
473 2143 658 2174 extremitate
689 2142 789 2174 baculi
815 2152 935 2181 parum
966 2141 1082 2174 mellis:
1113 2152 1174 2174 ecce
1203 2152 1258 2182 me,
1287 2153 1328 2173 an
1352 2148 1355 2165 ³¹

373 2186 533 2218 morerer?
564 2185 679 2225 quibus
710 2185 809 2225 patris
838 2184 1060 2216 crudelitatem
1083 2185 1216 2221 incusat,
1247 2185 1328 2224 quod

375 2230 408 2260 in
436 2239 472 2260 ea
501 2227 728 2259 exsecrationis
753 2228 873 2258 ultione
903 2237 992 2258 mera
1014 2228 1054 2259 sit
1077 2227 1234 2259 iniustitia
1257 2238 1328 2258 cum

376 2271 565 2303 crudelitate
588 2271 768 2302 coniuncta.
803 2270 1023 2302 Nihilominus
1046 2275 1152 2301 tamen
1177 2269 1255 2301 Saul
1279 2270 1327 2300 in-

374 2315 540 2346 nocentiae
574 2313 661 2344 illius
690 2312 906 2344 defensionem
942 2324 1005 2344 non
1040 2313 1145 2344 audit:
1178 2311 1260 2352 quod
1295 2313 1328 2343 in

374 2357 546 2388 temerario
567 2367 624 2387 suo
648 2356 828 2387 iuramento
854 2365 982 2395 prorsus
1005 2355 1167 2387 caecutiat.
1197 2355 1242 2386 Et
1264 2365 1328 2386 non

376 2399 507 2431 dubium
532 2405 579 2430 est
604 2399 681 2439 quin
711 2398 771 2429 sibi
803 2408 919 2429 nomen
951 2403 1078 2438 praeter
1108 2396 1328 2429 crudelitatem

376 2443 540 2482 acquirere
563 2441 714 2473 volucrit:
747 2446 779 2472 et
802 2441 975 2472 ambitione
1004 2440 1167 2479 laborarit,
1197 2445 1228 2472 et
1257 2450 1329 2470 ver-

375 2485 449 2516 bum
470 2495 488 2516 a
508 2494 582 2525 rege
601 2484 777 2524 profectum
798 2483 1004 2515 irrevocabile
1023 2494 1091 2515 csse
1110 2483 1329 2515 demonstrare

376 2528 549 2559 affectarit:
584 2534 618 2557 ut
649 2526 708 2558 hac
742 2526 863 2557 ratione
895 2527 1045 2557 maiorem
1078 2531 1198 2557 metum
1228 2525 1267 2557 de
1295 2535 1329 2556 se

376 2570 560 2607 concitaret,
590 2569 643 2608 qui
674 2569 756 2600 serio
786 2579 912 2609 semper
940 2574 972 2600 et
1002 2568 1253 2600 irrevocabiliter
1284 2567 1328 2598 lo-

374 2618 535 2652 queretur.

374 2658 427 2686 tui·
446 2665 463 2685 a
483 2658 582 2695 patre,
606 2664 687 2694 quae
707 2661 814 2686 tamen
834 2664 959 2686 summa
978 2654 1138 2695 aequitate
1157 2654 1326 2690 nitebatur,

580 2611 690 2651 Quare
714 2611 882 2642 Ionathani
913 2612 1075 2643 excusatio
1099 2622 1162 2643 non
1186 2610 1330 2642 admitti·
1353 2623 1355 2642 l

1366 303 1422 335 sed
1453 313 1549 344 quam
1581 302 1690 335 Saulis
1717 303 1868 345 superbia
1905 313 1970 334 non
2004 303 2188 345 recipiebat.
2241 304 2328 336 Hinc

1367 345 1523 383 discunto,
1548 346 1603 386 qui
1626 345 1666 377 ad
1689 357 1831 378 summos
1861 347 1999 378 honores
2030 348 2132 378 evecti
2162 351 2248 386 sunt,
2276 357 2329 379 ca-

1367 399 1442 420 vere
1466 399 1506 420 ne
1529 398 1586 420 sua
1616 389 1801 430 arrogantia
1832 390 1978 421 reiiciant
2009 389 2068 421 sibi
2105 389 2156 420 vel
2177 389 2216 421 ab
2240 390 2328 430 igna-

1367 432 1411 463 ris
1435 431 1485 463 vel
1509 431 1651 463 abiectae
1675 431 1868 463 conditionis
1892 431 2079 464 hominibus
2103 433 2202 464 factas
2221 431 2330 463 admo-

1367 474 1520 505 nitiones:
1552 484 1625 505 nam
1655 479 1779 505 certum
1810 482 1858 506 est
1889 475 1963 506 inde
1999 475 2173 506 maximam
2204 480 2329 516 partem

1367 516 1622 556 corruptelarum
1650 517 1683 547 in
1714 516 1840 549 iudiciis
1863 518 2061 558 contingere,
2094 528 2192 558 quum
2216 527 2330 558 super-

1368 558 1420 590 bia
1442 564 1474 590 et
1496 559 1681 599 arrogantia
1704 559 1825 591 iudices
1847 560 1894 592 sic
1917 566 2144 599 excaecantur,
2175 566 2211 592 ut
2234 560 2330 591 mise-

1367 611 1477 632 rorum
1500 601 1668 633 hominum
1691 602 1838 642 querelas
1860 602 1913 634 vel
1938 601 2171 635 admonitiones
2191 613 2254 634 non
2274 613 2331 634 au-

1368 643 1467 675 diant.

1453 686 1615 726 Deinceps
1640 697 1716 718 vero
1745 686 1863 718 dicitur
1893 687 2037 727 populus,
2067 688 2163 720 etiam
2188 689 2257 719 iure
2280 689 2329 720 iu-

1370 728 1469 760 rando
1494 728 1602 760 Saulis
1633 729 1845 761 exsecrationi
1876 731 2049 768 contrario,
2079 731 2257 763 affirmasse
2281 731 2330 763 Io-

1370 771 1551 803 nathanum
1587 771 1718 803 minime
1741 772 1944 803 moriturum.
1989 772 2157 805 Hactenus
2180 784 2329 815 magnam

1370 814 1467 846 huius
1501 814 1611 855 populi
1642 814 1858 846 obedientiam
1893 814 2086 854 audivimus,
2126 816 2189 847 imo
2223 817 2328 856 potius

1371 864 1536 897 stuporem
1567 857 1736 897 quendam,
1764 867 1827 897 quo
1858 857 1979 889 factum
2011 863 2069 896 cst,
2103 864 2139 889 ut
2167 869 2261 890 nemo
2289 870 2329 891 ex

1372 905 1438 930 toto
1463 899 1578 940 populo
1607 899 1802 940 respondere
1825 898 1916 931 Sauli
1946 900 1988 931 sit
2011 910 2117 932 ausus.
2164 901 2208 932 At
2231 911 2331 942 quum

1372 942 1590 974 Ionathanum
1614 942 1652 974 de
1676 943 1742 974 vita
1773 942 1946 983 periclitari
1977 942 2216 982 animadvertit,
2247 955 2331 975 rem-

1372 996 1432 1026 que
1455 985 1549 1016 istam
1573 995 1591 1016 a
1615 984 1714 1017 Saule
1736 985 1819 1016 serio
1843 985 1904 1025 agi,
1929 990 1995 1016 tum
2020 995 2088 1017 sese
2111 991 2222 1026 aperte
2246 987 2331 1028 regis

1373 1028 1538 1060 conatibus
1561 1028 1720 1068 opposuit,
1750 1027 2031 1068 Ionathanumque
2055 1039 2116 1059 non
2141 1039 2210 1061 esse
2233 1029 2331 1061 mori-

1374 1077 1482 1102 turum
1521 1071 1701 1102 iuramento
1742 1071 1956 1102 confirmavit.
2014 1071 2163 1103 Profecto
2197 1072 2330 1103 minime

1374 1113 1506 1145 dubium
1530 1120 1577 1145 est
1606 1114 1681 1153 quin
1708 1113 1778 1144 Deo
1806 1113 1992 1153 impellente
2021 1114 2158 1154 populus
2188 1115 2233 1146 ita
2263 1125 2332 1147 sese

1373 1157 1555 1188 iuramento
1585 1156 1795 1187 adstrinxerit
1825 1156 1864 1187 ad
1895 1155 2112 1188 Ionathanum
2142 1158 2239 1188 morti
2269 1158 2333 1189 eri-

1374 1198 1536 1240 piendum,
1568 1207 1603 1230 ut
1626 1197 1706 1230 Saul
1737 1199 1939 1240 arrogantiae
1967 1209 2046 1230 suae
2076 1210 2193 1240 poenas
2223 1200 2330 1232 daret:

1375 1248 1409 1273 ut
1433 1242 1459 1274 si
1491 1243 1572 1272 forte
1600 1242 1820 1273 iuramentum
1850 1252 1944 1273 suum
1974 1241 2079 1273 locum
2111 1242 2228 1274 habere
2262 1242 2331 1274 vel-

1375 1285 1428 1322 let,
1473 1285 1637 1315 contrario
1688 1284 1868 1316 iuramento
1914 1284 2132 1325 impediretur,
2176 1285 2331 1326 populus-

1375 1338 1435 1368 que
1469 1326 1676 1358 multitudine
1709 1327 1862 1359 vinceret.
1908 1327 2031 1367 Nempe
2061 1331 2096 1358 ut
2127 1327 2271 1360 dicerent
2297 1338 2332 1360 se

1375 1380 1485 1402 omnes
1508 1370 1640 1410 iurasse,
1671 1380 1707 1401 ac
1727 1369 1859 1410 proinde
1883 1380 1945 1401 non
1969 1379 2061 1410 posse
2083 1370 2115 1401 in
2140 1371 2239 1410 ipsius
2261 1381 2332 1402 sen-

1376 1413 1511 1444 tentiam
1535 1412 1744 1444 descendere:
1775 1412 1860 1453 quod
1888 1412 1974 1444 solus
2003 1413 2070 1453 ipse
2095 1412 2173 1444 nihil
2196 1413 2236 1445 ad
2258 1413 2331 1445 illos

1376 1466 1487 1487 omnes
1520 1462 1644 1496 posset:
1685 1461 1780 1495 atque
1814 1455 1859 1486 ita
1892 1455 2117 1496 provideretur
2150 1455 2331 1487 Ionathano

1377 1510 1416 1530 ne
1438 1498 1507 1530 vita
1536 1498 1755 1530 mulctaretur.
1802 1498 1901 1529 Porro
1923 1498 2033 1538 quaeri
2060 1504 2175 1539 potest,
2203 1504 2332 1530 rectene

1376 1542 1487 1573 fecerit
1527 1541 1665 1581 populus
1698 1541 1878 1572 iuramento
1912 1541 2070 1572 contrario
2104 1540 2212 1572 Saulis
2246 1541 2331 1572 iura-

1376 1591 1521 1616 mentum
1545 1594 1745 1624 oppugnans.
1770 1583 1820 1615 Ad
1845 1594 1939 1624 quam
1960 1583 2178 1624 quaestionem
2198 1593 2331 1624 respon·

1377 1627 1517 1658 dendum
1548 1635 1605 1665 est,
1639 1627 1671 1658 in
1706 1626 1800 1658 rebus
1833 1625 1951 1658 divinis
1982 1626 2128 1658 homines
2157 1627 2331 1658 caecutire:

1377 1680 1413 1702 ac
1446 1669 1582 1710 proinde
1616 1676 1764 1710 oportere
1797 1669 1870 1700 illos
1903 1679 2001 1710 quum
2037 1669 2075 1699 de
2110 1669 2236 1701 arcanis
2269 1668 2332 1700 Dei

1377 1712 1517 1745 consiliis
1547 1713 1664 1753 agitur,
1698 1712 1745 1744 ori
1775 1722 1831 1743 suo
1861 1711 1997 1753 digitum
2028 1721 2198 1751 apponere,
2232 1717 2264 1744 ct
2293 1711 2333 1744 iis

1376 1760 1542 1788 contentos
1571 1766 1640 1786 esse
1670 1765 1752 1795 quae
1776 1754 1868 1786 nobis
1894 1755 1980 1785 Deus
2011 1754 2108 1786 verbo
2131 1764 2188 1786 suo
2212 1754 2332 1795 patefa-

1376 1799 1429 1830 cit.
1473 1798 1557 1829 Nam
1588 1807 1685 1837 quum
1708 1797 1799 1829 Deus
1827 1796 2009 1828 admirabili
2038 1796 2174 1837 quodam
2197 1797 2332 1829 consilio

1376 1851 1434 1874 suo
1465 1840 1645 1872 istiusmodi
1674 1840 1828 1881 quaedam
1860 1840 2008 1880 exempla
2038 1839 2076 1870 ad
2107 1845 2252 1871 nostram
2282 1840 2331 1871 in-

1377 1883 1585 1916 structionem
1610 1883 1717 1921 edidit,
1747 1893 1810 1914 non
1835 1882 1904 1914 ideo
1928 1888 2036 1915 tamen
2059 1882 2205 1922 sequitur
2228 1882 2332 1914 homi-

1378 1937 1434 1958 nes
1469 1937 1506 1957 ea
1539 1926 1693 1958 facientes
1724 1936 1786 1957 non
1821 1925 1988 1957 deflectere
2023 1936 2041 1957 a
2075 1931 2160 1956 recto
2194 1925 2332 1962 tramite,

1377 1970 1452 2001 licet
1473 1979 1583 2000 eorum
1607 1979 1704 2009 opera
1726 1968 1815 2000 Deus
1838 1968 1878 1999 ad
1899 1979 1994 2000 suum
2018 1967 2215 2008 implendum
2233 1967 2334 1999 consi-

1377 2013 1457 2044 lium
1481 2022 1557 2043 usus
1581 2011 1630 2042 sit.
1677 2011 1799 2043 Verum
1832 2016 1938 2043 tamon
1969 2011 2022 2042 lex
2045 2010 2178 2042 Domini
2207 2020 2333 2050 semper

1378 2056 1507 2095 integra
1537 2061 1569 2085 et
1599 2053 1723 2086 illibata
1753 2060 1878 2085 manet:
1912 2053 2118 2094 quamobrem
2150 2051 2332 2084 istiusmodi

1378 2097 1581 2138 quaestiones
1615 2096 1842 2137 relinquendae
1875 2102 1951 2128 sunt
1981 2104 2132 2136 tanquam
2167 2105 2269 2126 vanae
2300 2100 2333 2126 et

1379 2139 1518 2177 inutiles,
1551 2140 1616 2171 imo
1649 2146 1680 2170 et
1712 2139 1838 2180 impiae,
1879 2139 1905 2171 si
1940 2139 2011 2180 quis
2044 2138 2108 2169 illis
2141 2137 2181 2169 ad
2214 2138 2334 2178 effugia

1380 2181 1562 2223 quaerenda
1609 2182 1685 2214 velit
1717 2182 1807 2214 abuti
1846 2187 1973 2213 rectene
2007 2192 2047 2213 an
2083 2181 2166 2212 male
2199 2181 2334 2221 populus

1380 2226 1498 2258 feccrit.
1545 2224 1693 2257 Sufficiat
1722 2225 1814 2257 nobis
1840 2224 1948 2256 Deum
1971 2234 2008 2255 ea
2037 2224 2161 2254 ratione
2192 2223 2334 2255 voluisse

1379 2267 1597 2300 Ionathanum
1627 2267 1706 2308 eripi
1736 2268 1849 2299 mortis
1877 2266 2026 2308 periculo,
2060 2276 2158 2306 quum
2182 2266 2245 2296 iam
2269 2266 2333 2297 iam

1380 2311 1475 2342 morti
1505 2309 1684 2342 destinatus
1715 2310 1860 2351 sepulcro
1891 2310 2056 2341 imminere
2088 2308 2263 2347 videretur,
2297 2311 2333 2340 ut

1381 2353 1487 2385 Saulis
1511 2353 1658 2394 tyrannis
1677 2363 1712 2384 eo
1732 2353 1825 2384 modo
1844 2352 2021 2393 puniretur.
2047 2351 2216 2383 Caeterum
2237 2361 2334 2391 popu-

1353 2428 1355 2436 ,
1381 2397 1429 2427 ius
1462 2406 1590 2427 causam
1625 2396 1798 2436 speciosam
1833 2395 1952 2433 adiicit,
1986 2393 2192 2426 Ionathcmum
2223 2394 2334 2434 fecisse

1379 2439 1507 2470 salutem
1539 2449 1683 2479 maynam
1716 2439 1750 2469 in
1778 2438 1903 2476 Israele,
1936 2439 1963 2469 et
1990 2447 2056 2468 eum
2088 2436 2154 2468 Deo
2184 2446 2248 2467 esse
2279 2435 2333 2468 illo

1379 2482 1427 2512 die
1460 2484 1624 2520 operatum.
1670 2480 1796 2520 Quibus
1831 2479 1936 2512 verbis
1976 2479 2095 2511 indicat
2129 2478 2266 2520 populus
2298 2478 2333 2509 in

1381 2524 1483 2555 Deum
1514 2524 1619 2563 ipsum
1648 2523 1799 2555 iniuriam
1830 2521 2094 2559 redundaturum,
2129 2521 2157 2552 si
2190 2521 2223 2552 iu
2247 2531 2331 2560 eum,

1381 2568 1469 2597 cuius
1492 2576 1588 2606 opera
1611 2571 1695 2598 esset
1726 2576 1801 2597 usus
1825 2565 1864 2596 ad
1887 2565 2022 2596 salutem
2047 2563 2163 2605 populo
2186 2563 2332 2594 adferen-

1381 2608 1464 2646 dam,
1499 2609 1687 2640 saeviretur.
1741 2607 1828 2640 Sane
1858 2618 1953 2648 saepe
1981 2607 2109 2647 quidem
2141 2605 2262 2643 accidit,
2296 2610 2332 2636 ut

1381 2661 1431 2682 res
1453 2662 1586 2691 magnas
1608 2650 1736 2692 quidam
1755 2658 1878 2692 gerant,
1900 2657 1931 2682 et
1955 2650 2108 2682 memoria
2131 2649 2252 2690 dignas,
2276 2647 2332 2688 qui
