2551 3044
364 208 425 240 307
1192 203 1392 235 HOMILIA
1413 203 1521 234 LXX.
2281 202 2342 233 308

454 304 517 335 Sed
542 304 611 343 ipsa
635 301 807 332 Ionathani
833 300 928 331 verba
952 300 1048 341 digna
1072 307 1147 330 suut
1172 308 1252 339 quae
1275 308 1326 329 ac—

368 347 511 379 curatius
551 344 794 385 expendantur:
838 342 999 383 Loquutus
1032 346 1074 373 es!
1109 341 1258 373 Ionatltas
1291 341 1328 371 de

370 390 477 421 Dat-id
500 389 574 419 bona
599 388 640 419 cul
660 386 739 418 Saul
755 389 877 425 putrem
895 396 996 419 summ.
1020 386 1157 424 dixitque
1180 384 1221 415 ad
1243 394 1328 414 eum.-

373 432 410 463 λ’(
435 434 535 471 peccet
559 441 612 462 rea·
638 430 667 460 in
691 439 811 460 servum
834 438 926 460 suum
948 428 1064 467 Dat-id,
1088 428 1161 467 quia
1185 437 1244 458 non
1263 436 1328 466 pec-

368 475 446 506 cat-it
468 473 533 512 tibi,
555 476 582 505 et
604 482 695 512 opera
719 472 787 503 eius
808 471 885 503 bona
907 474 977 503 sun!
1000 471 1055 501 tibi
1081 469 1173 501 valde.
1219 468 1329 508 Quan-

370 516 549 558 doquidem.
582 515 686 556 inquit
718 514 931 552 Ionathanus,
961 512 1069 545 David
1100 522 1208 553 regem
1240 511 1329 543 nulla

370 562 400 591 in
424 570 459 591 re
483 559 584 594 laesit,
616 568 652 589 eo
676 557 779 598 magis
803 557 912 597 inique
935 557 1002 598 agit
1026 555 1103 587 Saul
1128 555 1233 595 ipsum
1257 565 1329 594 per-

368 602 537 643 sequendo.
573 600 775 632 Ionathanus
798 600 896 641 igitur
919 600 1001 639 patri
1025 598 1195 638 exprobrat
1220 597 1329 638 ingra-

370 653 436 677 tum
462 645 615 681 animum,
640 653 739 683 quum
764 641 900 674 Davidis
925 642 1089 673 benefacta
1114 651 1176 671 non
1201 645 1328 671 tantum

369 692 606 724 commemorat,
637 686 691 717 scd
722 686 818 718 etiam
841 685 887 716 ait
910 684 1069 716 Davidem
1094 694 1157 714 non
1183 692 1329 723 peccasse

370 732 400 762 in
426 740 543 771 regem.
590 728 703 768 Neque
728 737 802 759 vero
827 733 933 759 tamen
959 728 1054 758 etiam
1080 726 1224 757 excusari
1244 724 1328 765 apud

371 774 475 805 Deum
507 772 586 804 Saul
619 771 776 811 potuisset
806 771 832 802 si
862 775 963 802 morte
994 769 1130 800 Davidis
1168 768 1327 808 privatam

369 816 509 856 aliquam
541 815 692 845 iniuriam
719 813 806 845 ultus
835 813 956 844 fuisset.
1003 812 1131 852 Scripta
1155 811 1240 842 enim
1264 811 1328 842 iam

371 860 421 890 lex
454 858 531 888 Dei:
566 864 597 889 et
630 856 759 897 quidem
794 857 826 887 in
861 856 976 887 animis
1010 855 1177 886 hominum
1211 857 1330 885 natura

371 901 549 941 insculpsit,
581 899 663 930 bono
686 899 805 930 malum
835 898 1124 938 compensandum:
1155 906 1252 937 quare
1276 907 1329 927 ne-

369 955 430 985 que
463 949 578 974 natura
612 943 681 982 ipsa
713 942 866 983 magistra
903 941 993 973 Sauli
1030 939 1185 971 Davidem
1219 938 1329 971 ulcisci

369 987 492 1018 licebat.
539 986 587 1017 Ae
618 995 658 1016 ne
681 984 882 1016 Ionathanus
912 983 1039 1024 quidem
1069 982 1170 1014 voluit
1203 986 1328 1023 patrem

368 1030 509 1061 eximere
532 1028 660 1059 divinae
685 1027 798 1059 ultioni
829 1027 854 1058 si
879 1025 1038 1057 Davidem
1062 1025 1167 1056 laesus
1191 1025 1257 1065 ipse
1279 1024 1328 1056 ul-

368 1073 558 1104 cisceretur:
590 1070 645 1102 scd
676 1077 842 1111 peccatum
873 1070 1006 1110 gravius
1035 1069 1110 1100 facit
1144 1073 1175 1099 ct
1205 1067 1326 1099 crimen

367 1120 471 1156 auget,
495 1124 593 1154 quum
617 1114 662 1144 ait
685 1112 843 1144 Davidem
869 1112 957 1143 nulla
988 1112 1020 1142 in
1044 1122 1077 1142 re
1103 1120 1248 1151 peccasse
1271 1110 1326 1141 ad-

369 1167 484 1189 versus
507 1156 648 1189 Saulem.
693 1155 836 1187 Naturae
865 1155 951 1186 enim
976 1155 1035 1195 ipsi
1060 1160 1225 1194 repugnat,
1257 1153 1327 1184 eius

369 1201 503 1232 exitium
528 1208 682 1239 quaerere
705 1208 723 1229 a
742 1207 805 1238 quo
828 1198 872 1229 sis
891 1198 1025 1229 affectus
1045 1197 1207 1228 beneficio.
1231 1195 1326 1227 Iona-

369 1243 458 1274 tbani
489 1252 567 1274 sane
590 1241 740 1282 παῤῥησία
763 1239 932 1278 laudanda,
963 1240 1064 1280 patris
1088 1240 1202 1270 vitium
1227 1238 1326 1270 libere

368 1285 562 1323 damnantis,
587 1290 618 1315 et
643 1283 778 1315 Davidis
802 1283 834 1314 in
859 1288 981 1323 patrem
1006 1282 1170 1313 benefacta
1189 1291 1326 1313 comme-

368 1328 531 1359 morantis.
579 1326 672 1364 Nam,
701 1326 756 1362 ait,
787 1325 867 1357 nihil
896 1326 925 1356 in
958 1329 984 1356 le
1003 1325 1147 1365 peccavit,
1178 1327 1204 1355 et
1235 1334 1327 1364 opera

368 1372 434 1402 eins
456 1370 534 1402 bona
556 1373 628 1401 sunt
650 1368 705 1400 cibi
728 1368 824 1400 valde.
849 1367 959 1407 Quare
978 1378 1103 1399 summa
1126 1366 1325 1408 ingratitudo

369 1415 420 1446 hic
450 1418 585 1454 apparet
615 1422 688 1444 cum
718 1420 845 1443 summa
873 1411 995 1442 malitia
1018 1411 1196 1442 coniuncta.
1242 1409 1326 1440 Nam

368 1457 581 1487 inhumanum
611 1460 659 1486 est
689 1465 761 1486 eum
793 1464 811 1485 a
841 1463 902 1493 quo
927 1464 990 1484 non
1021 1453 1181 1493 acceperis
1203 1453 1324 1483 incom-

369 1499 499 1531 modum
522 1497 652 1539 aggredi
673 1502 704 1528 et
724 1496 840 1528 habere
860 1495 1102 1528 contumeliose:
1127 1500 1245 1535 quanto
1264 1495 1324 1525 ita-

368 1552 428 1582 quo
451 1540 612 1573 crudelius
636 1544 669 1571 ct
690 1539 873 1578 immanius,
904 1549 976 1570 eum
1007 1538 1058 1569 cui
1092 1538 1258 1569 devinctus
1281 1538 1325 1568 sis

369 1584 478 1615 multis
513 1583 683 1621 beneficiis,
725 1587 756 1613 et
789 1581 880 1613 cuius
914 1581 1077 1621 singulare
1111 1582 1151 1612 sit
1185 1590 1259 1621 erga
1293 1584 1325 1611 te

368 1626 510 1658 studium
535 1631 567 1657 et
590 1625 691 1656 multa
715 1624 889 1662 benefacta,
920 1623 999 1655 odiis
1023 1625 1179 1664 prosequi,
1203 1628 1234 1654 et
1257 1623 1325 1654 eius

369 1670 454 1701 vitae
485 1667 654 1700 insidiari?
700 1667 768 1698 Nae
800 1667 904 1698 brutis
932 1667 1010 1706 ipsis
1033 1665 1249 1697 animantibus
1272 1665 1326 1696 de-

369 1712 501 1743 teriores
530 1716 607 1742 sunt
640 1709 821 1742 istiusmodi
855 1708 1011 1740 homines.
1058 1708 1140 1740 Nam
1175 1714 1205 1739 et
1238 1709 1326 1740 canis

368 1765 440 1786 eum
465 1753 609 1795 agnoscit
633 1763 651 1784 a
674 1763 734 1793 quo
755 1752 895 1783 frustum
915 1752 1008 1791 panis
1027 1751 1192 1791 acceperit,
1217 1756 1248 1782 et
1267 1752 1326 1791 ipsi

368 1798 475 1828 leones
505 1801 734 1827 mansuescunt
763 1800 794 1826 et
823 1794 1018 1833 cicurantur,
1050 1800 1086 1825 ut
1116 1804 1155 1824 ex
1179 1794 1326 1834 profano-

369 1851 439 1871 rum
479 1839 589 1870 multis
623 1838 766 1869 historiis
801 1841 942 1877 apparet.
999 1836 1147 1876 Denique
1181 1836 1327 1868 videmus

368 1883 548 1914 animantes
579 1881 688 1912 brutas
720 1890 894 1920 agnoscere
917 1890 990 1911 suos
1014 1879 1158 1910 dominos
1182 1884 1213 1910 et
1236 1879 1328 1910 bene-

371 1926 516 1957 faetores.
569 1923 716 1955 Infantes
750 1927 922 1963 antequam
956 1922 1126 1963 pueritiam
1162 1921 1328 1962 attigerint

373 1968 515 1999 nutrices
539 1977 613 1998 suas
642 1971 832 2007 agnoscunt,
863 1976 880 1996 a
904 1965 1020 2006 quibus
1044 1965 1142 1995 vitam
1166 1964 1328 1998 hauriunt,
1354 1985 1355 1995 1

372 2019 402 2042 et
434 2011 466 2041 in
497 2020 631 2050 quarum
656 2009 804 2040 mammis
832 2007 1025 2048 praesidium
1048 2017 1142 2039 suum
1164 2007 1327 2037 collocant.

372 2054 462 2093 Quos
498 2062 571 2083 vero
603 2051 694 2083 Deus
726 2061 822 2083 sensu
857 2055 889 2082 et
923 2051 1044 2082 ratione
1074 2049 1214 2083 donavit,
1250 2059 1329 2089 quae

373 2096 472 2127 nullis
491 2094 611 2126 viribus
631 2100 734 2134 potest
752 2093 881 2134 expelli,
899 2092 1158 2133 quandoquidem
1171 2093 1238 2132 ipse
1257 2102 1328 2123 con-

372 2138 525 2171 scientiae
559 2148 672 2169 sensus
702 2138 789 2168 intus
819 2137 883 2167 urit
914 2140 947 2167 et
974 2136 1060 2176 cogit
1090 2145 1144 2166 eos
1175 2144 1193 2165 a
1215 2134 1329 2174 quibus

373 2181 553 2221 acceperint
585 2180 737 2211 beneficia
769 2187 950 2219 agnoscere,
986 2188 1093 2209 nonne
1126 2177 1200 2218 plus
1234 2187 1330 2217 quam

375 2225 522 2255 efferatos
551 2229 581 2253 et
614 2222 767 2254 barbaros
797 2232 866 2253 esse
897 2231 1025 2253 necesse
1055 2225 1112 2258 est,
1144 2220 1169 2250 si
1193 2220 1330 2260 acceptis

374 2268 412 2298 ab
436 2266 541 2306 aliquo
564 2265 735 2302 beneficiis,
760 2265 810 2296 cui
835 2265 935 2296 vitam
955 2263 1114 2301 debemus,
1138 2263 1241 2302 etqui
1261 2273 1330 2294 nos-

374 2310 432 2341 tris
462 2308 636 2341 commodis
659 2308 826 2343 studuerit,
858 2307 957 2338 vitam
989 2305 1115 2338 auferre
1137 2305 1231 2336 malis
1254 2305 1330 2336 arti-

374 2353 433 2384 bus
464 2350 618 2382 nitimur?
666 2350 737 2383 Istis
761 2350 938 2382 rationibus
966 2349 1167 2380 Ionathanus
1196 2351 1331 2388 patrem,

376 2401 408 2426 et
431 2394 521 2425 illum
545 2393 672 2434 quidem
697 2403 804 2433 regem
829 2392 1039 2432 constringit:
1063 2396 1095 2423 et
1117 2397 1211 2431 urget
1234 2390 1331 2421 etiam

377 2447 474 2478 quum
499 2435 596 2473 addit,
621 2439 647 2467 et
670 2436 784 2473 vidisti,
806 2438 832 2467 et
854 2435 984 2467 laetatus
1002 2445 1042 2466 es.
1080 2433 1183 2474 Saepe
1205 2432 1333 2473 quidem

375 2479 531 2520 contingit
564 2490 619 2510 nos
642 2479 680 2511 ab
705 2479 812 2518 aliquo
843 2477 1032 2509 beneficium
1063 2475 1191 2516 aliquod
1221 2485 1331 2507 conse-

376 2523 439 2562 qui,
459 2521 496 2553 de
510 2532 571 2562 quo
592 2532 653 2553 non
667 2525 807 2553 constet:
831 2520 886 2552 sed
906 2520 959 2551 ubi
979 2521 1124 2561 agnitum
1144 2518 1332 2550 beneficium

378 2565 478 2596 nihilo
498 2565 604 2596 minus
623 2565 714 2605 parvi
734 2563 878 2600 facimus,
899 2569 931 2594 et
949 2563 1153 2604 negligimus,
1177 2571 1213 2592 eo
1233 2561 1333 2592 maior

379 2614 425 2638 est
460 2607 583 2638 malitia
616 2615 736 2643 nostra,
777 2612 808 2638 et
841 2606 993 2637 maiorem
1034 2603 1333 2637 condemnationem

381 2655 528 2681 meretur.
576 2649 724 2681 Notanda
754 2649 853 2690 igitur
877 2648 931 2679 illa
953 2647 1203 2685 circumstantia,
1234 2655 1332 2686 quum

1380 296 1581 328 Ionathanus
1604 304 1726 336 patrem
1750 296 1961 336 praeveniens
1980 296 2035 333 ait,
2059 305 2124 326 non
2144 301 2234 336 potes
2252 297 2341 338 igno-

1381 339 1519 370 rantiam
1542 338 1641 370 ullam
1664 345 1860 379 praetexere,
1884 347 1988 378 neque
2011 348 2090 378 opus
2113 337 2211 370 habes
2234 338 2339 379 inqui-

1381 382 1504 421 sitione,
1537 387 1571 412 tu
1603 381 1661 421 ipsi
1693 381 1802 413 vidisti
1832 380 1969 412 Davidis
1997 381 2152 418 animum,
2183 381 2340 420 tuipsius

1381 424 1555 456 benefactis
1578 424 1710 465 gavisus
1733 434 1782 456 es:
1806 434 1841 456 ac
1866 422 2000 463 proinde
2023 429 2180 463 quantum
2203 423 2264 463 ipsi
2287 423 2340 455 de·

1381 467 1465 505 beas,
1489 467 1580 498 cuius
1604 471 1739 498 mortem
1763 467 1899 507 quaeris,
1933 476 1997 497 non
2021 466 2160 506 ignoras.
2206 465 2342 498 Summa

1381 510 1482 550 ipsius
1516 519 1593 550 erga
1627 508 1790 550 populum,
1831 519 1959 540 summa
1997 518 2072 549 erga
2112 514 2143 540 te
2176 508 2340 546 beneficia,

1382 563 1482 593 quum
1512 556 1544 583 et
1573 557 1603 582 te
1634 557 1666 583 et
1695 551 1846 592 populum
1882 562 1921 582 ex
1956 551 2162 583 inimicorum
2191 551 2342 583 manibus

1382 595 1512 636 eripuit;
1537 600 1572 625 tu
1595 603 1673 626 sane
1692 594 1740 625 illi
1758 604 1906 626 coronam
1930 598 2016 625 tuam
2036 593 2140 632 debes,
2163 594 2233 625 sine
2251 594 2342 625 cuius

1383 637 1503 669 auxilio
1526 637 1559 668 iu
1583 636 1725 669 hostium
1748 642 1940 678 potestatem
1965 635 2209 668 deveneramus.
2237 637 2340 668 Testi-

1381 681 1442 712 bus
1466 690 1529 711 non
1553 690 1631 720 opus
1655 685 1712 717 est,
1742 689 1846 720 neque
1877 679 1943 710 ulla
1966 679 2184 719 inquisitione,
2215 684 2248 710 tu
2274 679 2341 720 ipse

1383 723 1474 754 testis
1491 733 1525 754 es
1545 721 1695 754 idoneus:
1720 727 1754 753 tu
1773 722 1905 763 gavisus
1925 732 1957 753 es
1976 722 2078 762 ipsius
2096 722 2226 753 virtute.
2251 721 2340 754 Gau-

1383 766 1470 796 dium
1495 770 1603 796 autem
1626 763 1706 796 illud
1729 764 1838 797 Saulis
1862 765 2007 795 manavit
2030 775 2070 796 ex
2094 764 2261 796 affectione
2285 775 2340 796 na-

1383 808 1489 845 turali,
1517 807 1602 848 quod
1626 807 1715 839 Deus
1744 808 1828 848 regis
1858 813 1890 838 et
1918 807 2030 847 populi
2060 807 2212 839 misertus
2241 814 2340 839 esset:

1383 861 1480 892 quare
1509 860 1609 891 quum
1638 850 1702 882 iam
1726 850 1872 891 capitalis
1894 855 1978 881 esset
2008 849 2095 881 illius
2118 850 2267 882 inimicus
2288 851 2343 891 qui

1382 904 1478 926 causa
1509 894 1568 933 ipsi
1603 893 1707 924 fuerat
1737 899 1845 924 tantae
1876 892 2025 931 laetitiae,
2055 893 2127 933 quis
2155 903 2219 924 non
2250 892 2341 924 illum

1382 947 1439 977 pro
1473 942 1615 967 monstro
1645 936 1759 967 merito
1779 935 1918 967 habeat?
1964 935 2051 967 Sane
2074 936 2179 975 potius
2203 936 2287 976 ignis
2310 941 2343 967 et

1382 989 1464 1019 aqua
1483 978 1747 1016 conciliabuntur‚
1771 988 1867 1018 quam
1886 977 1967 1009 duae
1987 978 2059 1009 illae
2078 986 2142 1009 tam
2161 978 2342 1010 contrariae

1381 1022 1576 1054 affectiones.
1621 1021 1706 1052 Nam
1728 1021 1784 1061 qui
1807 1020 1970 1053 beneficiis
1993 1021 2127 1052 affectus
2150 1027 2200 1053 est
2222 1021 2261 1052 ab
2284 1021 2341 1052 ali-

1381 1075 1453 1105 quo,
1477 1064 1539 1096 nisi
1563 1074 1692 1096 omnem
1715 1063 1806 1095 exuit
1824 1063 2004 1095 naturalem
2024 1063 2176 1095 affectum
2195 1070 2227 1095 et
2244 1064 2341 1095 ratio-

1381 1118 1465 1143 nem,
1489 1107 1604 1138 saltem
1623 1117 1696 1138 eum
1721 1106 1841 1138 honore
1859 1105 2021 1147 dignatur,
2052 1112 2084 1137 et
2101 1106 2215 1138 saltem
2235 1106 2342 1138 animo

1382 1150 1478 1182 habet
1514 1160 1609 1190 quam
1645 1149 1784 1190 gratiam
1818 1149 1937 1180 referre
1971 1160 2034 1180 non
2065 1153 2178 1189 potest.
2232 1148 2342 1189 Quare

1381 1193 1570 1233 desperatus
1589 1197 1638 1224 est
1658 1191 1736 1224 Saul
1760 1198 1792 1223 et
1814 1201 1947 1232 prorsus
1970 1192 2112 1229 insanus,
2137 1202 2235 1232 quum
2255 1191 2342 1224 obla-

1381 1241 1446 1267 tam
1475 1235 1537 1275 ipsi
1566 1235 1706 1266 laetitiae
1736 1235 1946 1273 occasionem,
1977 1235 2009 1266 in
2041 1233 2150 1266 odium
2173 1235 2341 1272 convertit,

1380 1284 1411 1310 et
1434 1278 1575 1310 laetitiae
1597 1278 1686 1309 illius
1709 1284 1854 1309 autorem
1877 1287 1956 1309 canc
1979 1277 2071 1317 peius
2089 1281 2122 1308 et.
2140 1287 2246 1318 angue
2265 1287 2341 1309 exo-

1379 1331 1435 1352 sus
1473 1321 1686 1362 persequitur,
1724 1320 1817 1360 eique
1855 1319 2005 1351 ultimum
2039 1320 2173 1351 exitium
2207 1320 2340 1361 quaerit.

1379 1363 1599 1403 Quamobrem
1622 1362 1794 1394 Ionathani
1818 1362 1985 1403 integritas
2009 1370 2040 1394 et
2059 1362 2235 1394 liberalitas
2253 1373 2341 1394 sum-

1379 1417 1509 1447 mopere
1541 1411 1589 1437 est
1619 1405 1882 1443 commendanda,
1914 1404 1999 1444 quod
2033 1405 2133 1445 patris
2167 1406 2247 1436 vitia
2279 1416 2340 1437 non

1380 1448 1615 1486 dissimulavit,
1656 1448 1710 1480 sed
1753 1448 1800 1479 illi
1836 1454 1945 1488 aperte
1979 1457 2071 1479 suam
2105 1447 2340 1488 turpitudinem

1380 1492 1510 1524 detexit.

1463 1535 1507 1566 Et
1529 1534 1658 1575 quidem
1683 1533 1818 1565 ulterius
1841 1532 1938 1565 etiam
1963 1533 2117 1573 respexit,
2141 1543 2255 1573 nempe
2278 1544 2340 1565 non

1379 1588 1448 1610 esse
1478 1577 1539 1618 ipsi
1571 1577 1737 1618 negotium
1762 1581 1888 1608 tantum
1911 1586 1984 1607 cum
2009 1575 2147 1613 Davide,
2178 1580 2234 1607 aut
2255 1586 2341 1607 mor·

1379 1621 1435 1652 tali
1458 1625 1614 1657 creatura,
1639 1619 1694 1650 sed
1716 1629 1789 1650 cum
1813 1619 1882 1659 ipso
1904 1618 1975 1649 Deo
1999 1618 2140 1650 vivente.
2165 1618 2234 1649 Nae
2256 1618 2340 1650 mul-

1380 1668 1450 1695 tum
1480 1667 1550 1694 erat
1579 1662 1790 1702 exprobrasse
1819 1662 1902 1701 patri
1925 1660 2150 1693 crudelitatem
2180 1666 2212 1692 et
2234 1661 2342 1702 ingra-

1380 1705 1562 1745 titudinem,
1597 1710 1632 1736 ut
1666 1710 1740 1736 ante
1775 1704 1923 1741 vidimus,
1958 1703 2015 1735 sed
2049 1709 2155 1735 tamen
2189 1704 2343 1736 beneficia

1380 1749 1518 1781 Davidis
1548 1748 1592 1780 sic
1623 1755 1807 1788 exaggerat,
1839 1754 1875 1778 ut
1905 1746 1981 1778 velit
2010 1751 2136 1787 patrem
2167 1746 2206 1778 ad
2235 1745 2342 1778 Deum

1379 1793 1484 1832 ipsum
1509 1801 1686 1831 assurgere,
1709 1800 1808 1830 quum
1828 1790 1881 1828 ait,
1904 1792 1930 1821 et
1949 1789 2021 1830 fecit
2038 1788 2194 1821 Dominus
2211 1788 2343 1821 salutem

1379 1844 1525 1875 maynam
1555 1834 1698 1865 universo
1722 1833 1847 1864 Israeli.
1893 1833 1985 1864 Tune
2015 1842 2092 1873 ergo
2116 1832 2178 1863 Dei
2209 1842 2342 1864 manum

1381 1876 1603 1910 rescinderes?
1638 1876 1720 1907 Nam
1745 1875 1822 1916 quid
1845 1874 1933 1907 aliud
1956 1880 2005 1907 est
2027 1874 2136 1906 David
2159 1885 2256 1915 quam
2278 1874 2341 1906 Dei

1381 1930 1505 1958 manus,
1527 1929 1584 1959 per
1603 1929 1699 1958 quem
1718 1923 1869 1960 operatus
1888 1922 1945 1956 est,
1969 1928 2064 1958 quem
2088 1922 2123 1948 tu
2144 1924 2250 1949 tamen
2270 1928 2342 1958 per-

1381 1962 1545 2003 sequeris?
1591 1961 1675 1993 Vide
1705 1972 1780 2002 ergo
1814 1962 1943 2001 quicum
1974 1960 2031 1992 tibi
2061 1970 2112 1992 res
2142 1961 2193 1998 sit,
2227 1966 2258 1991 et
2290 1961 2342 1993 cui

1382 2006 1500 2037 bellum
1530 2004 1663 2036 indicas.
1708 2004 1777 2036 Nae
1806 2003 1890 2044 apud
1913 2003 2060 2035 homines
2083 2003 2170 2043 ipsos
2193 2002 2342 2043 perfidio-

1381 2060 1434 2080 sus
1459 2053 1489 2079 et
1512 2049 1660 2088 ingratus
1684 2047 1813 2078 audies:
1837 2051 1868 2078 et
1892 2046 1937 2078 ita
1960 2046 2088 2087 quidem
2108 2050 2144 2077 ut
2168 2045 2225 2077 tibi
2248 2055 2342 2077 nemo

1382 2091 1520 2132 amplius
1543 2089 1628 2127 fidat,
1653 2089 1708 2121 sed
1733 2095 1763 2120 te
1782 2089 1953 2121 universus
1977 2088 2113 2129 populus
2131 2088 2342 2127 abominetur,

1382 2140 1413 2165 et
1436 2133 1534 2165 dieat:
1569 2133 1685 2164 Nonne
1708 2133 1741 2164 in
1767 2132 1872 2164 Deum
1901 2142 1935 2163 es
1963 2131 2102 2163 iniurius
2124 2136 2156 2162 et
2178 2136 2342 2162 contume-

1382 2176 1502 2207 liosus?
1549 2176 1633 2207 Nam
1668 2175 1743 2215 quid
1775 2174 1862 2206 aliud
1894 2180 1942 2206 est
1973 2173 2208 2214 David.quam
2238 2174 2342 2213 imago

1382 2219 1581 2259 praesentiae
1605 2217 1687 2250 Dei?
1711 2218 1803 2249 Tune
1826 2217 1924 2259 igitur
1947 2217 2151 2249 innocentem
2171 2217 2341 2257 opprimes,

1383 2268 1414 2293 ct
1437 2262 1505 2293 Deo
1528 2261 1639 2298 invito,
1669 2271 1763 2301 quem
1788 2260 1826 2292 de
1854 2270 1911 2292 suo
1934 2260 2011 2291 solio
2035 2269 2098 2291 non
2121 2263 2210 2299 potes
2234 2258 2342 2291 detur-

1384 2305 1468 2341 bare,
1510 2314 1582 2335 eum
1616 2304 1705 2336 euius
1739 2314 1816 2335 usus
1850 2308 1898 2334 est
1930 2301 2108 2334 ministerio
2144 2301 2340 2334 trucidabis?

1384 2347 1477 2382 Eum,
1507 2347 1648 2386 inquam,
1679 2346 1770 2378 cuius
1793 2346 1981 2377 memoriam
2004 2347 2132 2376 exstare
2155 2349 2343 2385 perpetuam

1384 2395 1517 2428 oportet,
1540 2388 1622 2430 quod
1646 2389 1715 2420 eius
1737 2399 1835 2420 manu
1856 2388 1972 2419 fuimus
1996 2398 2012 2419 e
2029 2387 2172 2427 periculo
2196 2387 2342 2428 proximo

1385 2431 1534 2463 liberati?
1579 2431 1703 2464 Idcirco
1727 2431 1807 2463 benc
1830 2430 1993 2463 concludit
2013 2430 2230 2462 Ionathanus:
2255 2430 2343 2462 Cave

1385 2484 1460 2514 ergo
1484 2485 1594 2514 pecces
1617 2475 1650 2505 in
1674 2474 1831 2515 sanguine
1855 2473 1996 2510 innoxio,
2020 2473 2217 2504 interficiens
2242 2473 2342 2504 Davi-

1386 2517 1467 2554 dem,
1491 2517 1544 2557 qui
1567 2522 1617 2548 est
1640 2516 1758 2557 absque
1781 2517 1882 2557 culpa.
1928 2515 2018 2547 Haec
2042 2525 2119 2556 ergo
2141 2514 2343 2547 Ionathanus

1385 2559 1470 2599 apud
1501 2565 1623 2599 patrem
1657 2559 1799 2600 protulit,
1834 2568 1916 2599 quae
1951 2559 2078 2599 scriptis
2113 2558 2181 2589 dari
2213 2566 2343 2590 sanctus

1385 2602 1518 2642 spiritus
1541 2603 1651 2641 voluit,
1682 2609 1717 2634 ut
1749 2613 1788 2634 ex
1816 2601 1856 2633 iis
1879 2601 1990 2633 utilem
2014 2600 2194 2632 doctrinam
2218 2601 2344 2633 hauria-

1385 2655 1465 2681 mus,
1500 2652 1529 2676 et
1559 2645 1679 2687 singuli
1714 2644 1804 2676 nobis
1833 2644 1913 2685 ipsis
1943 2644 2176 2676 admonitiones
2205 2644 2283 2676 istas
2311 2647 2344 2675 et
