2551 3044
222 213 280 243 717

222 306 345 338 aeterni
377 316 484 336 amore
515 310 545 335 et
579 303 734 335 desiderio
768 304 976 344 contempsit:
1014 311 1045 335 et
1075 310 1182 335 tamen

222 351 291 381 sine
315 348 498 379 discrimino
517 346 557 377 ab
579 346 809 377 incircumcisis
833 356 944 377 caesus
967 357 1039 378 cum
1063 347 1185 386 reliqua
1210 373 1211 379 ,

222 392 314 432 plebe
338 391 485 426 moritur,
508 396 539 420 et
563 388 701 419 cadaver
723 389 825 427 ipsius
844 389 1056 429 ignominiose
1076 394 1183 429 rapta-

223 440 284 471 tur,
319 438 360 471 et,
395 438 431 463 ut
464 431 560 472 paulo
590 436 662 470 post
694 430 856 462 videbitur
891 433 1011 463 honore
1045 432 1183 472 sepulcri
1210 446 1211 467 ι

223 477 385 517 privatur:
419 485 455 505 ac
486 473 619 513 proinde
650 472 785 503 oblitum
816 474 918 513 ipsius
947 474 1054 505 Deum
1086 474 1184 505 fuisso

223 519 354 550 dixeris.
399 516 484 548 Sane
515 515 560 546 ita
583 515 726 555 contigit,
757 516 812 546 sed
844 528 906 547 non
938 517 1007 548 ideo
1030 528 1103 557 spes
1127 527 1185 547 sua

223 562 315 592 illum
338 560 494 590 frustrata
516 562 580 588 est:
611 568 710 598 regno
734 559 817 589 enim
843 565 978 596 terreno,
1001 560 1084 599 quod
1108 559 1184 590 hae-

223 603 374 635 reditario
404 601 473 631 iure
504 600 565 640 ipsi
595 600 778 639 debebatur,
808 608 921 640 sponte
944 609 1091 639 cesserat,
1116 602 1185 632 Deo

223 655 344 677 morem
367 648 403 674 ut
426 648 561 683 gereret.
594 642 736 683 Longius
759 654 834 684 ergo
858 655 952 683 quam
976 645 1010 674 in
1034 655 1184 684 praesen·
1210 662 1211 671 κ

223 695 288 719 tem
318 685 476 717 mundum
510 685 706 725 intuebatur,
740 685 873 725 ideoque
904 686 994 717 Deus
1028 688 1133 727 ipsum
1168 697 1185 717 e

222 730 318 762 terris
346 728 380 759 in
410 738 501 758 suam
530 728 668 767 quietem
700 730 852 759 evocavit.
899 730 1004 769 Atque
1035 730 1087 760 hic
1117 733 1184 760 esto

222 773 356 809 fructus,
375 771 453 801 haec
472 769 596 801 utilitas
615 781 710 810 quam
733 781 772 801 ex
793 771 888 802 huius
902 772 1053 802 historiae
1072 783 1184 802 narra-

222 816 307 846 tione
330 813 550 854 percipiemus.

306 856 478 887 Caeterum
509 865 573 885 non
605 859 696 886 tanta
726 856 786 886 fnit
809 856 1032 888 Israelitarum
1057 856 1185 895 caedes,

220 899 297 940 quin
333 898 580 938 promissionum
613 908 747 928 suarum
782 909 904 929 memor
934 900 1024 930 Deus
1059 909 1183 939 semper

220 942 333 973 fuerit:
365 940 637 980 quemadmodum
669 940 818 980 deinceps
849 952 867 972 a
887 942 1013 973 Davide
1044 942 1184 973 redinte-

219 988 349 1024 gratum
381 983 491 1023 populi
522 983 642 1013 statum
672 983 867 1014 videbimus:
900 985 959 1016 etsi
994 985 1033 1016 ad
1059 992 1184 1024 tempus
1210 980 1211 999 ³

218 1027 310 1058 Deus
344 1036 439 1057 suum
473 1025 631 1056 auxilium
667 1031 697 1056 et
733 1026 906 1057 beneficam
942 1038 1074 1058 manum
1109 1027 1211 1058 sub-¹

219 1069 350 1100 duxisse
373 1069 464 1099 visus
486 1072 544 1107 est,
573 1072 605 1099 et
627 1068 738 1108 populi
761 1079 870 1099 curam
895 1069 1057 1107 abiecisse,
1088 1080 1184 1109 quem

218 1112 253 1143 in
275 1121 368 1143 suam
390 1110 574 1141 clientelam
594 1116 769 1151 receperat.
793 1112 860 1142 Nos
880 1112 978 1151 igitur
997 1113 1057 1143 hoc
1075 1123 1183 1143 exem-

218 1154 272 1194 plo
308 1153 469 1185 discamus
503 1163 541 1184 ea
575 1162 667 1193 posse
700 1153 842 1185 incidere
877 1160 1032 1194 tempora,
1068 1160 1100 1185 et
1130 1165 1211 1196 easg

218 1200 427 1236 tempestates
450 1195 567 1235 quibus
591 1201 697 1227 actum
720 1196 759 1227 de
782 1197 915 1228 ecclesia
938 1197 1102 1228 videatur:
1129 1197 1184 1228 sed

217 1239 325 1270 Deum
339 1238 659 1278 incomprehensibili
671 1239 797 1269 ratione
809 1240 985 1270 remedium
1001 1239 1184 1277 allaturum,
1209 1246 1211 1256 l

218 1281 362 1321 adeoque
396 1281 630 1312 suscitaturum
664 1281 704 1312 ad
738 1282 838 1321 ipsius
871 1282 1007 1314 tutelam
1041 1293 1095 1313 eos
1128 1283 1184 1322 qui

217 1324 337 1355 mortui
361 1322 562 1354 videbantur.
599 1323 695 1354 Hanc
718 1323 756 1354 ob
780 1335 907 1355 causam
930 1325 1084 1365 propheta
1107 1325 1184 1355 dicit

217 1367 252 1397 in
281 1366 437 1404 Psalmis,
471 1366 625 1406 populum
656 1371 800 1397 creatum
832 1366 937 1398 Deum
967 1367 1182 1398 laudaturum.

220 1408 286 1441 Sed
312 1409 351 1440 de
375 1408 426 1439 his
456 1408 536 1439 alias
566 1409 728 1448 pluribus:
760 1410 792 1440 in
817 1410 1001 1449 praesentia
1023 1410 1183 1441 discamus

217 1456 284 1483 tam
330 1451 530 1482 horrendum
574 1451 760 1491 exemplum
810 1453 974 1483 intuentes
1022 1452 1183 1484 vindictae

218 1494 357 1534 divinae,
380 1493 600 1533 permittentis
625 1494 780 1533 populum
805 1505 898 1526 suum
923 1495 1111 1526 Philistaeis
1135 1497 1183 1526 in-

218 1536 423 1573 circumcisis,
448 1536 503 1575 qui
526 1535 588 1566 Dei
613 1547 730 1567 nomen
750 1537 788 1567 de
808 1537 926 1577 populo
945 1538 1185 1578 triumphantes

217 1578 415 1618 blasphemis
434 1578 566 1609 vocibus
584 1579 844 1618 proscindebant,
864 1590 930 1611 non
947 1580 1033 1611 ultra
1051 1580 1184 1611 modum

218 1621 381 1657 admirari,
419 1621 475 1652 sed
504 1621 566 1652 Dei
604 1621 722 1653 iudicia
759 1622 865 1662 potius
900 1623 1111 1663 suspiciamus
1138 1619 1211 1700 itai

217 1674 292 1695 suos
311 1663 497 1704 affligentis,
516 1668 553 1694 ut
571 1663 706 1695 vulnera
724 1664 868 1705 ipsorum
888 1676 952 1696 non
971 1665 1067 1696 modo
1080 1670 1184 1703 sanet,

217 1716 331 1738 verum
353 1706 450 1738 etiam
474 1716 514 1737 ex
537 1705 639 1746 ipsius
658 1707 797 1747 sepulcri
820 1708 965 1739 faucibus
983 1708 1108 1749 eripiat,
1132 1708 1183 1739 vel

216 1760 257 1780 ex
279 1748 359 1789 ipsis
383 1749 506 1788 abyssis
529 1759 695 1790 emergere
716 1750 823 1781 faciat.
872 1789 877 1794 ᾖ

302 1792 521 1822 Transeamus
550 1801 646 1831 porro
676 1791 716 1823 ad
746 1803 850 1832 genus
878 1794 991 1824 mortis
1014 1803 1077 1833 quo
1101 1792 1183 1825 Saul

218 1834 359 1865 interiit:
414 1833 566 1865 dicuntur
616 1835 702 1865 enim
746 1845 821 1866 eum
860 1836 1018 1876 sagittarii
1070 1846 1182 1867 conse-

218 1876 312 1916 quuti
360 1875 559 1907 vulnerasse.
624 1876 822 1917 Quanquam
870 1878 961 1910 varie
1010 1889 1073 1909 vox
1129 1878 1183 1909 he—

218 1919 316 1950 braea
348 1919 501 1949 vertitur:
547 1919 601 1949 alii
635 1920 719 1950 enim
754 1925 897 1959 vertunt,
932 1932 1003 1952 eum
1038 1922 1183 1952 timuisse

218 1961 314 1992 valde
337 1971 356 1992 a
378 1961 564 2001 sagittariis,
589 1965 621 1992 et
643 1962 676 1993 in
700 1962 873 1995 Chronicis
896 1963 949 1994 ubi
969 1964 1047 1995 haec
1069 1964 1182 1995 eadem

218 2003 318 2034 verba
341 2008 534 2043 repetuntur
558 2003 679 2036 dicitur
702 2005 742 2036 ab
765 2006 843 2045 ipsis
867 2007 1064 2043 vulneratus,
1094 2007 1181 2038 unde

218 2046 376 2086 quaedam
397 2046 500 2077 oritur
520 2046 709 2078 difficultas:
732 2048 787 2079 sed
807 2059 888 2088 quae
911 2060 975 2080 non
1000 2055 1049 2080 est
1071 2049 1182 2090 magni

218 2089 389 2126 momenti,
423 2098 499 2119 nam
533 2100 647 2128 parum
680 2090 824 2128 interest,
858 2091 988 2123 dicasne
1021 2091 1129 2131 ipsum
1163 2102 1182 2123 a

220 2131 396 2172 sagittariis
407 2131 625 2170 vulneratum,
649 2142 689 2163 an
702 2143 780 2164 vero
799 2133 833 2164 in
856 2144 991 2174 magnas
1013 2135 1180 2175 augustias
1206 2141 1207 2150 ³

220 2174 324 2214 ipsum
355 2173 483 2205 venisse
509 2180 640 2214 propter
663 2180 834 2215 sequentes
856 2177 962 2216 ipsum
986 2177 1179 2217 sagittarios.

219 2216 294 2247 Non
324 2215 452 2247 videtur
483 2222 590 2247 autem
619 2218 813 2256 verisimile,
845 2219 943 2250 fuisse
973 2220 1180 2251 vulneratum

220 2259 260 2290 ab
289 2258 380 2298 ipsis,
405 2259 512 2298 aliqua
533 2261 675 2299 corporis
698 2265 805 2300 parte:
835 2261 891 2292 sed
914 2262 1058 2302 graviter
1081 2263 1180 2294 afflic-

221 2306 300 2338 tum,
324 2305 355 2331 et
373 2301 474 2332 veluti
493 2302 619 2342 sagittis
642 2313 696 2334 cor
719 2304 820 2343 ipsius
843 2314 882 2335 ex
907 2314 1050 2336 moerore
1073 2310 1180 2337 trans-

220 2344 333 2382 fixum,
355 2353 374 2374 a
391 2345 657 2384 persequentibus
676 2346 783 2385 ipsum
802 2347 987 2386 sagittariis.
1012 2347 1051 2378 In
1074 2352 1181 2379 tantas

220 2386 322 2427 igitur
349 2387 516 2427 augustias
539 2388 699 2425 redactus,
730 2389 844 2420 dicitur
867 2390 1056 2429 armiyerum
1078 2400 1180 2427 suum,

221 2427 304 2470 (erat
322 2429 410 2459 enim
432 2429 564 2460 illorum
588 2434 769 2471 temporum
793 2432 996 2468 consuetudo,
1020 2442 1101 2472 quae
1125 2433 1181 2464 ad-

221 2472 286 2503 huc
307 2471 442 2510 obtinet,
472 2476 508 2502 ut
538 2471 694 2504 haberent
725 2474 821 2505 duces
845 2475 901 2514 qui
924 2485 1014 2505 arma
1036 2476 1179 2514 ipsorum

222 2513 384 2555 gererent)
412 2515 543 2545 iussisse
564 2516 705 2555 gladium
735 2517 910 2557 evayinare,
939 2520 965 2548 et
987 2518 1091 2557 ipsum
1108 2528 1179 2557 per—

221 2558 330 2594 cutere,
352 2566 390 2587 ne
417 2558 504 2596 forte,
530 2557 647 2597 inquit.
677 2560 802 2590 veniant
830 2560 1039 2591 incircumcisi
1061 2561 1123 2598 isti,
1154 2563 1181 2592 et

221 2598 409 2637 interficiant
436 2609 483 2630 me
515 2599 676 2632 illudentes
703 2601 790 2632 mihi.
837 2602 901 2632 Sed
927 2603 986 2634 hoc
1009 2609 1180 2634 recusante

222 2642 393 2681 armigero,
416 2642 574 2682 arripiens
598 2643 676 2675 Saul
697 2644 847 2683 qladiwn,
870 2646 967 2676 irruit
986 2656 1080 2684 super
1102 2656 1178 2677 etima.
1205 2652 1207 2681 ζ

860 212 907 242 IN
926 212 951 242 I.
977 212 1064 242 LIB.
1090 213 1287 244 SAMUEL.
1312 214 1405 243 CAl'.
1430 214 1560 245 XXXI.
2135 217 2192 244 Ti<

1242 307 1328 343 Quod
1354 317 1447 344 quam
1476 308 1600 338 vidisset
1629 310 1762 348 arntiam·
1790 310 1863 348 pins,
1891 310 1981 339 irruit
2010 310 2102 339 eticmz
2130 310 2196 348 ipse

1237 358 1330 386 super
1358 349 1498 387 (studium
1521 360 1619 383 snum,
1649 354 1675 381 el
1698 354 1835 382 mortuus
1857 354 1899 381 cst
1921 362 1989 381 rum
2011 362 2050 382 eo.
2096 351 2123 382 F
2127 359 2195 382 orte

1210 390 1363 421 *facinus
1402 392 1484 421 istud
1522 393 1687 424 hominum
1720 394 1870 433 opinione
1902 393 2079 431 videretur,
2112 395 2193 434 quod

1237 442 1342 462 corani
1368 433 1436 463 Deo
1468 439 1575 465 tamen
1607 436 1802 466 horrendum
1834 443 1865 467 et
1897 436 2121 467 detestandum
2146 443 2193 467 est

1210 502 1211 511 ,
1238 475 1367 506 crimen.
1398 476 1464 505 Nae
1489 487 1600 507 omncs
1624 489 1724 517 paene
1748 479 1867 509 ethnici
1893 480 2019 519 magnis
2044 479 2192 510 laudibus

1210 527 1292 562 ¹eos
1327 518 1529 553 extulerunt,
1565 521 1617 559 qui
1652 520 1709 551 sibi
1744 521 1822 560 ipsis
1856 532 1970 551 manus
2004 522 2192 555 intulerunt,

1237 570 1333 599 quum
1349 560 1439 590 nulla
1458 571 1530 599 spos
1546 563 1683 601 amplius
1698 569 1781 594 esset
1804 565 1888 603 ipsos
1915 564 2053 594 hostium
2078 575 2194 595 manus

1238 603 1379 642 effugere
1410 613 1513 642 posse.
1559 605 1699 635 Mortem
1730 607 1813 636 enim
1845 607 1922 645 ipsis
1952 617 2015 636 non
2041 607 2192 637 metuisse

1238 644 1400 682 dixerunt,
1432 651 1462 675 et
1492 647 1589 677 fortes
1618 649 1740 679 animos
1772 648 1937 688 habuisse,
1968 649 2071 679 vitam
2103 650 2191 687 parvi

1210 688 1406 731 ¹facientes:
1445 688 1597 719 honorem
1635 695 1666 720 et
1703 691 1891 731 dignitatem
1922 692 2017 722 rebus
2047 692 2194 722 omnibus

1238 731 1467 769 anteposuisse,
1491 735 1521 761 et
1545 733 1753 771 ignominiam
1769 740 1798 763 et
1816 733 1951 765 dedecus
1966 734 1996 764 in
2014 733 2098 773 quod
2117 735 2194 763 invi—

1238 772 1361 803 dissent
1392 773 1423 803 in
1457 773 1595 804 hostium
1624 781 1810 813 potestatem
1835 780 2011 811 venientes,
2043 776 2193 816 effugisse

1239 815 1403 854 praeclara
1416 822 1532 846 morte:
1553 816 1676 848 Idcirco
1690 818 1781 848 multi
1802 819 1896 849 ctiam
1917 820 1970 858 qui
1996 819 2027 849 in
2052 819 2193 849 hostium

1238 864 1427 897 potestatem
1458 859 1577 889 incauti
1608 860 1805 895 ceciderant,
1844 861 2018 892 laudantur
2049 862 2088 892 ab
2117 862 2195 901 ipsis

1238 902 1321 939 quod
1339 907 1473 931 mortem
1493 902 1551 932 sibi
1570 902 1774 936 consciscere.
1799 914 1893 942 quam
1918 915 2024 934 coram
2050 905 2195 935 hostibus

1238 943 1331 973 deiici
1356 943 1547 974 maluerint:
1580 950 1611 975 et
1636 945 1719 984 quod
1750 946 1848 976 armis
1873 958 1934 976 non
1960 952 2108 985 poterant
2132 947 2195 977 alia

1238 986 1352 1025 quavis
1381 986 1504 1017 ratione
1534 994 1738 1018 conarentur.
1785 988 1839 1019 Sic
1868 989 2020 1028 quosdam
2049 990 2196 1029 legimus,

1237 1038 1334 1067 quum
1362 1039 1399 1058 ex
1431 1029 1567 1060 vnlnere
1597 1030 1680 1060 mori
1710 1041 1772 1060 non
1804 1041 1941 1069 possent,
1970 1032 2053 1071 quod
2085 1042 2195 1063 eorum

1237 1081 1313 1101 eura
1343 1071 1480 1110 diligens
1510 1071 1693 1108 haberetur,
1723 1078 1869 1104 ventrem
1902 1075 1960 1104 sibi
1992 1074 2139 1111 laniasse,
2163 1080 2195 1105 ct

1237 1123 1270 1144 se
1300 1113 1386 1152 ipsos
1417 1120 1630 1146 exenterasse.
1675 1115 1817 1155 Insignis
1841 1126 1918 1147 sane
1942 1117 2108 1147 bominum
2131 1118 2195 1157 opi-

1237 1155 1335 1185 nione
1354 1157 1458 1186 virtus
1477 1164 1524 1187 est
1548 1154 1797 1197 magnanimitas
1821 1169 1955 1198 summa,
1980 1169 2074 1198 quam
2099 1160 2194 1190 etiam

1237 1197 1276 1229 ob
1306 1209 1435 1229 cansam
1466 1199 1618 1230 docentes
1648 1200 1753 1230 virum
1785 1201 1902 1231 fortem
1934 1211 2024 1241 posse
2059 1202 2194 1233 dedecus

1237 1245 1269 1271 et
1291 1240 1502 1280 ignominiam
1527 1242 1677 1282 effugere,
1710 1242 1862 1273 dixerunt
1885 1245 1990 1284 ipsum
2016 1245 2116 1275 vitam
2138 1245 2194 1275 ha-

1237 1283 1312 1314 bere
1330 1284 1363 1313 in
1383 1294 1441 1314 sua
1460 1289 1627 1323 potestate,
1651 1286 1792 1325 gladium
1819 1286 1868 1316 vel
1893 1288 2067 1326 pugionem
2096 1298 2193 1317 manu

1237 1330 1434 1366 gestantem:
1463 1327 1579 1366 quibus
1611 1327 1832 1359 deficientibus
1862 1335 2014 1369 quotquot
2038 1336 2113 1360 sunt
2134 1331 2194 1360 flu-

1236 1369 1333 1406 mina,
1363 1373 1522 1408 quotquot
1551 1370 1647 1410 putei,
1678 1370 1810 1401 totidem
1842 1382 1911 1402 esse
1934 1371 2076 1412 fugiendi
2101 1372 2193 1403 dede-

1237 1412 1318 1442 coris
1337 1416 1368 1441 et
1388 1411 1582 1451 ignominiae
1600 1412 1804 1444 adminicula.
1836 1413 1905 1445 Ista
1929 1415 2059 1445 fuerunt
2082 1424 2193 1446 eorum

1238 1454 1292 1493 qui
1311 1454 1538 1493 sapientissimi
1562 1455 1742 1495 philosophi
1766 1456 1941 1487 existimati
1966 1462 2051 1495 sunt,
2075 1463 2106 1488 et
2129 1458 2194 1488 vir—

1237 1496 1316 1527 tutis
1339 1497 1553 1528 amantissimi
1576 1498 1719 1536 consilia,
1743 1499 1860 1538 quibus
1884 1499 2032 1530 laudibus
2054 1501 2194 1531 aeternis

1237 1538 1441 1570 honorandos
1464 1544 1495 1569 et
1520 1540 1751 1579 praedicandos
1774 1552 1827 1572 eos
1849 1550 2054 1582 censuerunt,
2079 1543 2133 1582 qui
2153 1554 2193 1573 ne

1236 1581 1270 1611 in
1301 1581 1441 1612 hostium
1472 1587 1663 1622 potestatem
1694 1584 1861 1615 venientes
1892 1584 2028 1616 dedecus
2056 1591 2089 1616 et
2110 1585 2193 1615 infa-

1236 1624 1335 1654 miam
1361 1624 1507 1655 subirent
1530 1625 1590 1656 sibi
1612 1626 1692 1665 ipsis
1711 1627 1829 1657 inferre
1853 1637 1968 1658 manus
1991 1633 2192 1668 mortemque

1235 1667 1431 1697 consciscere
1469 1677 1533 1697 non
1564 1668 1824 1700 reformidarunt.
1876 1670 1927 1700 Ex
1958 1680 2093 1709 quorum
2123 1680 2193 1701 sen-

1235 1709 1336 1739 tentia
1359 1708 1437 1740 Saul
1468 1711 1695 1750 magnanimus
1726 1716 1758 1742 et
1788 1712 1878 1743 fortis
1909 1712 2064 1744 dicendus
2094 1720 2192 1744 esset:

1234 1751 1287 1791 qui
1306 1756 1413 1782 tamen
1433 1762 1539 1783 coram
1553 1753 1624 1784 Deo
1647 1754 1792 1785 criminis
1816 1754 1967 1785 horrendi
1992 1765 2066 1786 reus
2088 1756 2193 1787 factus

1234 1799 1292 1825 est.
1337 1794 1449 1834 Neque
1479 1795 1565 1826 enim
1597 1795 1859 1827 Christianorum
1891 1797 2059 1829 hominum
2089 1798 2193 1830 virtus

1234 1842 1266 1867 et
1284 1838 1463 1867 constantia
1486 1848 1527 1868 ex
1556 1838 1764 1878 profanorum
1788 1840 1939 1879 opinione
1969 1846 2002 1870 et
2032 1841 2194 1872 sententia

1234 1879 1396 1910 metienda
1416 1885 1473 1911 est.
1508 1880 1730 1912 Vehementer
1749 1882 1834 1912 enim
1858 1882 2017 1913 falluntur
2040 1884 2094 1923 qui
2118 1894 2192 1915 con-

1234 1923 1386 1953 stantiam
1411 1923 1566 1954 invictam
1597 1923 1784 1955 existimant
1812 1924 2069 1964 desperationem
2092 1926 2192 1957 animi

1232 1970 1263 1996 et
1293 1965 1546 2004 impatientiam,
1575 1976 1656 2006 quae
1686 1967 1763 1998 facit
1794 1972 1830 1998 ut
1864 1968 2011 1998 fraenum
2037 1969 2191 1999 arrodens

1233 2008 1347 2047 aliquis
1378 2017 1448 2038 sese
1471 2008 1521 2039 vel
1545 2010 1578 2039 in
1602 2010 1709 2048 ignem
1733 2009 1786 2040 vel
1808 2010 1839 2040 in
1864 2020 1961 2050 aquas
1984 2012 2191 2051 praecipitem

1232 2051 1342 2081 iaciat:
1382 2050 1437 2081 sed
1471 2050 1565 2089 longe
1595 2052 1689 2082 aliter
1717 2052 1806 2083 Deus
1834 2052 1873 2083 de
1903 2053 2071 2084 hominum
2099 2054 2191 2085 factis

1232 2092 1361 2129 iudicat,
1392 2097 1424 2123 et
1452 2092 1492 2124 ad
1522 2093 1618 2124 aliam
1648 2098 1800 2125 stateram
1829 2095 1989 2135 appendit.
2034 2096 2102 2127 Nos
2130 2097 2191 2127 ita—

1231 2146 1292 2175 que
1314 2135 1475 2166 discamus
1498 2140 1611 2167 contra
1629 2137 1764 2177 singulis
1787 2138 1954 2169 momentis
1973 2139 2013 2169 ad
2045 2144 2191 2177 mortem,

1206 2215 1207 2218 Ἰ
1232 2178 1360 2208 iubente
1383 2177 1463 2215 Deo,
1494 2189 1563 2210 esse
1585 2180 1706 2218 parati:
1737 2180 1791 2210 sed
1815 2180 1945 2211 interim
1969 2187 2191 2222 exspectemus

1232 2227 1268 2251 ut
1290 2221 1343 2260 qui
1366 2231 1423 2251 nos
1445 2221 1479 2251 in
1508 2221 1567 2253 hoc
1590 2222 1709 2253 mundo
1732 2233 1877 2254 summus
1900 2223 2073 2263 imperator
2095 2224 2191 2255 collo-

1233 2263 1326 2299 cavit,
1358 2273 1397 2294 ex
1427 2263 1539 2294 eodem
1570 2270 1690 2296 evocet.
1735 2265 1828 2301 Nam,
1861 2265 2000 2303 obsecro,
2025 2267 2095 2306 quis
2117 2277 2190 2298 eum

1232 2306 1369 2336 militem
1406 2305 1597 2344 laudaverit,
1636 2307 1691 2347 qui
1723 2308 1830 2339 iussus
1865 2308 1904 2338 ab
1935 2309 2128 2348 imperatore
2158 2309 2189 2340 in

1232 2348 1359 2387 specula
1390 2358 1530 2387 manere,
1556 2349 1589 2380 in
1612 2349 1718 2381 hostes
1742 2351 1895 2390 impetum
1919 2350 2041 2389 fecerit,
2070 2356 2105 2382 ut
2128 2352 2189 2382 for-

1233 2390 1378 2421 titudinis
1410 2391 1535 2422 laudem
1567 2392 1731 2432 acquirat?
1777 2392 1864 2424 Sane
1887 2394 2074 2424 temeritatis
2098 2404 2189 2426 accu-

1232 2434 1365 2469 sabitur,
1388 2434 1479 2465 cuius
1502 2435 1634 2465 meritas
1658 2445 1776 2475 poenas
1795 2435 1917 2477 licens).
1943 2435 1997 2467 Sic
2018 2436 2109 2467 Deus
2133 2447 2190 2467 nos

1231 2476 1265 2506 in
1290 2476 1348 2507 hoc
1373 2476 1494 2507 mundo
1517 2477 1685 2509 collocatos
1708 2479 1779 2509 vult
1802 2479 1836 2509 in
1859 2478 1970 2510 eodem
1995 2489 2137 2517 manere⁷
2160 2486 2189 2509 et

1232 2529 1250 2549 a
1289 2518 1426 2549 statione
1460 2519 1494 2549 in
1529 2529 1591 2559 qua
1631 2521 1797 2552 constituit
1831 2531 1889 2551 nos
1929 2531 1992 2552 nou
2028 2521 2189 2560 decedere,

1232 2561 1331 2591 donec
1364 2561 1499 2601 ipsemet
1528 2562 1667 2593 iusserit.
1719 2563 1937 2602 Quamobrem
1972 2574 2030 2595 nos
2064 2565 2096 2595 in
2131 2565 2190 2595 hac

1317 2653 1345 2685 ‘)
1368 2653 1452 2686 Leqe:
1472 2655 1530 2679 luet.
