2551 3044
333 210 393 240 115

334 304 420 339 olim,
451 300 532 341 quod
562 308 590 331 et
615 310 700 331 nune
728 299 1015 340 pseudochristiani
1051 298 1203 339 papistici,
1237 298 1290 338 qui
1315 302 1317 323 l

336 347 374 376 :ib
398 344 535 375 ethnicis
559 342 652 374 modo
674 343 731 373 hos
744 342 837 373 modo
855 342 926 373 illos
948 343 1027 373 ritus
1053 341 1188 372 mutuati
1207 346 1291 378 sunt,

337 396 365 418 et
403 396 529 426 semper
563 386 642 416 alios
674 386 745 416 aliis
778 385 995 416 cumularunt.
1054 384 1291 423 Nonnunquam

339 440 412 461 vero
448 430 490 460 sic
521 438 539 458 a
570 428 639 459 Deo
675 428 827 459 recedunt
863 428 1016 465 homines,
1054 435 1084 457 ut
1119 435 1224 456 tumen
1261 426 1317 456 in*

337 474 440 513 pecie
471 470 679 502 condemnari
714 480 778 500 non
810 471 943 510 possint.
988 452 1136 509 E’xenipli
1171 468 1292 509 gratia:

338 515 406 546 Iud·
410 515 448 544 iei
474 513 687 554 praescriptos
711 524 728 543 a
752 512 822 543 Deo
846 513 927 544 ritus
952 513 982 543 iu
1014 513 1082 553 lege
1106 522 1197 550 saepe
1221 510 1292 541 dili—

337 566 451 599 genter
474 556 696 592 observarunt,
721 555 861 586 oblatis
855 566 887 585 in
902 555 963 586 Dei
981 555 1097 595 templo
1122 553 1292 591 sacrificiis,
1316 589 1318 596 J

337 585 369 631 fit
392 599 526 630 caeteris
557 599 703 629 nmnibus
734 608 815 638 quae
846 597 916 638 lege
940 598 1215 645 praeeipiibantur
1238 596 1291 627 ob·
1316 598 1318 625 ἱ

337 643 482 674 servatis.
536 641 601 673 Sed
632 641 761 671 interim
793 640 854 672 Dei
889 641 1027 671 nominis
1060 646 1318 686 contemptores,

339 692 439 722 erant,
464 684 614 715 falsitatis
638 691 667 714 et
693 682 875 714 rebellionis
905 693 1011 714 coram
1042 684 1108 722 ipso
1137 681 1195 711 iei'
1220 691 1291 713 cru-

339 728 424 759 deles
448 733 476 758 et
504 727 625 766 perfidi,
650 725 824 774 fraudibus,
848 726 968 766 rapinis
991 732 1020 756 et
1041 724 1164 773 praedis
1184 723 1291 761 dediti,
1316 726 1317 731 ¹

339 772 392 811 qui
425 779 528 800 tamen
555 769 622 800 Deo
646 769 855 800 caeremoniis
888 768 952 800 illis
985 768 1126 799 externis
1161 766 1318 814 pulchre,

339 813 537 844 satisfactum
563 811 722 843 v.olebant
767 810 861 843 Unde
885 811 997 842 merito
1027 810 1233 849 conqueritur
1254 809 1292 840 de

339 856 404 887 illis
429 854 597 891 Dominus,
629 854 794 894 inquiens:
826 853 877 884 An
907 853 1018 885 domus
1043 864 1111 884 mea
1141 851 1293 892 spelunca

340 906 387 930 est
420 896 603 928 latronum?
650 896 716 928 Vos
746 897 830 927 enim
859 896 946 936 pleni
976 897 1051 927 estis
1076 895 1204 942 rapinis.
1250 894 1293 925 Et
1317 877 1319 918 l

341 940 425 981 apud
456 939 626 971 Ieremiam
656 939 846 979 prophetam
871 939 899 970 7.
931 940 1032 979 capite
1063 938 1150 969 Deus
1181 937 1226 968 ita
1254 937 1294 968 de

343 984 405 1015 illis
428 983 652 1022 conqueritur:
689 981 844 1013 Venitisne
866 982 899 1012 in
927 982 1070 1021 templum
1092 990 1190 1011 meum
1213 979 1289 1011 obla

343 1027 406 1058 luri
434 1036 512 1065 quae
539 1024 619 1055 mihi
649 1027 720 1055 sunt
751 1023 988 1055 abominationi!
1024 1023 1093 1054 Nae
1123 1033 1171 1063 yo
1204 1033 1253 1054 vos
1275 1033 1294 1053 α

340 1069 422 1109 facie
451 1078 517 1099 mea
548 1067 698 1105 reiiciam,
725 1067 808 1106 ferre
838 1077 888 1098 vos
917 1067 1052 1107 cmzplius
1075 1076 1132 1097 uon
1157 1075 1295 1114 possunu

343 1113 385 1144 Et
416 1110 498 1150 apud
530 1110 676 1141 Esaiam:
716 1109 776 1148 Qui
808 1109 944 1141 immolat
976 1109 1085 1144 bovem,
1119 1109 1208 1147 quasi
1241 1109 1296 1148 qui

345 1153 505 1191 inttrliciat
527 1153 643 1184 virum:
667 1153 720 1191 qui
742 1154 854 1183 mactat
871 1162 975 1192 pecus,
998 1152 1089 1190 quasi
1111 1162 1164 1190 ιμιῑ
1182 1161 1296 1182 exceie-

343 1198 404 1228 brrt
427 1205 546 1227 canem:
568 1196 621 1234 qui
642 1196 727 1234 offert
746 1194 933 1235 oblationem,
953 1195 1043 1233 quasi
1054 1194 1105 1233 qui
1117 1194 1296 1234 sanquinem

343 1239 472 1271 suillum
495 1239 616 1273 offerat:
639 1238 691 1276 qui
714 1237 892 1268 recordatur
913 1237 1024 1275 thuris,
1055 1236 1144 1275 quasi
1173 1237 1227 1275 qut
1249 1236 1296 1267 be—

345 1282 464 1313 nedicat
486 1280 574 1312 idolo.
620 1280 704 1311 Hace
725 1280 829 1311 omnia
852 1280 1001 1320 elegerunt
1025 1280 1057 1310 iu
1087 1279 1144 1309 ciis
1166 1280 1241 1316 suis,
1271 1282 1298 1310 et

346 1326 374 1356 in
407 1322 686 1354 ‹ibmninationibus
713 1323 782 1353 suis
808 1323 915 1354 anima
945 1332 1050 1353 eorum
1078 1321 1221 1352 delectata
1244 1325 1295 1353 est.

344 1367 468 1399 Idcirco
492 1366 586 1396 etiam
601 1365 730 1396 Psalmo
750 1364 792 1396 50
803 1364 893 1396 Deus
912 1364 1090 1396 istiusmodi
1116 1364 1296 1404 hypocritas

344 1410 389 1442 sic
412 1408 594 1448 compellat:
627 1407 789 1447 Numquid
810 1407 963 1439 comedam
985 1416 1106 1438 carnem
1128 1410 1298 1445 taurorum,

344 1456 371 1484 et
403 1451 583 1491 sanquinem
616 1450 772 1481 hircorum
804 1449 931 1481 bibam?
979 1450 1047 1481 Nou
1081 1450 1230 1488 accipiam
1264 1450 1299 1481 (Ie

345 1495 431 1526 domo
453 1497 505 1524 tua
528 1493 647 1531 viculos,
671 1502 763 1532 neque
785 1493 821 1524 de
837 1492 983 1534 yreyibus
1000 1493 1063 1523 tuis
1092 1491 1205 1523 hircos:
1227 1503 1297 1532 quo-

348 1538 432 1569 niam
463 1546 544 1567 meae
574 1538 644 1566 sunt
673 1545 774 1566 omnes
801 1535 888 1575 ferae
915 1535 1082 1575 sylvarum,
1112 1536 1243 1566 iumenta
1266 1536 1299 1566 in

347 1578 496 1611 montibus
517 1581 543 1609 et
566 1577 662 1609 boves.
695 1577 731 1608 Si
754 1578 900 1616 esuriero,
923 1587 985 1609 uon
1007 1578 1107 1609 dicam
1125 1578 1192 1609 tibi.-
1214 1588 1300 1609 meus

345 1623 426 1654 enim
449 1624 492 1652 est
512 1620 596 1652 orbis
616 1622 716 1651 terrae
734 1623 761 1651 et
777 1621 938 1659 plenitudo
957 1621 1032 1652 eius.
1075 1619 1179 1653 Vestra
1200 1621 1300 1660 itaque

345 1664 498 1703 sacrificia
511 1665 624 1694 natura
636 1666 707 1694 sunt
727 1674 804 1694 vana
823 1666 850 1694 et
872 1664 990 1700 inania,
1013 1664 1065 1695 sed
1087 1664 1116 1694 si
1138 1664 1300 1703 afflictio-ne

345 1708 454 1748 aliqua
482 1706 667 1746 uryeamini,
696 1716 848 1744 quaenam
878 1705 956 1737 mihi
983 1709 1072 1746 qratia
1098 1706 1162 1745 fore
1196 1706 1299 1738 existi-

345 1749 463 1782 matis?
508 1748 669 1779 Immolete
691 1748 757 1780 Deo
778 1748 967 1787 sacrificium
989 1749 1108 1780 laudis:
1136 1752 1161 1780 et
1187 1749 1301 1780 reddite

346 1792 512 1825 Aleissimo
532 1793 601 1822 vota
623 1793 732 1822 vestra.
774 1791 917 1822 Invocate
939 1801 986 1822 me
1008 1791 1040 1822 in
1061 1792 1111 1823 die
1134 1791 1302 1822 lribulatio-

346 1837 406 1874 nis,
437 1837 463 1865 et
495 1843 603 1864 eruam
623 1843 684 1871 vos,
713 1836 741 1864 et
769 1833 1012 1872 honorificabitis
1038 1844 1093 1865 mc,
1140 1834 1189 1864 En
1219 1845 1300 1874 quae

347 1877 502 1911 sacrificia
526 1876 617 1906 Deus
639 1875 759 1912 laudet,
790 1883 821 1907 et
844 1886 924 1916 quas
949 1877 1092 1908 victimas
1116 1884 1223 1917 gratas
1246 1877 1301 1908 ha-

347 1922 435 1953 beat:
470 1928 506 1950 ac
540 1918 676 1958 proinde
710 1919 849 1949 ostendit
883 1918 954 1951 illas
982 1929 1093 1951 omnes
1125 1920 1242 1959 figuras
1271 1927 1302 1950 et

349 1963 478 1996 umbras
507 1961 620 1992 inanes
649 1971 718 1992 esse
749 1966 781 1992 et
811 1961 959 1997 ludier-is.
990 1962 1050 1993 nisi
1081 1961 1120 1992 ad
1145 1963 1239 1992 finem
1264 1963 1301 1993 ab

348 2007 416 2047 ipso
441 2005 670 2046 praescriptum
694 2004 884 2035 reserantur.
930 2004 1030 2035 Porro
1049 2015 1143 2044 quum
1169 2006 1301 2036 mentio

349 2060 421 2081 nem
445 2047 594 2078 audimus
617 2046 687 2077 ficri
711 2057 842 2087 precum
865 2053 896 2078 et
921 2048 1112 2085 orationum,
1143 2058 1205 2078 non
1230 2048 1303 2078 inde

350 2100 457 2123 tamen
483 2090 634 2129 sequitur,
665 2089 744 2120 nihil
777 2089 862 2120 aliud
886 2089 917 2120 in
942 2090 1042 2130 ipsius
1064 2072 1151 2121 cultu
1175 2091 1304 2130 1·,equiri

348 2134 404 2166 sed
428 2132 486 2164 sub
511 2142 573 2162 una
593 2139 683 2172 parte
702 2133 825 2172 reliqua
855 2132 962 2163 omnia
981 2133 1200 2164 continentur:
1226 2144 1305 2173 quae

349 2178 527 2216 scripturae
560 2182 607 2205 cst
642 2175 758 2205 usitata
800 2175 947 2214 loquendi
989 2175 1078 2206 ratio.
1135 2174 1189 2206 Sic
1223 2176 1305 2215 apud

350 2219 531 2251 Michaeam
573 2217 758 2257 prophetam
802 2217 890 2248 Deus
931 2218 1081 2258 populum
1124 2218 1305 2258 compellat:

360 2260 520 2301 Numquid
538 2260 664 2299 placari
683 2262 779 2299 potest
794 2260 947 2291 Dominus
966 2261 999 2292 in
1016 2260 1151 2292 millibus
1169 2261 1308 2299 arietum,

357 2308 410 2337 aul
435 2306 465 2335 in
488 2303 594 2334 multis
618 2302 752 2334 millibus
772 2302 927 2334 hircorum
944 2303 1138 2344 pinyuium?
1163 2302 1309 2335 Indicabo

359 2348 422 2385 tibi,
452 2357 467 2378 o
491 2346 586 2383 homo,
615 2345 690 2384 quid
718 2346 759 2376 sic
789 2346 906 2381 bonum,
937 2349 961 2377 ec
990 2346 1064 2385 quid
1087 2345 1241 2377 Dominus
1264 2356 1308 2377 re-

356 2391 460 2430 quirat
483 2399 501 2419 a
524 2391 567 2419 ια
599 2387 706 2427 Utique
726 2388 828 2427 facere
852 2389 1009 2427 iudicium,
1032 2392 1059 2420 et
1076 2388 1200 2428 cliliyere
1218 2389 1308 2419 mise-

358 2433 532 2467 ricordiam,
558 2433 583 2460 et
604 2430 755 2462 solicitum
777 2430 934 2462 ambulare
955 2441 1023 2462 cum
1045 2430 1112 2463 Deo
1133 2433 1193 2461 tuo.

444 2475 614 2506 Caeterum
646 2473 799 2513 quaedam
834 2474 864 2504 in
896 2475 964 2505 istis
988 2474 1199 2514 repugnantia
1224 2473 1309 2504 vide·
1334 2478 1335 2483 ¹

360 2524 455 2553 retur,
480 2526 578 2558 quum
603 2516 662 2546 ait:
696 2516 805 2547 Invoco
830 2526 884 2554 me,
907 2525 940 2547 ct
963 2516 1056 2548 alibi:
1088 2516 1252 2547 Ambalato
1277 2516 1310 2546 in

356 2562 469 2598 (ιἠιωνι»,
494 2562 520 2591 ct
542 2558 708 2589 humiliare
735 2569 837 2590 coram
860 2558 934 2590 Deo.
980 2559 1045 2591 Sed
1071 2558 1159 2590 nulla
1180 2559 1309 2590 omuino

1158 203 1360 236 HOMILIA
1383 203 1473 236 LIV.

1316 409 1317 423 ,
1343 393 1472 414 suorum
1503 393 1632 414 sensum
1663 389 1818 421 tremunt;

355 2610 401 2633 est
438 2601 666 2643 repugnantia,
700 2601 956 2641 quandoquidem
988 2602 1052 2632 illis
1081 2601 1188 2633 verbis
1218 2601 1309 2632 Deus

354 2645 491 2675 ostendit
522 2645 604 2675 bunc
633 2655 700 2675 cst—c
731 2644 791 2675 sibi
821 2651 950 2685 gratum
979 2644 1099 2676 cultum
1133 2654 1230 2684 quum
1254 2643 1308 2675 ho-

2237 201 2296 232 116

1343 298 1444 329 mines
1467 297 1526 328 sibi
1550 298 1627 338 ipsis
1650 297 1884 333 renunciantes,
1916 305 1984 327 sese
2014 302 2096 327 totos
2120 295 2187 328 Deo
2211 297 2295 330 dedi-

1343 346 1426 376 cant,
1457 347 1489 371 et
1518 350 1624 371 coram
1659 340 1726 371 eius
1751 340 1917 371 maiestate
1941 345 2070 378 propter
2093 346 2295 378 peccatorum

1853 389 1883 413 et
1914 387 2090 422 praeterea,
2124 392 2222 421 quum
2255 383 2296 414 ad

1344 426 1446 465 ipsum
1483 425 1577 456 rebus
1611 425 1754 456 adversis
1788 425 1986 465 confugiunt.
2043 424 2155 464 Itaque
2189 425 2297 458 nullus

1344 468 1431 499 locus
1461 468 1597 508 amplius
1627 468 1800 504 sacrificiis,
1832 467 1920 499 nullo
1950 467 2106 507 sanguino
2139 467 2296 507 pecudum

1344 517 1379 541 ut
1407 511 1481 541 olim
1511 511 1570 542 sub
1602 510 1669 550 lege
1699 510 1738 540 ad
1764 509 1868 541 Deum
1900 509 2089 550 placandum
2120 520 2200 550 opus
2230 518 2295 542 est:

1344 552 1399 584 sed
1433 553 1532 592 ipsius
1563 553 1728 592 promissis
1759 553 1918 584 standum.
1974 552 2079 592 Atque
2115 553 2166 583 liic
2199 564 2296 593 purus

1343 604 1516 636 gratusque
1541 603 1572 626 et
1595 602 1742 635 acceptus
1762 594 1830 626 Deo
1853 595 1958 626 cultus
1980 605 2036 626 esi.
2072 594 2217 636 Denique
2237 596 2296 628 hoc

1344 638 1518 669 tenendum
1543 640 1669 668 axioma
1692 645 1750 674 cst,
1783 638 1885 668 Deum
1910 638 2040 669 reiicere
2063 643 2095 668 et
2118 639 2296 670 abominari

1343 690 1564 720 quemcunque
1588 680 1707 710 cultum
1732 691 1750 710 a
1773 690 1835 719 quo
1867 681 2035 720 integritas
2065 681 2168 713 cordis
2198 682 2296 719 abest,

1343 723 1398 754 sed
1420 723 1487 753 sola.
1505 723 1776 754 caeremoniarum
1789 729 1992 753 externarum
2007 733 2132 763 pompa.
2158 724 2297 764 Magnus

1344 775 1429 796 emm
1454 766 1513 796 iste
1535 770 1737 805 contemptus
1761 771 1808 796 cst
1831 764 1959 796 divinae
1989 766 2172 804 maiestatis,
2201 777 2296 806 quam

1345 807 1434 839 nobis
1467 807 1604 838 similem
1637 807 1796 847 fingimus,
1827 814 1855 837 et
1888 808 1982 838 rebus
2012 807 2142 839 ludicris
2172 810 2297 848 placare

1344 850 1518 888 studemus,
1541 850 1617 881 foris
1641 849 1767 890 quidem
1788 856 1922 880 externa
1941 850 2171 890 superstitione
2191 862 2296 883 veram

1345 893 1533 934 religionem
1557 899 1762 930 ostentantes,
1781 892 1834 923 sed
1855 893 1886 923 in
1908 899 2034 932 pectore
2053 904 2210 924 summam
2229 904 2297 925 cor-

1345 943 1524 975 ruptionem
1557 937 1707 966 t'oventes.
1753 934 1861 974 Quare
1891 935 2050 967 discamus
2083 936 2185 967 Deum
2216 937 2298 969 ferre

1346 989 1407 1009 non
1433 987 1523 1018 posse
1547 989 1596 1008 res·
1618 983 1741 1009 tautum
1765 982 1914 1009 externas
1937 978 1996 1009 sibi
2020 978 2136 1015 offerri,
2171 979 2224 1010 sed
2249 980 2298 1010 in-

1347 1022 1462 1052 teriore
1493 1020 1608 1051 affectu
1638 1027 1669 1050 et
1699 1020 1787 1052 cultu
1817 1019 1977 1057 delectari,
2011 1021 2093 1060 quod
2129 1021 2220 1053 docet
2251 1022 2304 1054 ille

1347 1064 1431 1104 apud
1451 1063 1620 1094 Ieremiam
1644 1073 1742 1102 supra
1766 1063 1868 1094 dictus
1891 1062 1989 1101 locus,
2013 1074 2127 1103 nempe
2151 1065 2305 1104 optimam

1347 1106 1473 1138 colendi
1497 1106 1558 1136 Dei
1583 1106 1738 1136 rationem
1762 1116 1830 1137 esse
1855 1113 2055 1146 peccatorum
2087 1117 2184 1138 sensu
2210 1107 2304 1145 affici,

1348 1157 1378 1180 et
1401 1158 1506 1179 coram
1529 1149 1595 1179 Deo
1619 1159 1660 1179 m
1663 1159 1721 1189 ιυι5
1744 1157 1780 1179 uc
1802 1148 1905 1188 magis
1928 1148 2090 1180 humiliari
2118 1150 2308 1199 veniamque

1349 1191 1528 1231 deprecari:
1554 1191 1636 1230 quod
1668 1192 1824 1222 sacrificia
1853 1201 1909 1231 per
1938 1202 1971 1222 sc
2002 1192 2065 1222 sint
2097 1193 2213 1224 inania.
2245 1193 2306 1224 nisi

1349 1235 1387 1265 ad
1412 1242 1534 1265 rectum
1558 1244 1649 1264 usum
1674 1234 1836 1273 finemque
1859 1235 2054 1265 reserantur:
2087 1241 2119 1265 ut
2151 1246 2266 1276 nempe
2289 1246 2308 1267 a

1351 1277 1444 1308 rebus
1468 1277 1536 1307 istis
1562 1277 1697 1307 terrenis
1721 1276 1868 1307 homiues
1891 1276 1987 1309 altius
2010 1277 2194 1314 efferantur,
2219 1284 2250 1309 et
2273 1289 2307 1310 se

1351 1320 1484 1350 miseros
1514 1329 1582 1350 esse
1612 1325 1791 1359 peccatores
1825 1325 2009 1359 agnoscant,
2041 1327 2171 1351 aeterna
2203 1327 2308 1352 morte

1351 1362 1474 1403 dignos,
1498 1362 1612 1401 quibus
1635 1361 1686 1393 lex
1712 1367 1864 1401 tanquam
1889 1362 1919 1392 in
1944 1363 2082 1403 imagine
2104 1364 2177 1393 viva
2199 1373 2307 1403 pecca-

1351 1412 1456 1436 torum
1488 1404 1752 1444 magnitudinem.
1785 1409 1815 1435 et
1838 1415 1899 1443 quo
1924 1405 1956 1435 in
1980 1410 2069 1436 reatu
2094 1406 2176 1445 apud
2202 1406 2307 1437 Deum

1352 1448 1417 1479 sint
1440 1447 1596 1478 ostendit:
1632 1458 1667 1478 ac
1700 1446 1907 1478 nihilomiuus
1937 1454 2067 1487 sperent
2097 1454 2128 1478 et
2153 1449 2212 1480 sibi
2237 1459 2307 1489 per-

1351 1489 1516 1526 suadeant,
1552 1500 1585 1520 se
1619 1489 1691 1521 lieet
1725 1489 1859 1521 miseros
1888 1497 2068 1530 peccatores
2099 1490 2168 1522 Deo
2201 1498 2309 1522 tamen

1351 1543 1419 1565 esse
1453 1533 1690 1568 reconciliatos,
1725 1543 1760 1564 ac
1790 1532 1921 1572 proinde
1950 1543 2023 1564 eum
2059 1533 2174 1565 fiducia
2202 1534 2309 1574 ipsum

1351 1576 1512 1607 invocent.
1547 1575 1656 1614 Atqua
1680 1575 1724 1606 ita
1746 1574 1841 1606 firma
1859 1582 1922 1606 stat
1945 1576 2005 1606 ista
2029 1576 2201 1614 conclusio,
2225 1587 2308 1608 nun-

1351 1629 1446 1659 quam
1460 1618 1529 1649 Deo
1549 1618 1706 1658 placuisse
1725 1617 1891 1657 sacrificia,
1915 1619 1974 1649 nisi
2000 1624 2160 1658 quatenus
2183 1619 2309 1660 longius

1354 1661 1501 1693 homines
1524 1660 1696 1698 deducunt,
1725 1666 1756 1690 et
1787 1659 1825 1691 ad
1855 1671 1967 1692 verum
1995 1661 2054 1692 Dei
2076 1661 2196 1692 cultum
2222 1662 2310 1693 viam

1325 1740 1328 1750 ¹
1353 1704 1510 1745 aperiunt,
1535 1713 1654 1739 veram,
1677 1703 1819 1750 inquam,
1842 1703 1947 1741 fidem,
1973 1703 2130 1740 fiduciam,
2150 1714 2261 1744 preces
2279 1709 2312 1735 et

1352 1747 1522 1779 orationes.
1566 1745 1690 1777 Idcirco
1712 1745 1808 1777 etiam
1833 1745 1891 1778 hoc
1916 1746 1985 1778 loco
2009 1745 2142 1778 Samuel
2165 1747 2219 1788 ait,
2243 1746 2310 1778 Do-

1353 1790 1475 1821 minum
1501 1788 1584 1820 nolle
1607 1788 1792 1820 holocausta
1814 1795 1846 1819 et
1871 1789 2025 1826 victimas,
2056 1789 2111 1820 sed
2145 1790 2253 1830 potius
2275 1795 2310 1821 ut

1353 1832 1518 1864 obediatur
1554 1831 1620 1862 voci
1655 1830 1798 1862 Domini.
1853 1831 1947 1870 Nam,
1981 1838 2015 1863 ut
2049 1837 2124 1863 ante
2158 1833 2308 1870 diximus,

1353 1875 1535 1907 obedientia
1567 1874 1722 1905 virtutum
1757 1874 1901 1905 omnium
1931 1879 1978 1906 est
2011 1885 2136 1914 parens.
2188 1874 2311 1914 Quam-

1353 1919 1461 1950 obrem
1486 1921 1654 1957 postquam
1678 1916 1732 1947 diu
1751 1916 2054 1956 investigaverimus
2073 1917 2149 1957 quid
2169 1918 2211 1948 sit
2230 1917 2310 1949 bene

1354 1962 1474 1996 facere,
1509 1959 1548 1990 ad
1585 1960 1670 1990 hunc
1706 1959 1826 1990 fontem
1861 1969 1988 2000 semper
2022 1959 2217 1991 veniendum
2251 1965 2309 1992 ost.

1355 2004 1523 2043 Quaenam
1555 2002 1642 2033 enim
1673 2002 1745 2034 boni
1769 2002 1920 2042 perfectio
1943 2001 2012 2034 est?
2057 2001 2145 2034 Saue
2167 2001 2229 2034 Dei
2253 2012 2310 2034 vo-

1356 2047 1479 2078 luntas:
1510 2055 1546 2076 ac
1577 2044 1710 2085 proinde
1739 2044 1891 2084 quamdiu
1923 2045 2067 2077 homines
2101 2055 2176 2077 suae
2201 2045 2311 2076 volun·

1357 2090 1430 2120 tatis
1461 2087 1629 2119 arbitrium
1661 2093 1692 2118 et
1722 2087 1877 2119 rationem
1909 2098 1999 2119 suam
2025 2094 2175 2128 tanquam
2200 2087 2308 2119 lumen

1330 2162 1332 2172 ,
1358 2132 1442 2163 vitae
1465 2136 1646 2171 sequentur,
1669 2142 1686 2161 ιι
1708 2135 1793 2161 recta
1812 2130 1916 2162 cultus
1935 2130 2034 2161 divini
2053 2131 2165 2162 semita
2184 2140 2310 2171 semper

1357 2174 1561 2205 aberrabunt.
1607 2172 1671 2205 Sed
1697 2173 1843 2204 voluntas
1868 2172 1929 2204 Dei
1952 2179 2001 2205 est
2023 2172 2248 2204 immutabilis:
2279 2177 2311 2204 et

1358 2217 1428 2248 ideo
1457 2216 1609 2253 dicimus,
1643 2215 1857 2247 obedientiam
1893 2215 2048 2247 vii-tutum
2081 2216 2223 2246 omnium
2256 2227 2311 2255 pa.-

1361 2266 1492 2291 rentem.
1527 2258 1609 2289 Nam
1634 2265 1768 2299 possunt
1790 2257 1918 2298 quidem
1942 2258 2085 2290 homines
2109 2258 2311 2298 perfectionis

1360 2302 1497 2342 aliquam
1527 2300 1653 2332 laudem
1685 2307 1716 2332 et
1743 2301 1924 2340 opinionem
1955 2299 2039 2341 apud
2072 2300 2149 2332 alios
2185 2300 2311 2339 habere,

1360 2356 1439 2384 quae
1463 2351 1570 2375 tamen
1594 2343 1681 2375 nulla
1709 2344 1759 2381 sit,
1790 2344 1849 2374 nisi
1875 2343 2102 2383 praescriptam
2127 2354 2144 2374 a
2169 2343 2238 2375 Deo
2262 2354 2311 2374 re-

1360 2389 1466 2427 gulam
1481 2393 1666 2426 sequantur,
1686 2392 1716 2417 et
1735 2385 1774 2417 ad
1793 2387 1861 2424 eius
1873 2386 2056 2425 obsequium
2071 2393 2311 2426 componantur,

1361 2436 1390 2460 et
1413 2430 1451 2460 ab
1475 2430 1574 2470 ipsius
1600 2428 1696 2460 verbo
1720 2428 1886 2469 pendeant.
1932 2428 2017 2460 Hinc
2050 2438 2124 2459 vero
2153 2429 2312 2460 discamus

1363 2484 1468 2503 veram
1503 2471 1716 2503 obedientiam
1752 2471 1784 2502 in
1819 2481 1855 2503 eo
1889 2471 2023 2511 positam
2058 2481 2136 2508 esse,
2167 2477 2201 2502 ut
2224 2471 2312 2502 Deus

1361 2526 1520 2546 summum
1551 2514 1752 2546 dominatum
1783 2519 1814 2545 et
1844 2513 2056 2554 principatum
2089 2514 2120 2544 iu
2152 2523 2209 2544 nos
2232 2513 2311 2544 obti-

1362 2564 1445 2594 ιιοι,ιι
1475 2564 1506 2588 et
1535 2557 1753 2597 cuiuscunque
1783 2556 1911 2588 tandem
1932 2555 2055 2586 ordinis
2080 2555 2224 2587 homines
2248 2555 2312 2587 fue-

1362 2599 1427 2630 rint
1450 2601 1508 2640 ipsi
1532 2600 1750 2632 stibiiciantur.

1446 2642 1532 2674 Sane
1555 2643 1694 2683 papistas
1718 2641 1844 2682 quidem
1867 2639 2014 2673 videmus
2037 2639 2238 2673 obedientiae
2259 2649 2312 2671 no-
