2551 3044
362 202 425 234 403

366 308 443 329 num
464 305 693 336 argumentum
716 296 870 327 babemus
894 306 950 327 uos
970 301 1051 327 totos
1071 295 1110 327 ad
1123 295 1184 326 Dei
1209 296 1329 327 cultum
1357 303 1359 307 ’

365 338 563 379 applicandi,
609 338 758 369 fiduciam
794 345 938 369 nostram
973 338 1006 369 in
1042 339 1110 379 ipso
1143 338 1330 377 collocandi,

364 384 469 423 ipsum
502 381 534 411 in
566 381 663 411 rebus
687 381 833 421 angustis
857 380 1040 419 invocandi,
1064 386 1096 412 et
1117 381 1225 412 omnia
1248 381 1331 413 bona

365 426 403 455 ab
446 423 547 464 ipsius
580 423 722 463 gratuita
756 423 898 454 bonitate
933 433 1086 462 manare,

364 467 533 507 Magnum,
564 466 706 506 inquam,
731 472 960 507 argumentum
985 466 1131 498 homines
1155 467 1273 498 habent
1296 468 1330 498 in

364 509 633 548 contemplatione
657 508 840 539 divinorum
865 519 996 549 operum
1021 510 1127 550 ipsum
1145 510 1251 540 Deum
1275 521 1329 550 ag-

360 551 522 588 noscendi,
557 557 589 582 et
612 552 761 591 precibus
784 551 976 591 solicitandi‚
1014 562 1113 592 quum
1139 553 1328 592 pracsertim

360 595 460 635 ipsius
494 595 656 635 potentiae
691 600 723 625 et
758 593 909 625 bonitatis
941 601 1005 626 tam
1037 595 1138 626 multa
1169 596 1201 625 in
1235 595 1328 626 rebus=

360 637 509 669 omnibus
539 637 656 668 creatis
687 644 864 677 appareant
895 638 1100 668 testimonia:
1131 648 1242 668 verum
1272 638 1327 668 ho-

360 681 465 711 mines
505 680 537 711 in
579 680 649 711 istis
688 680 784 719 plane
817 680 1017 711 caecutiunt:
1051 681 1105 720 qui
1140 680 1203 711 Dei
1237 681 1328 711 bonis

362 723 572 754 vehementer
602 722 640 752 ad
672 732 800 753 omnem
833 723 1116 762 intemperantiam
1140 724 1328 758 abutuntur,

360 772 392 797 et
421 766 565 806 ipsorum
596 770 740 796 autorem
774 775 838 796 non
871 772 1060 806 agnoscunt,
1093 766 1149 796 sed
1173 776 1236 805 quo
1261 766 1312 805 plu

360 809 449 840 ribus
473 808 566 839 bonis
589 808 766 848 replentur,
790 817 827 839 eo
850 808 1004 839 maiorem
1029 808 1129 838 animi
1154 809 1325 848 ingratitu-

1141 201 1342 233 HOMILIA
1368 201 1563 234 LXXVIII.

1125 424 1330 465 agnoscendi.
1356 430 1357 437 ¹

1353 734 1355 737 ¹
1381 723 1500 758 dicere,

2288 202 2349 234 404

1385 307 1501 328 nomen
1521 296 1605 327 istud
1620 295 1720 327 Achis
1739 306 1908 328 commune
1925 297 1986 328 fuit
2010 298 2140 337 regibus
2153 297 2346 329 Philistaeo-

1384 350 1471 370 rum:
1513 338 1783 378 quemadmodum
1826 339 2004 370 Abrahami
2047 347 2191 380 tempore
2231 351 2346 371 nomeu

1384 381 1593 412 Achimclech
1628 382 1757 422 regibus
1792 381 1988 414 Cananaeis:
2022 382 2106 423 quod
2140 392 2257 414 nomen
2289 384 2348 414 fuit

1384 424 1614 454 honorificum:
1643 424 1727 464 quod
1757 435 1794 456 eo
1817 425 2008 456 docerentur
2032 436 2124 465 reges
2160 436 2223 456 non
2259 435 2348 456 exer-

1356 477 1357 505 ]
1382 477 1453 497 cere
1476 466 1708 503 crudelitatem,
1734 478 1836 507 neque
1861 468 2046 498 violentiam
2072 470 2101 498 in
2127 468 2284 506 subditos,
2308 467 2347 499 ad

1383 520 1434 539 eos
1461 509 1704 549 opprimendos:
1736 510 1790 540 scd
1815 516 1923 550 patres
1947 511 2136 550 populorum
2163 520 2232 541 esse
2254 520 2348 551 opor-

1383 559 1458 588 tere,
1483 562 1560 590 quos
1581 560 1730 591 regerent
1751 559 1787 583 ut
1811 561 1920 593 patres
1946 553 2071 584 liberos.
2108 554 2228 584 Eadem
2265 554 2347 584 ratio

1382 595 1439 624 suit
1464 595 1604 626 nominis
1617 594 1796 626 Pharaonis
1820 596 1903 635 apud
1931 597 2117 636 Aegyptios.
2141 596 2223 636 quod
2248 597 2350 627 omni-

1383 638 1439 668 bus
1464 637 1593 677 regibus
1616 637 1675 668 fuit
1697 648 1878 669 commune⁴
1914 638 2013 670 Porro
2026 639 2133 670 David
2158 650 2194 670 eo
2218 638 2348 670 Psalmo

1382 680 1559 719 profitetur,
1578 690 1612 711 se
1626 680 1803 711 Dominum
1824 680 1908 711 velle
1927 681 1959 711 in
1979 682 2066 712 omni
2087 687 2229 721 tempore
2253 682 2348 712 bene-

1542 722 1731 762 laudemque
1764 723 1865 763 ipsius
1899 734 2025 763 semper
2058 724 2089 755 in
2126 735 2180 755 ore
2215 724 2348 755 habere:

1352 805 1353 809 Ἰ
1380 765 1471 796 cuius
1491 765 1664 796 bonitatem
1686 766 1716 796 in
1736 766 1871 797 summis
1895 767 2054 806 angustiis
2077 771 2232 806 expertus
2255 773 2348 798 esset.

360 851 466 882 dinem
499 850 718 891 maioremque
747 850 935 882 caecitatem
955 862 1045 881 suam
1066 851 1222 891 produnt:
1244 851 1327 882 hanc
1352 848 1353 852 ’

358 894 459 934 igitur
481 893 521 924 ob
545 903 674 924 eausam
698 893 821 924 Paulus
845 893 930 931 dicit,
962 894 1036 933 quia
1060 894 1092 925 in
1118 894 1176 924 Dei
1201 895 1324 933 sapien-

358 938 402 967 tia
438 937 543 967 Deum
580 947 641 967 non
676 936 830 975 cognovit
863 936 1003 967 mundus
1035 947 1091 976 per
1124 937 1326 976 sapientiam,

358 979 518 1020 placuisse
534 978 601 1009 Deo
622 989 679 1019 per
698 978 793 1009 aliam
819 979 985 1016 rationem,
1010 989 1125 1019 nempe
1149 990 1205 1019 per
1228 989 1326 1009 evan-

359 1022 433 1063 gelii
468 1020 739 1062 praedicationem
772 1021 880 1052 salvos
917 1022 1020 1052 facere
1053 1021 1237 1053 credentes:
1272 1021 1326 1053 sed

357 1065 419 1096 hoc
444 1064 649 1105 evangelium
673 1064 719 1095 ait
742 1074 811 1096 csse
833 1064 1017 1095 stultitiam.

443 1107 514 1138 Hoc
544 1107 648 1146 ipsum
679 1107 741 1138 iam
775 1107 806 1138 in
829 1107 892 1138 isto
918 1106 1054 1138 Davidis
1078 1108 1158 1138 facto
1183 1107 1255 1138 licet
1280 1108 1327 1138 in-

359 1150 452 1188 tueri,
483 1150 537 1189 qui
567 1149 700 1180 Domini
734 1152 834 1180 nostri
866 1149 938 1180 Iesu
963 1149 1086 1180 Christi
1118 1150 1222 1190 figura
1252 1150 1326 1181 fuit:

359 1203 433 1224 nam
458 1191 629 1224 ridiculum
653 1198 721 1222 erat
741 1191 901 1223 Davidem
926 1193 1084 1222 insaniam
1109 1193 1270 1231 simulare,
1294 1194 1326 1223 in

358 1235 491 1267 barbam
522 1245 688 1274 exspuere,
718 1234 918 1274 despumare,
951 1243 979 1265 et
1007 1236 1037 1265 in
1062 1235 1192 1266 brachia
1216 1246 1326 1266 eorum

359 1277 473 1310 collabi
492 1288 510 1309 a
529 1277 644 1318 quibus
664 1277 851 1312 ducebatur.
876 1285 905 1307 et
932 1278 1110 1317 impingere
1134 1279 1165 1308 in
1191 1278 1273 1309 ostia
1296 1284 1327 1309 et

360 1321 516 1361 parietes:
546 1320 602 1352 sed
633 1319 845 1351 nihilominus
869 1327 975 1350 tamen
1001 1320 1090 1351 Deus
1115 1321 1198 1352 hane
1221 1322 1326 1362 ipsum

361 1363 513 1395 servandi
538 1363 695 1393 rationem
721 1364 807 1402 sequi
834 1363 951 1393 voluit:
977 1370 1006 1392 ct
1031 1374 1107 1394 saue
1121 1363 1227 1394 David
1252 1364 1327 1395 inde

361 1406 534 1443 liberatus,
573 1405 643 1436 Deo
674 1412 739 1436 tam
769 1405 928 1445 insignem
960 1406 1137 1445 gratiarum
1170 1407 1326 1438 actionem

363 1450 437 1489 egit,
458 1454 495 1479 ut
511 1458 698 1488 persuasum
719 1448 811 1478 nobis
831 1458 898 1478 esse
917 1448 1027 1479 debeat
1044 1448 1148 1479 Deum
1171 1450 1229 1480 hoc
1249 1460 1328 1489 opus

364 1491 425 1522 sibi
464 1491 563 1521 tribui
595 1490 742 1521 voluisse.
793 1490 874 1521 Nam
908 1491 1054 1521 l’salmus
1084 1492 1125 1522 34
1154 1502 1171 1522 a
1201 1492 1328 1523 Davide

364 1540 413 1565 est
432 1533 627 1573 compositus
647 1543 683 1564 eo
703 1534 774 1569 fine,
799 1539 832 1563 ut
854 1533 956 1573 palam
978 1535 1182 1573 profiteretur
1205 1546 1239 1565 se
1263 1546 1327 1566 non

364 1576 524 1608 industria
544 1586 612 1614 sua,
636 1576 690 1607 sed
715 1576 809 1607 unius
823 1575 884 1606 Dei
909 1577 1030 1607 auxilio
1054 1578 1150 1608 fuisse
1174 1588 1212 1608 ex
1237 1583 1328 1609 tanto

365 1619 562 1656 discrimine,
591 1623 623 1649 et
653 1618 730 1659 ipsis
760 1619 874 1649 mortis
903 1618 1047 1651 faucibus
1071 1626 1227 1660 creptum.
1279 1621 1328 1652 Ac

364 1672 441 1692 ¹saue
473 1661 505 1692 ni
530 1672 580 1692 res
604 1661 649 1692 sic
672 1671 705 1692 se
729 1661 870 1697 haberet,
903 1672 966 1691 nou
991 1666 1055 1692 tam
1081 1668 1212 1703 repente
1235 1664 1327 1694 illum

364 1704 465 1736 Achis
491 1713 509 1734 a
532 1714 566 1734 se
590 1703 780 1735 dimisisset:
812 1703 866 1734 sed
891 1705 920 1734 iu
947 1705 1073 1735 vincula
1096 1706 1202 1745 potius
1225 1707 1329 1737 conic-

365 1748 476 1783 nisset,
506 1746 710 1795 spatiumque
740 1747 884 1777 insaniae
915 1747 1112 1787 detegendae
1143 1750 1328 1789 accepisset.

366 1789 430 1821 Βιᾶ
462 1789 550 1820 Deus
580 1789 681 1829 ipsius
709 1789 817 1821 oculos
847 1789 891 1820 sic
923 1791 1122 1828 excaecavit,
1156 1796 1191 1822 ut
1220 1793 1328 1822 statim

364 1836 534 1872 conspecto
548 1831 683 1870 Davide,
703 1832 862 1863 insaniam
875 1832 1055 1871 simulante,
1076 1834 1116 1863 sit
1132 1834 1329 1874 indignatus,

364 1885 501 1923 eumque
530 1873 697 1911 dimiserit,
727 1885 801 1906 suos
830 1875 1009 1914 increpans,
1037 1885 1134 1915 quare
1165 1877 1328 1908 hominem

365 1919 514 1948 insanum
545 1923 577 1948 et
608 1917 763 1948 furiosum
794 1918 833 1947 ad
863 1928 896 1948 se
927 1917 1144 1950 adduxissent
1192 1919 1265 1958 Qua
1295 1921 1329 1951 in

365 1971 399 1991 re
429 1960 596 1990 manifesta
620 1958 681 1990 Dei
711 1959 916 2000 providentia
947 1968 1097 2000 apparet,
1130 1967 1163 1992 ut
1195 1973 1259 1993 non
1289 1964 1329 1993 sit

365 2002 498 2034 dubium
529 2002 605 2041 quin
631 2002 722 2033 Deus
745 2008 907 2043 stuporem
933 2004 1029 2034 animi
1055 2004 1121 2043 regi
1145 2004 1246 2036 Aehis
1270 2005 1329 2036 im-

365 2045 498 2083 miserit,
540 2044 764 2085 Davidemque
801 2056 840 2076 ex
871 2045 971 2085 ipsius
1000 2046 1147 2076 manibus
1178 2054 1328 2087 tanquam

365 2099 403 2119 ex
435 2098 584 2119 ursorum
616 2092 672 2118 aut
702 2087 828 2119 leonum
859 2087 1022 2128 unguibus
1051 2089 1222 2129 eripuerit:
1254 2100 1328 2121 nam

366 2131 459 2171 quale
489 2137 639 2170 putamus
668 2130 777 2162 odium
800 2130 898 2161 totius
922 2130 1031 2171 populi
1057 2131 1212 2163 adversus
1237 2133 1327 2164 illum

365 2174 474 2208 fuisse,
504 2184 597 2213 quam
630 2173 771 2205 infensos
799 2173 845 2204 illi
869 2173 1063 2205 Philistaeos
1087 2174 1125 2204 ad
1151 2175 1328 2206 vindictam

366 2216 532 2250 exarsisse.
558 2222 593 2247 ut
607 2215 732 2247 Davide
751 2215 878 2247 sublato
895 2216 954 2247 sibi
979 2216 1081 2247 felicia
1105 2218 1213 2248 omnia
1237 2218 1328 2258 polli-

365 2258 521 2291 ceantur?
563 2259 796 2290 Verumtamen
820 2269 1010 2299 quocunque
1034 2259 1106 2290 odio
1130 2260 1274 2297 ardeant,
1298 2267 1329 2291 et

366 2307 615 2342 quantocunque
657 2301 812 2333 adversus
848 2302 954 2342 ipsum
987 2301 1095 2333 furore
1128 2309 1327 2339 exaestuent,

366 2345 558 2376 miraculose
587 2349 700 2376 contra
726 2345 869 2375 omnium
894 2354 982 2384 spem
1005 2349 1038 2375 et
1058 2346 1329 2384 exspectationem

367 2387 538 2419 incolumis
557 2397 596 2418 cx
617 2387 757 2427 ipsorum
778 2387 927 2418 manibus
951 2387 1068 2418 evasit:
1092 2387 1177 2427 quod
1202 2393 1328 2419 tantum

366 2429 427 2462 Dei
456 2430 645 2461 beneficium
671 2429 776 2460 David
801 2439 979 2469 agnoscens
1001 2437 1190 2470 perpetuum
1217 2441 1327 2462 monu—

366 2477 512 2504 mentum
542 2472 629 2503 illius
656 2473 687 2503 in
719 2473 851 2505 ecelesia
883 2472 987 2504 voluit
1014 2479 1152 2510 exstare,
1183 2483 1245 2513 quo
1268 2473 1328 2505 Dei

367 2516 462 2546 unius
497 2515 604 2546 favore
638 2521 669 2545 ct
703 2516 845 2554 potentia
878 2526 916 2546 ex
953 2515 1134 2546 imminenti
1164 2521 1267 2547 morte
1295 2527 1330 2547 se

367 2557 537 2589 liberatum
565 2558 670 2598 palam
703 2559 918 2597 profiteretur.
958 2557 1099 2598 Ideoque
1122 2558 1252 2590 Psalmo
1282 2558 1329 2589 illi

369 2600 499 2631 titulum
524 2600 613 2632 fecit:
638 2599 759 2632 Davicli
781 2611 876 2640 quum
899 2601 1075 2632 immutavit
1096 2601 1214 2632 vultum
1236 2611 1329 2633 suum

368 2653 472 2674 coram
501 2642 689 2683 Ahimdech,
725 2646 751 2674 et
779 2644 899 2675 (limisit
927 2654 1005 2683 cum,
1036 2646 1062 2674 ee
1090 2644 1173 2675 abiit.
1228 2644 1328 2676 Porro

1380 807 1505 846 Quibus
1530 808 1638 839 verbis
1661 807 1769 839 David
1794 809 1982 839 nominatim
2007 809 2102 839 istam
2126 809 2348 840 liberationem

1382 850 1449 881 Deo
1479 850 1602 888 tribuit,
1634 851 1726 882 cuius
1757 853 1840 882 ratio
1872 858 1980 882 tamen
2009 851 2145 883 ridicula
2169 851 2349 889 videbatur,

1380 898 1411 923 et
1449 894 1596 924 meminit
1626 894 1724 924 etiam
1756 904 1794 925 eo
1825 894 1954 925 Psalmo
1984 894 2079 925 famis
2110 904 2205 934 quam
2236 904 2350 935 passus

1379 941 1457 966 erat.
1502 935 1616 976 Neque
1646 936 1732 967 enim
1764 937 1821 968 abs
1844 947 1878 968 re
1902 936 1978 968 dicit
2001 937 2111 968 leones
2134 947 2229 977 saepe
2252 937 2349 968 same-

1380 978 1457 1010 licos
1487 989 1566 1018 esse,
1596 984 1628 1010 et
1657 978 1808 1019 praedam
1833 990 1896 1011 non
1920 979 2068 1011 invenire
2091 981 2272 1020 rugientes:
2293 979 2349 1010 sed

1380 1021 1487 1052 Deum
1506 1021 1698 1053 timentibus
1717 1022 1799 1053 nihil
1820 1032 1962 1063 unquam
1987 1022 2104 1054 defore.
2130 1006 2228 1054 „Sane
2240 1022 2349 1053 David

1381 1064 1496 1095 famem
1529 1065 1671 1105 aliquam
1701 1075 1814 1105 passus
1843 1072 1921 1101 erat,
1951 1076 2050 1105 quum
2074 1065 2188 1097 nullibi
2212 1064 2263 1096 vel
2287 1065 2350 1096 fru-

1380 1111 1466 1138 stum
1499 1108 1591 1147 panis
1622 1108 1682 1139 nisi
1713 1107 1747 1139 in
1772 1109 1956 1139 sanctuario
1979 1108 2083 1149 potuit
2106 1107 2264 1148 reperire:
2295 1107 2350 1139 sed

1381 1150 1412 1180 in
1436 1159 1473 1180 eo
1497 1155 1606 1181 tamen
1628 1150 1690 1181 Dei
1713 1151 1806 1182 favor
1828 1151 1988 1191 apparuit,
2012 1150 2096 1191 quod
2121 1150 2350 1191 propositionis

1381 1202 1491 1232 panes,
1523 1193 1592 1224 Deo
1622 1192 1734 1229 dicati,
1764 1198 1839 1225 sunt
1870 1193 1917 1224 illi
1946 1199 2082 1234 urgente
2113 1194 2196 1224 fame
2226 1192 2348 1224 traditi.

1381 1235 1466 1267 Hinc
1492 1236 1603 1276 itaque
1625 1236 1786 1268 diseamus
1810 1236 1871 1268 Dei
1895 1247 1971 1277 erga
1994 1247 2053 1268 nos
2077 1236 2244 1267 benefacta
2267 1236 2350 1267 tanti

1381 1278 1485 1309 facere
1515 1279 1627 1318 quanti
1651 1279 1818 1311 debemus:
1852 1290 1926 1310 nam
1951 1290 2012 1319 quo
2036 1279 2240 1320 gravioribus
2262 1278 2348 1319 peri·

1381 1321 1460 1352 culis
1479 1327 1510 1352 et
1529 1322 1770 1362 urgentioribus
1793 1322 2036 1353 necessitatibus
2070 1321 2212 1362 undique
2246 1323 2349 1361 premi

1381 1363 1572 1402 videbimur,
1604 1365 1630 1395 si
1654 1365 1744 1396 Deus
1763 1365 1919 1396 auxilium
1952 1364 2172 1396 laborantibus
2195 1363 2349 1402 attulerit,

1381 1417 1418 1437 eo
1447 1408 1551 1438 maius
1582 1413 1736 1447 paternae
1767 1408 1868 1448 ipsius
1891 1417 1986 1439 curae
2011 1407 2228 1438 testimonium
2254 1405 2350 1438 habe-

1382 1449 1497 1488 bimus,
1525 1461 1587 1490 quo
1617 1450 1655 1481 ad
1686 1451 1791 1490 ipsum
1819 1450 1925 1491 dignis
1948 1450 2098 1481 laudibus
2121 1449 2349 1481 celebrandum

1381 1493 1485 1532 magis
1515 1503 1551 1524 ac
1580 1493 1685 1534 magis
1713 1493 1901 1525 excitemur.
1947 1492 2014 1525 Sed
2036 1497 2157 1533 quanta
2180 1492 2347 1523 hominum

1381 1541 1431 1566 est
1460 1536 1677 1576 ingratitudo:
1709 1547 1784 1567 nam
1816 1536 2002 1567 ambitiosos
2026 1535 2181 1572 homines,
2213 1541 2245 1566 et
2268 1534 2350 1566 alios

1381 1578 1552 1617 opulentos
1583 1579 1680 1614 viros,
1711 1589 1846 1619 quorum
1869 1589 2000 1610 mensae
2024 1578 2178 1609 bonorum
2204 1577 2349 1609 omnium

1381 1621 1495 1660 plenae
1526 1627 1619 1660 sunt,
1649 1621 1727 1653 adeo
1755 1622 1899 1662 ingratos
1928 1621 2048 1658 videas,
2080 1626 2118 1653 ut
2145 1620 2254 1652 Deum
2283 1630 2347 1651 non

1381 1669 1559 1704 agnoscant
1598 1675 1693 1695 suum
1729 1665 1902 1695 nutricium
1939 1675 1997 1695 nec
2031 1664 2187 1695 bonorum
2223 1663 2348 1703 copiam

1382 1714 1546 1746 acceptam
1566 1707 1627 1747 ipsi
1645 1708 1758 1739 ferant.
1795 1707 2015 1746 Quamobrem
2039 1705 2190 1738 obsecre?
2226 1705 2349 1745 Nempe

1381 1750 1534 1789 quoniam
1559 1750 1667 1781 oculos
1690 1750 1777 1781 ultra
1800 1760 1875 1781 suas
1894 1749 2026 1781 divitias
2049 1760 2113 1781 non
2137 1749 2290 1786 evehunt,
2318 1754 2350 1779 et

1381 1792 1414 1822 in
1435 1792 1527 1823 bonis
1546 1803 1583 1824 ac
1601 1793 1808 1824 facultatibus
1827 1793 1895 1824 suis
1911 1793 2162 1840 conquiescunt:
2182 1791 2236 1823 sed
2249 1801 2349 1831 quum

1382 1835 1472 1866 Deus
1506 1836 1540 1866 in
1574 1836 1647 1867 illas
1681 1835 1889 1868 difficultates
1920 1846 1978 1866 nos
2007 1835 2148 1872 coniicit,
2183 1845 2200 1866 e
2233 1833 2349 1874 quibus

1382 1878 1471 1908 nulla
1490 1882 1538 1909 est
1556 1889 1629 1919 spes
1648 1878 1816 1915 evadendi,
1841 1883 1909 1909 tum
1930 1878 1980 1909 vel
2004 1878 2127 1909 invitos
2150 1878 2231 1915 cogit
2255 1876 2294 1907 ad
2316 1886 2350 1907 se

1356 1951 1357 1956 ,
1382 1921 1488 1960 ipsum
1509 1932 1689 1962 assurgere,
1713 1927 1745 1953 et
1763 1933 1798 1953 re
1817 1922 1887 1961 ipsa
1906 1930 2080 1970 agnoscere
2102 1931 2135 1951 se
2158 1930 2176 1951 a
2189 1920 2260 1950 Deo
2282 1918 2350 1951 solo

1383 1964 1483 1994 foveri
1512 1969 1544 1995 et
1573 1964 1701 1995 nutriri.
1747 1964 1857 2003 Quare
1890 1964 2025 1994 nimium
2051 1963 2168 2004 ingrati
2192 1967 2270 1994 sunt
2294 1961 2350 1992 bo-

1382 2006 1502 2044 mines,
1534 2007 1595 2038 nisi
1625 2011 1751 2038 tantum
1783 2007 1845 2037 Dei
1877 2006 2069 2038 boneficium
2086 1989 2287 2046 agnoscant,
2317 2010 2351 2035 et

1383 2032 1504 2080 nullani
1518 2049 1721 2090 ignorantiae
1738 2050 1978 2081 excusationem
1999 2055 2188 2089 praetexere
2202 2054 2346 2088 possunt,

1381 2102 1479 2131 quum
1493 2091 1583 2123 Deus
1603 2098 1649 2124 tot
1669 2093 1842 2123 benefactis
1862 2097 2030 2141 paternam
2054 2102 2145 2123 suam
2170 2090 2346 2122 bonitatem

1382 2135 1472 2165 nobis
1497 2135 1675 2175 patefictat,
1700 2146 1794 2175 quam
1821 2135 1880 2166 nisi
1905 2140 2082 2175 lgnoscant
2106 2134 2221 2165 merito
2245 2131 2348 2163 rebel-

1383 2177 1474 2208 lionis
1504 2182 1536 2208 et
1566 2179 1787 2209 contumaciae
1821 2182 2013 2209 accusantur
2036 2183 2068 2207 et
2092 2178 2136 2207 rei
2160 2180 2246 2207 sunt.
2293 2173 2348 2206 Sic

1381 2220 1517 2260 exempli
1556 2221 1676 2261 gratia,
1714 2221 1741 2252 si
1780 2220 1997 2260 peregrinanti
2028 2219 2118 2250 nulla
2147 2218 2261 2250 domus
2291 2227 2347 2258 per

1382 2262 1514 2302 longum
1549 2268 1675 2303 tempus
1709 2264 1900 2301 occurrerit,
1932 2263 1962 2293 in
1996 2273 2094 2302 quam
2125 2261 2282 2298 divertat,
2315 2266 2347 2291 et

1381 2304 1495 2336 deinde
1529 2315 1604 2337 casu
1638 2306 1671 2337 in
1707 2306 1874 2347 tugurium
1910 2305 2038 2345 aliquod
2069 2304 2193 2336 ineidat
2221 2304 2253 2334 in
2283 2313 2347 2343 quo

1382 2347 1615 2379 humanissime
1646 2349 1826 2388 recipiatur,
1855 2348 1996 2388 profecto
2027 2348 2089 2379 nisi
2113 2347 2208 2388 plane
2231 2355 2348 2377 saxeus

1382 2397 1430 2421 est
1453 2391 1513 2421 Dei
1545 2391 1697 2423 beneficio
1727 2396 1759 2422 et
1788 2392 1897 2422 favore
1921 2396 2047 2422 tantum
2071 2391 2131 2422 sibi
2157 2389 2346 2421 beneficium

1381 2433 1552 2473 contigisse
1582 2434 1751 2465 fatebitur:
1781 2434 1865 2474 quod
1895 2434 1953 2465 etsi
1978 2433 2169 2464 beneficium
2193 2432 2346 2463 memoria

1354 2483 1356 2507 l
1382 2476 1489 2506 statim
1514 2477 1633 2514 effluat,
1658 2482 1766 2508 tamen
1790 2476 2027 2508 inexcusabiles
2049 2486 2157 2507 coram
2181 2475 2251 2506 Deo
2274 2474 2345 2505 red·

1354 2581 1356 2591 ,
1381 2570 1404 2590 r
1399 2561 1505 2591 nionc
1534 2561 1624 2593 iuvit.

1354 2517 1501 2548 duntur
1522 2519 1676 2566 hemines,
1700 2530 1779 2560 quos
1798 2519 1980 2551 laborantes
2000 2523 2067 2550 tam
2090 2517 2347 2549 extraordinaria

1670 2562 1792 2594 Contra
1823 2572 1900 2593 vero
1932 2562 1983 2593 hic
2013 2560 2128 2598 David,
2161 2571 2255 2601 quem
2286 2560 2345 2592 sibi

1381 2603 1566 2635 satisfacere
1606 2615 1667 2636 non
1704 2615 1796 2645 posse
1829 2604 1861 2636 in
1896 2604 1957 2635 Dei
1991 2604 2096 2645 gratia
2129 2602 2344 2644 praedicanda

1382 2644 1529 2676 videmus
1549 2647 1631 2686 quod
1653 2647 1798 2680 famelico
1817 2657 1933 2688 panem
1953 2646 2102 2684 dedisset,
2127 2646 2211 2677 unde
2231 2646 2344 2678 merito
