2551 3044
129 208 188 238 397

126 303 262 333 cultatos
296 300 453 332 redactus.

127 345 217 375 nobis
247 354 341 384 saepe
364 340 614 374 caecutientibus
638 348 667 370 et
692 339 927 369 dormientibus
950 340 982 369 iu
1013 348 1087 369 nos-

131 394 213 418 tram
248 387 382 418 salutem
424 385 547 424 vigeat,
593 388 624 413 et
666 383 698 412 in
734 388 877 413 nostram
915 381 1086 411 utilitatem

129 431 235 460 omnia
258 429 384 468 dirigat,
415 435 446 458 et
475 437 533 458 sua
556 424 756 465 providentia
780 424 870 455 nobis
898 423 1022 455 occulta
1052 433 1087 454 ea

129 472 167 503 de
190 472 305 512 quibus
330 479 492 509 nunquam
523 468 755 508 cogitassemus
780 467 938 506 praesidia
969 476 1086 512 suppe-

129 515 221 545 ditet:
251 515 359 552 itaque
389 522 483 551 saepe
513 520 610 550 quum
642 510 790 549 ingentes
821 516 946 540 montes
970 514 1087 539 nostris
1112 507 1113 529 ³

513 553 627 592 quibus
668 552 893 592 intercipimur
927 553 995 581 sine
1030 561 1112 590 spe,

130 557 228 588 oculis
262 555 471 590 obiiciuntur,
1028 595 1032 598 -

129 599 251 637 auxilii,
286 599 421 637 ipsemet
455 597 538 626 viam
573 595 676 635 aperit
710 601 741 625 et
770 595 935 634 patefacit:
971 596 997 625 si
1026 604 1084 623 im-

129 651 238 672 manes
261 639 405 680 gurgites
428 639 630 674 obiiciantur,
656 642 769 678 pontes
793 638 907 677 quibus
929 637 998 668 sine
1021 635 1084 666 dis-

126 683 258 715 crimine
281 683 351 713 illos
375 687 575 712 transeamus
600 681 719 712 obiicit.

125 725 164 756 ad
195 731 337 756 nostram
369 724 505 755 salutem
537 724 725 754 necessariis
759 723 913 763 providet,
941 722 1018 753 adeo
1051 724 1085 751 ut

127 778 159 799 re
183 768 250 807 ipsa
274 769 476 807 experiamur
496 767 575 796 nihil
597 776 665 797 esse
690 766 791 797 tutius
811 766 969 796 meliusve
988 774 1084 804 quam

127 821 182 841 nos
207 810 266 850 ipsi
290 816 371 841 totos
395 810 587 849 permittere,
619 816 655 839 ut
678 814 840 849 acceptam
873 808 919 838 illi
944 809 1085 839 feramus

124 896 266 935 persuasi
291 906 341 926 res
364 905 475 926 omnes
499 900 623 925 creatas
647 894 679 924 in
704 895 804 934 ipsius
823 904 892 925 esse
915 898 1085 933 potestate,

123 938 237 978 quibus
260 949 357 977 quum
382 948 460 977 opus
484 938 544 968 erit
568 937 607 967 ad
630 942 773 968 nostrum
794 937 950 967 auxilium
966 942 1084 972 utatur,

125 985 156 1011 et
195 981 424 1020 impedimenta
463 980 572 1010 omnia
611 990 647 1010 ac
686 980 893 1011 difficultates
934 979 1085 1010 facillime

123 1029 260 1063 superet,
284 1023 397 1063 quibus
421 1023 562 1062 alioquin
583 1023 674 1054 facile
699 1029 903 1054 terreremur.
942 1022 988 1053 At
1010 1022 1085 1053 licet

122 1071 207 1096 totus
241 1066 326 1097 orbis
360 1066 392 1096 in
427 1076 483 1096 nos
516 1066 701 1103 couiurarit,
753 1067 811 1097 Dei
843 1072 950 1096 tamen
988 1066 1084 1096 unius

121 1107 325 1148 providentia
349 1109 439 1139 nobis
459 1108 607 1140 sufficiat.
644 1109 734 1140 Haec
754 1110 862 1149 itaque
882 1108 976 1139 valde
996 1108 1085 1139 utilis

123 1151 268 1182 doctrina
297 1152 488 1191 proponitur
519 1152 550 1182 in
580 1151 688 1182 verbis
720 1152 791 1189 illis,
829 1151 945 1192 quibus
976 1150 1085 1181 David

121 1193 264 1233 gladium
288 1194 431 1225 Goliatbi
456 1195 612 1234 reperisse
632 1195 715 1234 apud
736 1195 932 1225 sacerdotem
957 1194 1083 1224 dicitur.

123 1237 192 1267 Iam
232 1242 306 1267 ante
346 1236 580 1268 declaravimus
622 1248 688 1267 rem
725 1237 840 1268 bonam
875 1242 1084 1276 sanctamque

122 1280 228 1317 fuisse,
252 1279 441 1310 dicationem
472 1279 559 1311 illam
582 1280 682 1321 gladii
705 1281 799 1311 istius
829 1281 861 1310 in
891 1280 1083 1316 sanctuario,

121 1329 271 1361 tanquam
303 1323 431 1362 signum
463 1327 653 1362 perpetuum
686 1323 840 1354 victoriae
872 1323 956 1353 illius
987 1333 1083 1362 quam

122 1363 228 1397 David
258 1365 296 1396 de
326 1364 480 1397 Goliathu
511 1371 741 1405 reportaverat,
774 1376 839 1396 non
872 1366 990 1397 virtute
1015 1365 1083 1405 qui-

122 1407 194 1438 dem
226 1408 369 1448 propria,
410 1409 463 1439 sed
498 1409 632 1439 coelitus
675 1409 831 1445 immissa,
872 1418 1083 1449 congressui-o

122 1450 236 1490 alioqui
269 1451 396 1481 Davide
430 1462 501 1482 cum
537 1456 602 1482 tam
634 1451 768 1482 immani
799 1453 930 1492 gigante
962 1451 1083 1481 viribus
1109 1486 1110 1495 ἵ

120 1492 213 1531 longe
242 1494 429 1533 imparibus,
464 1495 526 1525 nisi
553 1495 639 1525 Deus
674 1495 742 1534 ipse
777 1496 863 1525 vires
897 1503 929 1525 et
959 1494 1083 1524 animos

122 1536 182 1575 ipsi
200 1537 391 1568 suffecisset:
413 1537 670 1577 quandoquidem
691 1548 780 1568 arma
800 1537 853 1568 illa
872 1537 989 1577 quibus
1009 1547 1083 1568 eum
1109 1576 1110 1579 Ἰ

122 1588 179 1610 rex
203 1580 321 1610 armari
342 1579 380 1610 ad
404 1590 547 1620 pugnam
570 1586 796 1620 properantem
817 1580 975 1618 voluerat,
999 1581 1082 1612 abie-
1108 1585 1111 1608 1

122 1626 209 1653 cerat
231 1626 383 1661 tanquam
407 1622 466 1653 sibi
491 1623 596 1662 potius
620 1623 849 1662 impedimento
873 1634 967 1663 quam
992 1623 1082 1654 adiu·
1108 1653 1109 1664 ,

123 1671 229 1695 mento
259 1665 376 1697 futura.
422 1665 531 1703 Quare
566 1666 591 1696 si
627 1666 816 1706 simpliciter
850 1667 968 1697 factum
1001 1666 1082 1697 illud

122 1706 230 1738 Saulis
251 1708 392 1748 gladium
417 1707 487 1739 Deo
512 1708 648 1740 dicantis
672 1709 866 1746 intueamur,
890 1710 959 1740 siue
982 1719 1083 1749 prava

121 1749 229 1781 Saulis
262 1757 369 1782 mente
399 1759 430 1783 et
462 1753 649 1788 intentione,
686 1759 810 1783 certum
842 1758 890 1784 est
921 1752 1002 1784 hane
1028 1753 1082 1783 ob—

122 1792 272 1823 lationem
296 1794 391 1826 fuisse
415 1795 543 1826 divinae
567 1795 670 1826 laudis
700 1795 930 1834 testimonium,
959 1801 990 1826 et
1013 1801 1082 1826 tan-

122 1845 216 1875 quam
239 1837 429 1868 sacrificium
452 1838 519 1868 Deo
538 1844 666 1877 gratum
687 1842 719 1868 et
740 1844 916 1877 acceptum.
947 1838 1081 1875 Verum,

122 1882 158 1908 ut
180 1884 253 1909 ante
278 1879 425 1919 diximus,
450 1882 574 1919 profani
596 1881 742 1912 homines
767 1887 799 1912 et
822 1881 1009 1922 hypocritae
1033 1891 1081 1911 so-

121 1920 187 1952 lent
210 1931 266 1952 sua
289 1923 367 1953 vitia
397 1929 428 1954 et
451 1933 567 1962 pravos
595 1924 728 1956 affectus
753 1924 814 1955 Dei
844 1924 966 1965 gloriae
989 1934 1082 1964 prae-
1109 1940 1110 1960 3

120 1969 211 1994 textu
247 1969 363 2005 tegere.
411 1966 465 1998 Sic
498 1967 638 2006 exempli
672 1967 787 2007 gratia,
822 1968 847 1998 si
883 1967 922 1998 ob
956 1973 1082 2007 partam

122 2005 259 2046 aliquam
284 2008 451 2040 victoriam
475 2008 566 2049 ignes
590 2011 822 2041 accendantur:
847 2011 872 2041 si
897 2010 929 2040 in
955 2010 1082 2050 templis

122 2047 264 2080 detracta
288 2051 432 2083 hostibus
455 2052 556 2092 spolia
585 2059 616 2083 et
640 2053 759 2084 vexilla
783 2053 1026 2093 suspendantur
1049 2055 1082 2083 in

122 2096 309 2131 perpetuam
342 2095 494 2126 victoriae
518 2096 715 2134 memoriam,
747 2095 897 2127 videntur
927 2096 989 2127 ista.
1012 2096 1082 2136 qui-

123 2133 194 2164 dem
234 2135 361 2175 publica
394 2139 550 2177 quaedam
591 2140 782 2179 protestatio
824 2139 951 2170 divinae
986 2139 1081 2169 bene-

125 2175 288 2215 volentiae,
312 2179 401 2210 cuius
420 2181 540 2212 auxilio
562 2182 695 2213 victoria
714 2186 807 2222 parta
826 2182 875 2218 sit,
899 2182 952 2212 sed
975 2188 1082 2212 tamen

124 2219 182 2250 hac
214 2221 336 2252 ratione
369 2233 444 2254 suae
477 2223 599 2264 gloriae
632 2224 729 2255 etiam
762 2224 910 2255 homines
940 2224 1081 2261 student,

124 2262 179 2301 qui
210 2262 415 2296 nihilominus
445 2266 508 2297 Dei
544 2266 664 2307 gloriae
699 2267 840 2298 maximo
871 2267 977 2298 studio
1007 2268 1081 2298 ferri

123 2304 227 2335 videri
251 2306 369 2338 volunt.
415 2307 693 2347 Quemadmodum
725 2310 801 2340 olim
826 2312 984 2350 propheta
1007 2320 1080 2341 eon-

124 2346 315 2386 querebatur
345 2349 383 2381 de
409 2350 447 2381 iis
476 2353 530 2391 qui
553 2352 685 2384 Domini
717 2353 817 2384 altare
842 2353 980 2384 victimis
1006 2363 1081 2384 one-

124 2389 248 2438 rabant,
272 2392 360 2430 quasi
383 2394 489 2424 omnia
513 2405 570 2427 sua
593 2395 663 2426 Deo
686 2401 817 2435 accepta
841 2396 964 2426 ferrent
988 2396 1080 2427 debe·
1107 2416 1108 2432 1

126 2442 214 2472 rique
244 2441 471 2473 agnoscerent:
505 2437 560 2468 sed
590 2439 720 2469 interim
751 2438 813 2470 sibi
845 2439 921 2478 ipsis
958 2439 1082 2478 retique
1107 2471 1109 2474 ,

125 2485 182 2523 suo
214 2476 444 2515 sacrificabant,
478 2489 618 2520 suaeque
652 2481 783 2512 virtutis
818 2480 996 2512 industriae
1029 2481 1082 2512 ad-

124 2518 314 2555 scribebant,
348 2526 378 2549 et
408 2522 490 2560 apud
521 2524 638 2563 vulgus
668 2523 905 2564 praedicabant.
958 2523 1080 2555 Verum

124 2569 331 2600 quaecunque
373 2572 462 2594 mens
503 2563 610 2597 Saulis
652 2567 762 2598 fuerit:
804 2566 895 2598 Deus
937 2567 1082 2606 gladium

124 2604 221 2634 istum
255 2602 399 2635 Goliathi
433 2616 489 2637 sua
522 2609 724 2647 providentia
753 2609 787 2640 in
818 2620 911 2641 usum
942 2609 1081 2641 Davidis

123 2645 283 2678 reservari
304 2646 414 2678 voluit.

798 204 839 233 ΙΝ
866 204 890 233 1.
918 203 1003 233 Llss.
1029 203 1229 234 sAMUEL.
1255 204 1353 236 CAP.
1380 206 1475 236 XXI.

511 298 596 329 Hinc
637 302 770 337 apparet
804 296 963 336 quomodo
999 296 1115 326 Deus'

766 681 914 720 Denique
936 678 1085 710 omnibus
1110 684 1111 689 ¹

1109 809 1111 819 ¹
1138 807 1192 838 illa
1224 819 1287 839 non
1319 815 1375 841 est.

126 859 221 884 vitam
255 860 404 889 nostram,
440 858 471 882 et
505 852 601 882 totius
636 852 722 882 vitae
758 851 964 887 curriculum,
998 856 1111 893 certo}

2042 210 2103 238 :st

1113 337 1114 342 1
1227 298 1396 330 Caeterum
1429 301 1549 331 mentio
1583 301 1737 340 quaedam
1775 301 1877 332 obiter
1910 301 2105 333 iuteriieitur

1113 343 1115 374 ζ
1141 338 1256 379 Doegi,
1289 342 1343 381 qui
1368 343 1601 381 potentissimus
1626 347 1790 382 pastorum
1821 343 1901 375 Saul
1928 345 2028 382 fuisse
2058 344 2104 375 di-

1113 380 1115 420 ]
1141 381 1233 412 citur.
1282 384 1345 415 Sed
1377 385 1409 415 in
1439 386 1629 425 explicanda
1660 386 1752 417 istius
1784 388 1958 417 autoritate
1981 387 2103 418 diutius

1112 421 1203 464 {non
1241 426 1494 465 immorabimur,
1529 429 1554 459 si
1586 429 1714 468 quidem
1746 440 1808 460 non
1843 440 1906 460 uno
1940 430 2008 461 loeo
2043 430 2103 461 (lici

1113 468 1248 498 iomnia
1283 478 1431 508 possunt:
1476 471 1685 502 nihilominus
1719 471 1821 503 obiter
1855 472 2103 511 observandum,

1139 519 1236 548 quare
1269 513 1511 550 potentissimus
1546 515 1595 544 vel
1627 515 1816 554 praecipuus
1847 516 1931 545 inter
1961 520 2103 555 pastores

1140 552 1275 587 dicatur,
1337 555 1420 585 Nam
1462 556 1604 587 insolens
1646 557 1746 588 videri
1789 565 1894 597 posset
1930 559 1960 588 in
1996 558 2103 597 aliquo

1139 594 1306 634 dignitatis
1337 598 1437 637 gradu
1469 598 1577 629 haberi
1611 600 1657 629 vcl
1694 600 1866 640 opilionem
1903 601 1952 631 vel
1989 602 2102 632 bubul-

1138 640 1261 679 cum-⁴⁵),
1294 640 1366 670 licet
1390 641 1439 671 vel
1474 642 1557 681 regis
1585 647 1731 673 armenta
1761 643 1811 674 vel
1839 654 1953 684 greges
1985 651 2102 683 pascat,

1137 684 1169 710 et
1200 682 1330 720 reliquis
1363 683 1564 713 inferioribus
1595 686 1773 724 praefectus
1803 686 1853 717 sit.
1899 686 2024 716 Verum
2048 688 2101 717 ob-

1137 724 1295 754 servanda
1325 731 1371 755 est
1403 726 1499 756 otiam
1525 731 1704 766 temporum
1737 733 1767 758 et
1798 729 1966 769 regionum
1996 729 2097 760 diverr

1110 789 1112 803 ,
1138 765 1225 801 sitas,
1256 778 1331 797 nam
1362 768 1444 807 quod
1475 774 1522 799 est
1554 770 1584 799 in
1617 770 1676 801 hac
1707 771 1836 810 regione
1855 782 2033 809 commune,
2068 773 2100 803 in

1421 811 1464 841 Et
1493 811 1596 843 adhuc
1627 813 1720 843 hodie
1750 813 1868 844 multos
1897 824 2045 854 proceres
2070 820 2101 846 et

1138 851 1307 889 primarios
1338 853 1426 883 viros
1451 854 1567 891 videas,
1600 866 1662 886 non
1686 856 1789 886 solum
1813 857 2027 896 amplissimos
2054 869 2101 888 re-

1139 893 1224 924 ditus
1249 904 1287 925 ex
1319 896 1470 935 gregibus
1502 901 1532 927 et
1564 899 1717 929 armentis
1749 899 1881 936 babere,
1916 899 1971 930 sed
2006 901 2100 931 etiam

1138 946 1304 967 servorum
1334 939 1456 978 copiam
1489 941 1541 979 qui
1573 940 1690 980 singuli
1722 942 1787 972 suis
1819 943 1972 982 gregibus
1996 949 2027 973 et
2050 954 2099 974 ar-

1110 1003 1111 1018 ,
1137 980 1256 1010 mentis
1279 982 1431 1021 praesint7
1455 982 1532 1012 adeo
1558 988 1591 1013 ut
1616 984 1759 1022 ipsorum
1789 985 1956 1016 facultates
1981 996 2042 1016 non
2067 987 2099 1017 in

1138 1023 1207 1052 auri
1233 1030 1289 1052 aut
1312 1024 1439 1063 argenti
1463 1025 1563 1064 copia,
1593 1027 1647 1056 sed
1672 1027 1704 1056 in
1729 1033 1950 1058 armentorum
1974 1034 2006 1058 et
2029 1040 2101 1069 gre-

1109 1083 1111 1096 1
1138 1074 1215 1104 gum
1240 1065 1439 1098 abundantia
1463 1069 1631 1099 consistat:
1664 1069 1747 1109 quod
1777 1070 1905 1109 quidem
1935 1082 2012 1102 sane
2037 1082 2100 1102 non

1138 1107 1257 1147 ubique
1288 1108 1448 1140 laudabile
1480 1116 1540 1148 est,
1573 1111 1627 1141 sed
1659 1113 1751 1142 multi
1783 1113 1848 1143 vile
1879 1118 1910 1143 et
1941 1113 2099 1145 abiectum

1137 1151 1223 1181 vitae
1236 1161 1338 1191 genus
1352 1153 1547 1183 existimant·
1570 1154 1692 1185 Idcirco
1706 1155 1771 1185 dixi
1785 1155 2014 1186 advertendam
2029 1167 2100 1188 esse

1136 1198 1318 1233 temporum
1351 1200 1382 1225 et
1406 1195 1573 1235 regionum
1605 1196 1835 1228 diversitatem.
1881 1198 2100 1237 Quemadmo—

1138 1237 1214 1267 dum
1239 1242 1271 1267 et
1296 1237 1390 1268 hodie
1414 1249 1505 1279 reges
1529 1249 1602 1269 suos
1626 1240 1722 1271 etiam
1755 1240 1871 1271 habere
1895 1242 2097 1278 stabularios,

1137 1290 1274 1319 quorum
1298 1280 1436 1311 officium
1470 1286 1517 1312 est
1540 1292 1638 1321 equos
1662 1287 1693 1313 et
1716 1283 1818 1314 mulos
1842 1284 1935 1322 alere,
1966 1296 2005 1315 cx
2030 1286 2097 1324 qui-

1139 1323 1198 1353 bus
1222 1323 1399 1354 maximum
1432 1324 1551 1355 habeut
1581 1325 1731 1356 reditum.
1777 1326 1899 1357 Eadem
1928 1327 2025 1367 igitur
2049 1338 2098 1358 ra-

1138 1366 1222 1395 tione
1253 1365 1312 1397 hoe
1345 1367 1409 1397 loco
1434 1367 1535 1406 Doegi
1564 1372 1716 1407 tanquam
1747 1369 1933 1400 excellentis
1963 1370 2099 1401 alicuius

1137 1413 1168 1438 et
1198 1408 1369 1448 primariae
1398 1410 1578 1440 autoritatis
1610 1411 1670 1441 viri
1701 1411 1786 1442 inter
1816 1411 1902 1451 regis
1929 1423 2039 1444 servos
2063 1415 2099 1444 fit

1138 1451 1265 1482 mentio.
1311 1451 1439 1482 Dicitur
1468 1458 1576 1483 autem
1603 1453 1684 1492 Doey
1712 1454 1764 1485 ille
1790 1454 1889 1492 faisse
1915 1455 1944 1485 ἱιι
1969 1455 2018 1485 die
2046 1456 2099 1487 illa

1137 1494 1219 1524 intus
1247 1494 1441 1526 tabernaculo
1469 1494 1613 1526 Domini:
1647 1501 1678 1527 et
1712 1495 1839 1527 videtur
1873 1508 1909 1527 ec
1944 1498 2097 1537 peculiari

1136 1537 1273 1576 quadam
1299 1537 1453 1577 religione
1478 1537 1591 1569 duetus
1616 1539 1750 1569 venisse.
1796 1539 1879 1570 Nam
1910 1540 1936 1570 si
1960 1541 2003 1571 ibi
2027 1549 2097 1572 tan-

1136 1584 1204 1610 tum
1230 1580 1391 1610 habitasse
1416 1580 1584 1616 diceretur,
1616 1587 1671 1611 aut
1701 1592 1775 1612 casu
1807 1582 1911 1621 aliquo
1940 1584 1974 1613 in
2005 1594 2096 1615 sanc-

1137 1623 1242 1653 tuario
1267 1623 1374 1661 fuisse,
1399 1634 1461 1653 non
1486 1630 1593 1663 posset
1617 1624 1654 1654 ad
1677 1625 1735 1655 Dei
1758 1624 1881 1656 cultum
1901 1625 1955 1656 illa
1973 1628 2097 1657 mansio

1136 1666 1258 1702 referri,
1288 1666 1343 1695 sed
1374 1676 1411 1696 ea
1434 1667 1613 1705 praesentia
1645 1666 1683 1697 de
1706 1677 1767 1706 qua
1790 1667 1841 1698 hie
1867 1678 1970 1699 sermo
1994 1669 2097 1700 iniici-

1137 1716 1197 1745 tur,
1228 1708 1368 1739 ostendit
1391 1719 1463 1739 eum
1488 1709 1642 1749 religione
1671 1710 1844 1740 adductum
1876 1721 1986 1750 preces
2011 1712 2097 1752 apud

1135 1750 1241 1782 Deum
1266 1751 1397 1785 fudisse.
1428 1758 1459 1781 et
1483 1752 1633 1791 pietatem
1659 1763 1733 1792 prae
1765 1764 1797 1783 sc
1823 1753 1933 1784 tulisse
1956 1754 2038 1793 quod
2063 1755 2096 1785 in

1136 1794 1240 1826 locum
1266 1804 1339 1824 eum
1363 1795 1554 1831 secessisset,
1585 1805 1677 1833 quem
1702 1795 1761 1825 sibi
1787 1796 1875 1826 Deus
1899 1796 2041 1836 elegerat
2063 1798 2096 1828 in

1135 1847 1197 1876 quo
1233 1848 1347 1867 nomeu
1384 1847 1476 1867 suum
1512 1837 1733 1868 invocaretur:
1769 1838 1863 1869 hodie
1897 1849 1974 1869 vero
2008 1850 2098 1871 mera

1136 1879 1320 1919 superstitio
1352 1885 1383 1910 et
1407 1879 1587 1911 idololatria
1617 1879 1765 1911 habenda
1788 1888 1835 1912 est
1859 1882 1885 1912 si
1909 1882 1980 1921 quis
2004 1892 2096 1921 pecu-

1136 1923 1247 1953 liarem
1272 1922 1411 1961 aliquem
1435 1923 1620 1962 religiosum
1652 1923 1755 1954 locum
1787 1923 1824 1954 ad
1856 1934 1966 1964 preces
1990 1924 2095 1963 habet,

1108 1980 1110 2004 =,
1135 1965 1403 2006 quemadmodum
1447 1965 1540 1996 hodie
1580 1967 1719 2005 papistas
1762 1966 1908 1997 videmus
1941 1977 2094 2007 magnum

1135 2008 1296 2048 quendam
1321 2007 1441 2038 cultum
1470 2009 1526 2038 Dei
1551 2009 1583 2038 in
1607 2010 1672 2039 suis
1697 2009 1758 2039 illis
1778 2010 2094 2049 peregrinationibus

1135 2052 1341 2087 constituere,
1365 2055 1395 2081 et
1419 2051 1457 2081 ab
1482 2052 1630 2082 omnibus
1650 2051 1838 2082 criminibus
1863 2051 2095 2083 absolutionem

1135 2093 1316 2135 imaginari,
1342 2094 1436 2124 etiam
1462 2094 1488 2123 si
1509 2105 1547 2123 ex
1567 2098 1640 2124 voto
1653 2094 1758 2125 Iaeobi
1774 2094 1822 2124 vel
1836 2094 1995 2126 Dominae
2007 2095 2096 2126 Lau-

1135 2142 1289 2168 rentanae
1320 2136 1471 2167 sacellum
1502 2136 1551 2166 vel
1584 2147 1710 2167 sacrum
1740 2137 1824 2177 quod
1849 2144 1964 2168 vocant
1988 2139 2094 2178 sepul-

1135 2191 1223 2211 erum
1248 2179 1477 2219 perlustrarint
1502 2179 1549 2209 vel
1574 2179 1706 2210 ludicris
1725 2179 1914 2219 quibusdam
1935 2190 2094 2212 caeremo-

1136 2223 1208 2261 niis,
1237 2233 1316 2262 quas
1345 2222 1403 2252 sibi
1435 2223 1617 2259 finxerunt,
1650 2223 1755 2253 Deum
1787 2222 1847 2253 sibi
1879 2222 2093 2254 devinxerint.

1136 2266 1222 2297 Sane
1242 2264 1396 2305 quamdiu
1421 2265 1573 2304 populum
1597 2275 1691 2295 suum
1717 2265 1805 2296 Deus
1828 2264 1887 2295 sub
1911 2265 1991 2305 legis
2015 2266 2095 2306 figu-

1135 2310 1177 2340 ris
1207 2314 1238 2339 et
1269 2307 1389 2338 umbris
1421 2307 1624 2347 gubernavit,
1658 2318 1720 2338 non
1752 2306 1885 2338 fuerunt
1914 2308 1969 2338 illa
2003 2319 2095 2339 exer-

1135 2352 1208 2383 citia
1227 2349 1436 2390 reprobanda.
1472 2349 1753 2388 Quemadmodum
1767 2356 1797 2381 et
1811 2350 1971 2381 Davidem
1989 2351 2095 2390 ipsun]

1135 2395 1166 2425 iu
1191 2393 1317 2433 magnis
1350 2392 1415 2423 suis
1446 2392 1617 2423 eiulatibus
1648 2392 1686 2422 de
1715 2393 1775 2424 hoc
1801 2403 1864 2423 uno
1886 2393 1977 2432 queri
2009 2393 2094 2424 vide-

1135 2447 1216 2475 mus,
1239 2446 1304 2466 non
1327 2435 1424 2466 licere
1449 2434 1508 2466 sibi
1531 2446 1604 2466 cum
1636 2435 1767 2466 Domini
1792 2445 1889 2476 grege
1912 2437 2094 2473 convenire,

1135 2486 1166 2511 et
1189 2479 1298 2510 laudes
1322 2478 1422 2517 ipsius
1446 2477 1479 2507 in
1503 2477 1645 2508 fidelium
1665 2484 1756 2509 coetu
1777 2478 1958 2515 decantare,
1983 2478 2094 2509 fidem-

1134 2533 1195 2564 que
1219 2531 1309 2552 suam
1333 2520 1485 2560 profiteri.
1519 2520 1653 2551 Factum
1678 2521 1776 2560 igitur
1790 2521 1874 2552 istud
1888 2520 1991 2561 Doegi
2004 2522 2095 2553 euius

1133 2566 1185 2597 hic
1214 2565 1250 2595 fit
1280 2563 1398 2594 mentio
1429 2573 1485 2602 per
1519 2573 1552 2593 se
1581 2562 1711 2603 quidem
1741 2563 1861 2594 bonum
1893 2568 1924 2594 et
1947 2570 2094 2596 sanctum

1204 2659 1232 2691 ³³)
1250 2658 1351 2684 Locum
1361 2656 1390 2681 in
1405 2655 1444 2681 ed.
1459 2656 1584 2689 principe
1594 2659 1749 2690 corruptam
1763 2664 1794 2683 ez
1805 2657 1912 2683 conieet.
1924 2657 2095 2684 restituimus.
