2551 3044
417 231 481 263 623
1225 228 1428 261 HOMILIA
1451 229 1594 262 XCVII.
2341 229 2405 263 624

417 325 477 358 sibi
512 324 634 354 victum
663 322 906 362 quaesiturum,
944 331 981 354 ac
1011 321 1147 363 proinde
1177 322 1308 361 gavisus
1337 328 1385 353 est
1409 328 1411 332 ¹

418 370 523 408 ipsum
553 375 622 397 esse
653 365 826 395 finitimum
853 364 1020 402 Israelitis,
1045 370 1083 395 ut
1105 365 1333 396 contineantur
1353 369 1385 396 et

417 410 569 442 continue
606 408 720 449 agitati
757 407 996 439 incursionibus
1030 407 1157 439 facilius
1187 407 1337 448 deinceps
1367 418 1386 439 a

419 464 453 485 se
475 451 686 483 debellentur.
722 450 786 482 Sed
810 449 901 481 Deus
925 449 1096 481 consilium
1120 450 1205 482 istud
1227 451 1259 481 in
1283 450 1385 491 ipsius

419 495 644 528 confusionem·
673 493 784 524 vertit.

417 592 475 612 nas
488 581 566 620 ipsis
586 579 678 610 laxas
701 579 874 618 aliquando
898 579 1076 620 permittat,
1101 584 1208 610 tamen
1232 579 1265 610 in
1290 585 1383 619 caput

417 667 563 698 siliorum
587 671 723 696 eventus
747 665 860 696 facere.
907 664 972 696 Nos
996 664 1097 705 igitur
1119 665 1204 705 regis
1228 665 1328 696 Achis
1353 670 1384 694 et

417 716 617 740 caeterorum
654 707 802 747 exemplo
837 707 997 739 discamus
1022 707 1102 738 nihil
1134 707 1222 738 ultra
1252 706 1383 738 modum

417 758 580 793 appetere,
611 760 651 781 ne
681 750 824 790 undique
847 760 996 781 corrasae
1019 761 1095 790 opes
1118 751 1199 782 fiant
1224 750 1315 781 nobis
1339 750 1384 779 la-

415 805 517 835 queus
559 804 621 833 quo
661 793 920 834 strangulemur:
963 792 1019 824 sed
1053 793 1092 824 iis
1125 794 1269 824 contenti
1304 802 1384 832 quac

416 838 509 868 Deus
523 836 671 876 largitur,
694 846 735 866 ne
747 837 883 867 aliorum
896 835 1106 868 incommodis
1125 843 1157 867 et
1180 835 1383 867 detrimentis

417 881 574 911 ditescere
598 879 777 919 cupiamus.

502 922 604 953 Porro
637 921 798 952 Davidem
833 922 864 953 in
900 921 938 953 iis
971 932 1053 962 quae
1087 926 1267 961 sequuntur
1296 919 1384 950 omni

418 966 513 1006 culpa
527 965 662 995 liberare
675 974 740 995 non
753 974 933 1004 possumus,
955 965 1040 1005 quod
1060 964 1200 1005 primum
1224 961 1383 994 mendacii

419 1015 580 1045 teneatur,
615 1007 873 1048 quandoquidem
910 1007 1066 1039 simulans
1101 1018 1134 1038 se
1165 1008 1196 1037 in
1229 1006 1384 1047 populum

418 1051 520 1082 Iudae
550 1051 655 1082 faeere
683 1050 856 1090 impetum,
891 1056 921 1081 et
951 1061 970 1082 a
999 1060 1073 1089 rego
1103 1050 1320 1088 interrogatus
1349 1048 1383 1078 in
1410 1059 1411 1064 ¹

417 1094 667 1134 quosirruisset,
692 1093 907 1133 respondebat
919 1104 952 1125 se
971 1100 1083 1124 contra
1104 1092 1269 1123 meridiem
1282 1090 1383 1122 Iudae

419 1144 449 1168 et
484 1144 598 1168 contra
630 1136 797 1166 meridiem
831 1136 912 1167 Geni
946 1137 1093 1167 irruisse:
1134 1146 1231 1175 quum
1274 1142 1383 1165 tamen

418 1179 571 1220 praedam
601 1184 711 1219 ageret
740 1177 778 1209 de
802 1178 974 1210 Gessureis
1005 1185 1036 1209 et
1060 1179 1204 1209 Girsaeis
1231 1182 1262 1208 et
1285 1178 1384 1208 Ama-

420 1223 530 1259 lecitis,
567 1221 721 1253 adversus
754 1232 834 1261 quos
865 1228 973 1253 tamen
1006 1222 1127 1252 nullam
1160 1221 1223 1251 odii
1253 1229 1383 1251 causam

418 1265 566 1301 habebat,
591 1271 622 1295 et
642 1264 778 1305 proinde
802 1264 957 1296 adversus
981 1275 1089 1305 regem
1109 1264 1251 1304 graviter
1274 1272 1384 1303 peeca—

419 1309 483 1339 bat.
530 1307 614 1338 Nam
644 1317 744 1347 quum
776 1312 841 1338 tam
873 1308 1057 1338 humaniter
1086 1307 1125 1338 ab
1149 1307 1249 1338 Achis
1273 1306 1385 1337 fuisset

420 1356 583 1392 exceptus,
606 1360 706 1390 quare
725 1350 785 1390 ipsi
804 1356 874 1381 erat
893 1351 1040 1385 iniurius,
1064 1360 1163 1390 quare
1184 1349 1330 1390 querelas
1354 1353 1386 1378 et

421 1394 515 1433 bella,
546 1399 705 1433 quatenus
728 1394 760 1423 in
784 1403 818 1424 se
842 1400 898 1431 est,
922 1393 983 1433 ipsi
1006 1393 1154 1424 suscitat:
1186 1392 1276 1424 nulla
1298 1393 1384 1423 enim

420 1436 633 1468 excercebant
662 1434 735 1466 odia
764 1436 848 1466 inter
870 1446 903 1466 sc
930 1436 1097 1467 Philistaci
1120 1440 1152 1467 et
1176 1435 1330 1467 Gessurei
1353 1438 1386 1465 et

421 1479 550 1511 Girsaei
573 1484 605 1509 et
628 1478 836 1509 Amalecitae.
861 1478 970 1518 Quare
994 1479 1093 1519 igitur
1110 1478 1215 1509 David
1239 1477 1384 1510 odiorum

421 1528 453 1553 et
467 1521 623 1552 bellorum
636 1530 749 1552 causas
767 1521 868 1552 serit?
893 1532 991 1561 quare
1010 1532 1075 1553 non
1099 1521 1216 1553 melius
1239 1520 1385 1562 agnoscit

421 1571 588 1604 acceptum
620 1573 638 1594 a
667 1574 742 1604 rege
769 1564 983 1596 beneficium?
1029 1565 1185 1596 Graviter
1207 1565 1308 1605 igitur
1330 1563 1386 1594 ad-

421 1617 536 1639 versus
566 1617 673 1647 regem
707 1606 813 1639 David
842 1608 998 1648 peccavit:
1037 1607 1154 1638 deinde
1184 1615 1215 1638 et
1245 1609 1278 1638 in
1307 1606 1385 1637 alios

422 1650 550 1681 videtur
580 1650 677 1680 etiam
707 1650 807 1681 fuisse
830 1650 983 1688 iniurius,
1014 1650 1098 1691 quod
1131 1650 1229 1682 nullis
1260 1649 1385 1681 iniuriis

421 1692 598 1729 lacessitus,
629 1702 688 1723 nec
718 1701 913 1733 provocatus
936 1693 975 1724 ab
998 1693 1084 1733 ipsis,
1109 1693 1142 1724 in
1167 1693 1253 1733 ipsos
1276 1698 1385 1723 tamen

422 1735 532 1766 feeerit
567 1735 721 1774 impetum
756 1740 787 1766 et
817 1735 968 1776 praedam
1003 1737 1164 1776 abegerit,
1200 1742 1235 1767 ut
1268 1736 1385 1766 iustam

422 1779 574 1817 deinceps
617 1778 768 1809 habuisse
808 1788 936 1810 causam
973 1779 1171 1810 Amaleeitae
1212 1778 1387 1810 videantur

421 1821 482 1862 ipsi
502 1820 620 1851 bellum
639 1819 799 1852 inferendi
820 1828 852 1852 et
876 1822 987 1853 urbem
1012 1821 1139 1862 Siceleg
1162 1821 1310 1852 incendio
1333 1831 1386 1852 va-

421 1863 544 1896 standi:
574 1863 657 1902 quod
692 1873 746 1894 eos
775 1863 860 1895 ultro
890 1870 1096 1906 provocasset
1119 1870 1150 1895 et
1173 1864 1386 1904 depraedatus

422 1913 515 1938 esset.
561 1906 754 1945 Quanquam
779 1907 862 1946 quod
887 1908 926 1938 ad
950 1907 1036 1938 istud
1060 1908 1192 1938 attinet:
1223 1907 1315 1938 facile
1339 1912 1385 1937 est

422 1949 615 1989 respondere
634 1949 753 1979 Davidi
772 1949 902 1981 licuisse
926 1950 1059 1991 populos
1082 1950 1155 1981 illos
1178 1949 1386 1991 pessumdare

421 1991 529 2033 populi
561 1992 622 2022 Dei
660 1992 816 2023 inimicos.
867 1993 951 2024 Nam
983 1994 1009 2024 si
1043 1993 1115 2033 quis
1145 1993 1282 2033 excipiat
1313 2003 1386 2023 eum

421 2035 567 2067 nondum
598 2033 637 2065 ad
669 2034 860 2075 dignitatem
897 2036 1017 2076 regiam
1048 2036 1253 2076 pervenisse,
1285 2046 1386 2075 neque

422 2078 528 2110 adhuc
551 2087 713 2108 armorum
738 2084 931 2118 potestatem
945 2080 1121 2118 accepisse:
1147 2079 1210 2110 iam
1234 2084 1309 2109 aute
1333 2079 1387 2109 do-

424 2122 551 2153 cuimus
575 2130 639 2150 non
662 2120 792 2160 quidem
822 2121 973 2153 habuisse
1003 2121 1164 2153 Davidem
1195 2127 1386 2162 potestatem
1412 2120 1414 2135 ²

424 2166 456 2195 in
480 2163 611 2195 Saulem
647 2164 936 2201 animadvertendi,
966 2170 1151 2205 statumque
1183 2165 1385 2202 immutandi,
1412 2166 1413 2171 ’

424 2207 524 2238 donec
558 2216 576 2236 a
610 2206 679 2237 Deo
714 2212 899 2239 vocaretur:
940 2207 994 2238 sed
1037 2214 1145 2239 tamen
1181 2207 1385 2238 autoritatem

423 2249 575 2281 habuisse
600 2249 746 2280 inimicos
770 2251 878 2290 popuii
906 2250 964 2281 Dei
988 2250 1141 2282 caedendi
1173 2258 1204 2281 et
1235 2251 1385 2281 extermi-
1413 2255 1414 2258 ’

421 2292 537 2324 naudi:
572 2302 634 2331 quo
668 2293 737 2323 iure
769 2293 865 2324 etiam
898 2294 1034 2334 stipatus
1069 2294 1127 2324 fuit
1161 2293 1224 2324 illis
1258 2294 1312 2333 qui
1347 2293 1387 2324 ad

421 2336 526 2375 ipsum
558 2335 774 2375 confugerunt
810 2336 984 2367 militibus:
1018 2336 1077 2368 etsi
1112 2336 1192 2367 nihil
1223 2337 1325 2376 potuit
1354 2337 1387 2366 in

422 2379 532 2410 Saulis
571 2379 743 2417 perniciem
781 2379 895 2409 moliri.

423 2422 601 2462 pertinaces
626 2421 756 2451 fuerunt
780 2422 888 2461 populi
911 2422 970 2453 Dei
995 2423 1114 2463 hostes,
1139 2429 1174 2453 ut
1193 2422 1306 2452 merito
1330 2432 1386 2452 ex-

424 2463 618 2495 terminandi
650 2464 778 2495 fuerint.
826 2464 936 2504 Quare
963 2465 1065 2497 David
1099 2476 1153 2496 eos
1181 2465 1297 2496 merito
1327 2464 1387 2495 etsi

422 2518 487 2538 non
516 2506 613 2537 semel
650 2512 681 2537 et
710 2508 837 2547 penitus
867 2508 1106 2545 exterminavit,
1137 2507 1248 2539 multis
1279 2513 1386 2538 tamen

422 2550 554 2591 proeliis
578 2549 667 2580 fudit.

422 2593 636 2633 praedixerat,
661 2604 694 2623 se
717 2593 873 2624 adversus
897 2594 982 2634 ipsos
1006 2601 1234 2634 pugnaturum,
1259 2600 1287 2624 et
1312 2602 1386 2624 con-

425 2637 558 2667 trarium
597 2636 662 2667 fore
695 2635 797 2667 donec
834 2647 897 2667 una
932 2638 1150 2668 internecione
1185 2636 1413 2667 tt‘·llerentur.1

424 2678 641 2717 Quamobrem
667 2690 766 2719 quum
791 2679 847 2710 tali
871 2680 1032 2710 sententia
1052 2680 1184 2711 Domini
1202 2678 1386 2710 Hamaleci-
1412 2674 1413 2690 ¹

1410 598 1411 608 t
1438 580 1479 610 im
1507 579 1724 611 erscrutabile.

416 625 522 664 ipsum
555 622 676 653 malum
701 621 871 653 consilium
895 628 1090 661 retorquere,
1120 626 1152 653 et
1175 622 1289 653 inanes
1312 632 1384 653 eon·
1410 611 1411 632 ³
1484 589 1503 619 p

950 2379 1172 2411 Hamalecitae
1211 2389 1286 2410 vcro
1321 2385 1414 2409 tam³

715 2549 806 2580 Deus
825 2551 910 2581 enim
936 2558 1001 2581 tam
1026 2551 1121 2592 longo
1145 2556 1219 2582 ante
1243 2557 1386 2590 tempore
1412 2549 1413 2563 ³

1438 330 1488 355 tae
1518 322 1723 355 condemnati
1755 331 1879 359 essent,
1910 323 2025 354 merito
2058 323 2165 355 David
2198 333 2318 364 poenas
2346 335 2404 365 po-

1438 366 1549 407 poscit,
1573 372 1604 396 et
1628 364 1821 405 sanguinem
1834 375 1945 397 eorum
1965 365 2063 397 fudit:
2088 366 2224 407 ideoque
2247 376 2311 397 non
2334 376 2404 399 esse

1439 407 1740 449 reprehendendum
1765 408 1824 440 hoc
1844 408 1991 439 nomine:
2014 408 2214 450 eandemque
2237 418 2307 441 esse
2329 409 2404 441 reli·

1410 483 1412 492 s
1437 462 1572 492 quorum
1597 450 1801 491 populorum,
1832 451 1885 491 qui
1917 451 2028 491 populi
2051 452 2110 483 Dei
2146 451 2268 483 inimici
2299 456 2403 491 erant,

841 492 895 525 Sic
929 492 1009 524 solet
1042 493 1132 524 Deus
1164 493 1383 534 improborum
1410 502 1411 508 ¹

416 538 587 570 homiuum
602 536 768 567 ardentem
794 536 966 566 avaritiam
990 535 1110 573 ulcisci,
1135 543 1166 567 et
1190 536 1263 568 licet
1286 536 1383 567 habe·
1410 547 1411 557 ¹

1438 494 1606 525 rationem.
1649 493 1711 525 Hic
1735 494 1833 535 igitur
1859 493 2013 525 admirari
2038 505 2096 526 nos
2117 500 2245 535 oportet
2269 493 2400 526 divinae

1437 536 1658 577 providentiae
1681 536 1908 568 admirandum
1932 547 2011 577 opus
2035 537 2126 569 nobis
2145 537 2347 578 incognitum
2371 541 2404 568 et

1771 579 1854 611 Nam
1887 580 1911 611 si
1936 579 2043 611 David
2074 580 2106 611 in
2138 579 2239 611 Iudae
2269 579 2405 612 desertis

1437 628 1594 662 perpetuo
1623 621 1784 659 latuisset,
1823 633 1887 653 non
1914 622 2081 654 habuisset
2109 623 2330 654 Hamaleeit-as
2359 623 2405 654 in-

1437 663 1575 696 festandi
1595 665 1810 697 occasionem:
1834 665 1992 705 siquidem
2018 676 2072 697 eos
2093 665 2172 698 Saul
2196 675 2259 697 non
2279 665 2405 697 adorie-

1439 708 1542 745 batur,
1566 713 1597 739 et
1620 708 1652 738 iu
1674 707 1834 739 Davidem
1859 719 1955 748 quam
1979 708 2012 739 in
2036 708 2109 740 illos
2127 709 2247 745 hostes,
2271 707 2310 739 dc
2333 709 2405 748 qui-

1438 749 1497 782 bus
1527 750 1783 782 exterminandis
1813 761 2003 791 expressum
2038 751 2227 782 mandatum
2256 750 2404 789 habebat,

1438 794 1542 824 facere
1591 794 1750 833 impetum
1797 794 1947 825 malebat.
2005 794 2112 825 David
2152 794 2252 834 igitur
2298 794 2405 834 patria

1437 836 1540 875 exsul,
1571 843 1602 866 et
1626 837 1659 867 in
1683 847 1757 867 eum
1779 842 1900 868 statum
1925 836 2092 873 redactus,
2124 842 2162 868 ut
2192 836 2358 868 videretur
2387 847 2406 868 a

1438 879 1556 919 populo
1570 878 1631 910 Dei
1655 883 1826 918 resecatus,
1851 885 1882 910 et
1902 880 2025 911 nullam
2039 879 2178 920 amplius
2198 879 2404 911 autoritatem

1438 922 1573 953 habere:
1601 922 1676 953 iude
1706 922 1906 954 occasionem
1930 923 2045 963 arripit
2074 923 2220 954 inimicos
2243 921 2306 953 Dei
2335 932 2406 962 pro-

1437 965 1580 1005 fligandi,
1605 965 1657 1005 qui
1680 965 1775 1004 primi
1800 966 1871 996 ausi
1895 965 2021 997 fuerant
2045 965 2198 1006 populum
2223 975 2333 996 arcere
2355 965 2405 996 in-

1437 1018 1551 1049 gressu
1587 1014 1692 1039 terrac
1726 1007 1902 1048 Chanaau,
1936 1019 2033 1048 quam
2068 1008 2186 1049 populo
2220 1018 2278 1039 suo
2312 1007 2405 1039 Deus

1438 1051 1646 1091 promiserat,
1681 1056 1712 1081 ct
1742 1051 1868 1082 iniuriis
1896 1061 2087 1091 provocare,
2118 1061 2219 1091 quum
2250 1061 2290 1082 ex
2319 1054 2407 1082 terra

1439 1094 1577 1134 Aegypti
1602 1094 1738 1134 populus
1763 1094 1823 1124 Dei
1847 1094 1984 1134 fugeret.
2031 1094 2120 1125 Deus
2143 1094 2244 1134 igitur
2267 1092 2405 1124 Davidis

1437 1137 1616 1168 ministerio
1629 1137 1835 1177 persequitur
1849 1137 2078 1175 Hamalecitas,
2102 1142 2134 1168 et
2153 1146 2207 1168 eos
2221 1135 2408 1168 ulciscitur:

1437 1190 1532 1219 quum
1558 1180 1699 1210 maxime
1722 1180 1855 1219 periisse
1879 1179 1985 1211 David
2010 1179 2185 1211 videretur.
2230 1179 2318 1210 Hinc
2341 1178 2407 1210 dis-

1410 1260 1411 1265 *
1437 1232 1547 1253 camus
1571 1222 1679 1253 Deum
1703 1233 1800 1262 quum
1826 1233 1900 1254 suos
1930 1223 2042 1254 hostes
2073 1228 2106 1254 et
2136 1227 2261 1254 nostros
2290 1221 2407 1262 punire

1438 1265 1552 1296 statuit
1575 1265 1652 1305 ipsis
1675 1265 1832 1296 suscitare
1855 1266 2017 1301 inimicos,
2049 1265 2171 1297 nullius
2195 1264 2323 1305 quidem
2347 1264 2404 1296 ho-

1438 1308 1565 1339 minum
1588 1308 1738 1347 opinione
1762 1308 1935 1339 momenti:
1965 1308 2020 1340 sed
2043 1309 2096 1348 qui
2120 1314 2229 1339 tamen
2254 1307 2294 1339 ad
2315 1317 2407 1339 exse-

1439 1350 1566 1391 quenda
1601 1350 1711 1381 divina
1740 1350 1859 1382 iudicia
1893 1351 2064 1389 sufficiant,
2097 1362 2159 1382 non
2191 1361 2284 1382 secus
2313 1360 2350 1383 ac
2378 1349 2407 1381 si

1439 1393 1558 1425 multos
1583 1393 1730 1433 ingentes
1754 1394 1914 1425 exercitus
1937 1394 2092 1426 adversus
2123 1403 2177 1425 eos
2201 1394 2291 1424 Deus
2320 1393 2408 1425 exci-

1439 1442 1547 1468 tasset.
1583 1435 1691 1475 Quam
1703 1436 1881 1468 doctrinam
1906 1436 1999 1468 hodie
2022 1447 2079 1468 nos
2103 1441 2231 1476 oportet
2253 1437 2284 1467 in
2312 1447 2407 1468 usum

1439 1485 1584 1511 nostrum
1618 1479 1763 1510 trahere:
1794 1490 1904 1511 sumus
1933 1480 2019 1511 enim
2050 1480 2240 1520 plerumque
2270 1479 2407 1511 nimium

1438 1522 1645 1563 praecipites:
1675 1527 1706 1553 et
1737 1529 1898 1554 momento
1927 1522 2099 1562 exstirpari
2130 1521 2284 1562 quidquid
2315 1522 2408 1554 nobis

1439 1566 1636 1596 contrarium
1661 1571 1711 1596 est
1722 1571 1879 1604 optamus,
1903 1571 1934 1597 et
1947 1565 2051 1596 solum
2064 1566 2165 1596 otium
2179 1569 2211 1595 et
2224 1564 2407 1605 triumphos

1439 1609 1595 1648 cupimus.
1637 1607 1703 1639 Sed
1726 1607 1817 1640 Deus
1840 1609 1917 1639 istos
1942 1608 2078 1640 affectus
2102 1612 2272 1649 temperat,
2296 1613 2328 1639 et
2346 1608 2407 1639 fer-

1440 1661 1548 1682 vorem
1573 1651 1666 1682 illum
1690 1651 1809 1682 iniecta
1821 1650 1938 1692 frigida
1962 1651 2123 1691 reprimit:
2147 1657 2181 1682 et
2193 1650 2408 1682 nihilominus

1440 1694 1548 1725 hostes
1571 1694 1596 1725 si
1621 1704 1685 1725 non
1709 1704 1775 1725 uno
1800 1700 1963 1725 momento
1987 1695 2114 1735 magnis
2144 1693 2268 1725 viribus
2298 1693 2406 1734 profli-

1439 1743 1502 1777 gat,
1527 1737 1682 1777 paulatim
1707 1742 1815 1767 tamen
1847 1737 2016 1768 consumit.
2062 1736 2128 1768 Sed
2159 1736 2274 1776 quibus
2305 1735 2408 1768 modis

1440 1779 1526 1811 istud
1552 1779 1644 1810 Deus
1668 1779 1789 1811 efficit?
1821 1779 1891 1811 Nae
1922 1780 1949 1811 si
1969 1780 2131 1819 patienter
2154 1779 2217 1810 Dei
2247 1778 2406 1810 auxilium

1439 1823 1684 1862 praestolemur,
1715 1823 1809 1853 citius
1832 1833 1900 1854 rem
1924 1823 2098 1863 perfectam
2122 1827 2234 1853 nostra
2256 1822 2408 1862 opinione

1412 1884 1414 1895 t
1440 1866 1639 1897 mirabimur.
1676 1865 1767 1898 Haec
1790 1865 1891 1907 igitur
1914 1871 2024 1896 nostra
2044 1875 2114 1896 esse
2137 1871 2264 1906 oportet
2286 1865 2320 1896 in
2343 1864 2407 1896 illie

1441 1908 1686 1939 difficultatibus
1709 1908 1872 1946 exercitia,
1900 1909 2053 1939 nimirum
2086 1909 2203 1939 seriam
2227 1907 2291 1939 Dei
2313 1908 2407 1939 invo-

1440 1952 1609 1982 cationem.
1654 1951 1738 1982 Nam
1763 1952 1822 1982 etsi
1846 1952 1981 1992 quisque
2007 1961 2065 1991 pro
2095 1951 2163 1982 suis
2191 1950 2316 1982 viribus
2347 1949 2408 1982 niti

1440 1994 1541 2031 debet,
1572 2002 1601 2025 et
1624 1993 1746 2034 aliquid
1769 1994 1896 2033 audere,
1926 2001 1962 2025 ut
1984 1994 2142 2025 Davidem
2170 1993 2317 2025 videmus
2347 1993 2409 2025 sibi

1440 2048 1502 2067 non
1539 2037 1735 2077 pepercisse,
1777 2043 1873 2078 prout
1914 2048 1986 2068 eum
2020 2037 2111 2068 Deus
2152 2036 2274 2068 auxilio
2308 2036 2407 2068 iuvit:

1441 2080 1609 2120 praecipua
1644 2085 1752 2111 tamen
1791 2080 1830 2110 ad
1870 2079 2077 2111 obtinendam
2114 2079 2281 2111 victoriam
2317 2088 2408 2110 arma

1440 2129 1514 2153 sunt
1539 2133 1649 2163 preces
1673 2123 1832 2154 assiduae.
1870 2122 1958 2162 Quin
1979 2123 2043 2153 imo
2066 2122 2187 2153 nostris
2206 2121 2407 2161 temporibus

1440 2165 1523 2196 idem
1551 2165 1633 2206 quod
1663 2165 1716 2197 hic
1742 2165 1847 2196 David
1878 2166 2083 2205 experimur:
2113 2164 2230 2205 quibus
2260 2163 2407 2196 videmus

1440 2219 1508 2245 eos,
1541 2209 1593 2247 qui
1625 2208 1791 2240 hominum
1826 2209 1979 2249 opinione
2010 2207 2204 2239 videbantur
2241 2212 2407 2248 contemp-

1441 2252 1564 2289 tissimi,
1589 2262 1607 2282 a
1630 2251 1700 2282 Deo
1724 2252 1839 2288 vocari,
1868 2257 1897 2282 et
1923 2251 2041 2282 habere
2065 2251 2206 2281 rationes
2230 2249 2349 2290 quibus
2371 2259 2406 2282 se

1441 2300 1602 2331 tueantur,
1630 2294 1725 2335 longe
1755 2294 1927 2334 ampliores
1958 2304 2052 2334 quam
2085 2303 2184 2334 quum
2213 2293 2245 2324 in
2276 2292 2343 2324 otio
2367 2292 2406 2324 ab

1440 2337 1633 2368 adversariis
1657 2337 1928 2377 relinquerentur.
1975 2336 2128 2377 Exempli
2150 2335 2263 2377 gratia,
2293 2345 2407 2375 quam-

1441 2380 1494 2409 diu
1520 2390 1581 2419 pax
1607 2380 1746 2421 duravit,
1769 2390 1866 2420 quam
1891 2380 2010 2411 misera
2032 2379 2094 2410 fuit
2112 2379 2306 2410 miserorum
2328 2377 2406 2410 fide-

1441 2422 1557 2453 delium
1589 2423 1747 2460 conditio,
1778 2423 1893 2463 quibus
1923 2422 2046 2454 inimici
2078 2421 2344 2460 dominabantur,
2374 2423 2408 2452 et

1412 2469 1413 2505 J
1440 2465 1583 2503 gladium
1607 2466 1728 2506 iugulis
1747 2465 1937 2503 inferebant,
1957 2473 1989 2496 et
2009 2465 2047 2495 de
2061 2464 2124 2495 illis
2137 2462 2406 2504 triumphabant?

1440 2507 1554 2539 Nonne
1578 2509 1736 2539 coniurati
1761 2509 1844 2539 inter
1875 2518 1908 2539 se
1943 2508 2053 2539 hostes
2087 2512 2234 2538 extrema
2261 2516 2407 2546 quaeque

1440 2551 1660 2590 minabantur,
1689 2557 1720 2582 et
1743 2551 1934 2591 sanguinem
1960 2551 2151 2582 miserorum
2176 2549 2338 2586 sitiebant,
2371 2552 2408 2580 ut

1440 2594 1592 2624 ecclesiae
1615 2595 1702 2626 salus
1727 2595 1815 2625 tenui
1840 2594 1892 2625 filo
1916 2593 2056 2634 pendere
2080 2591 2268 2624 videretur?
2292 2592 2408 2632 Itaque

1440 2635 1466 2666 si
1491 2636 1611 2668 diutius
1635 2637 1691 2668 illa
1713 2636 1852 2668 conditio
1877 2643 1907 2668 et
1928 2637 2022 2676 plena
2039 2635 2228 2667 insidiarum
2252 2633 2407 2666 neutrali-

1441 2683 1491 2709 tas
1515 2678 1673 2720 durasset,
1696 2685 1818 2712 certum
1844 2685 1893 2711 est
1916 2678 1970 2711 vix
1984 2678 2154 2720 evangelio
2178 2678 2282 2710 locum
2296 2676 2407 2708 datum

2543 989 2551 994 .
2529 770 2551 982 aar-<0424
2535 749 2545 763 π
2539 736 2542 739 ·
2540 718 2542 723 -
2535 664 2539 679 ”“

2539 1342 2541 1348 <
2528 1280 2545 1331 “'v
2528 1025 2551 1269 *um-1
2535 1003 2540 1006 ¹
