2551 3044
365 204 426 234 :395

364 299 524 328 adiuvare.
578 296 678 327 Porro
710 302 834 326 certum
864 302 911 326 est
942 293 1027 335 quod
1058 292 1327 333 quemadmodum

365 341 481 372 caritas
501 345 548 370 ost
569 338 648 378 legis
669 338 767 369 totius
787 338 956 377 perfectio:
976 337 1021 368 sic
1041 337 1137 367 etiam
1157 336 1328 366 clementia

365 391 395 414 ot
419 381 633 413 mansuetudo
657 391 734 420 erga
753 380 888 411 miseros
912 387 961 410 est
981 379 1050 410 Deo
1070 385 1198 419 gratum
1231 379 1327 408 saeri-

365 426 483 457 ficium.
528 422 797 463 Quandoquidem
829 423 930 463 igitur
954 422 1043 453 Deus
1073 422 1140 461 ipse
1171 431 1226 460 per
1257 431 1328 460 pro-

364 468 494 508 phetam
529 466 706 497 declaravit
737 465 797 496 hac
830 476 948 505 panum
987 464 1212 504 propositionis
1242 463 1327 494 obla-

366 511 451 542 tione
482 520 546 540 non
571 508 718 548 impediri
743 507 995 539 misericordiam
1020 507 1052 537 iu
1079 508 1262 547 proximum
1298 507 1327 536 in

367 553 555 584 necessitate
595 551 816 588 constitutum,
857 551 979 581 scribas
1019 550 1157 590 oportuit
1200 549 1328 579 divinae

365 595 545 627 sententiae
565 594 776 634 acquiescere.
810 593 972 624 Dominus
991 593 1099 632 itaque
1119 599 1226 623 noster
1239 591 1329 621 Iesus

366 639 515 669 Christus
545 645 653 677 aperte
686 636 860 667 declaravit
896 635 1055 667 Davidem
1085 645 1149 666 non
1181 643 1329 673 assump-

367 683 446 712 sisse
469 681 528 712 sibi
552 680 693 719 aliquam
717 678 872 710 adversus
897 679 998 718 legem
1030 677 1245 713 autoritatem,
1274 675 1329 707 sed

367 724 504 755 fideliter
539 723 570 753 in
607 723 667 753 Dei
701 721 904 752 voluntatem
939 726 971 752 et
1004 721 1085 762 Iegis
1117 720 1328 750 intentionem

367 767 554 807 respexisse.
603 764 657 797 Sic
691 765 786 795 etiam
809 763 1007 795 sacerdotem
1038 771 1171 803 apparet
1202 772 1242 792 ex
1272 771 1330 792 sua

368 817 459 850 parte
484 809 581 839 fuisse
604 817 793 848 persuasum
818 806 899 838 nihil
917 818 935 837 a
954 817 988 837 se
1007 806 1066 837 hac
1089 807 1123 836 in
1148 811 1238 845 parte
1263 813 1331 843 pec-

366 852 440 889 cari,
467 851 585 882 Davidi
609 860 708 891 panes
731 850 802 881 illos
825 850 1075 890 permittentem,
1104 848 1159 880 scd
1189 857 1261 878 cum
1287 846 1330 876 le-

367 894 530 936 gislatoris
550 893 716 925 voluntate
735 898 767 924 et
784 893 964 924 intentione
979 891 1221 931 permissionem
1242 888 1329 919 illam

367 937 549 970 convenire.
596 936 683 967 Hine
706 935 796 966 utilis
821 935 910 966 nobis
940 942 987 965 cst
1011 932 1153 965 eruenda
1177 932 1329 968 doctrina,

367 991 481 1020 nempe
523 981 608 1018 leges
647 988 758 1010 omnes
798 977 1047 1010 caeremoniales
1088 976 1126 1006 ad
1155 975 1330 1006 amicitiam

366 1023 504 1064 proximi
535 1032 604 1053 esse
632 1020 825 1057 referendas,
855 1026 887 1051 et
915 1019 954 1050 ad
985 1030 1056 1050 eam
1079 1018 1265 1058 exigendas,
1297 1023 1330 1046 ut

1144 198 1345 230 HOMILIA
1371 197 1567 230 LXXVIII.

367 1077 394 1097 si
419 1064 546 1106 quaudo
569 1063 732 1096 iuvandus
761 1074 795 1094 re
819 1063 925 1103 aliqua
948 1063 1052 1099 fuerit,
1092 1061 1256 1101 proximus
1280 1070 1331 1090 ea·
1357 1079 1359 1085 .

371 1109 457 1140 ritati
493 1114 525 1138 et
559 1107 659 1139 amori
691 1106 839 1147 proximi,
876 1106 926 1137 lex
955 1104 1196 1137 caeremonialis
1231 1102 1331 1133 cedat.

371 1151 458 1191 Quid
482 1152 526 1181 ita
547 1149 645 1181 vero?
678 1160 791 1189 nempe
820 1147 905 1189 quod
936 1148 1022 1188 leges
1051 1157 1162 1178 omnes
1185 1152 1333 1185 oporteat

370 1205 443 1226 cum
467 1193 598 1225 caritate
622 1193 817 1224 consentire:
842 1191 931 1222 Deus
955 1191 1041 1221 euim
1061 1190 1115 1229 qui
1139 1196 1187 1220 est
1211 1188 1333 1218 miseri-

371 1281 431 1320 ipsi
455 1289 597 1320 unquam
629 1278 809 1309 renuntiat:
838 1276 1047 1317 quamobrem
1072 1286 1134 1306 non
1159 1274 1252 1304 modo
1276 1283 1331 1303 va-

373 1332 447 1353 nam
478 1321 743 1362 superstitionem
773 1321 833 1357 aio,
864 1319 918 1350 sed
951 1329 1070 1349 meram
1095 1317 1332 1348 simulationem
1359 1338 1361 1344 ,

372 1366 556 1406 arrogantia
580 1363 720 1403 plenam,
745 1362 770 1394 si
795 1362 866 1402 quis
889 1361 949 1393 sibi
974 1360 1165 1401 persuadeat
1189 1360 1249 1390 Dei
1276 1359 1332 1389 ho—

372 1417 485 1439 norem
518 1413 550 1438 et
583 1406 707 1438 cultum
742 1405 823 1436 benc
856 1403 1030 1436 convenire
1061 1414 1132 1434 eum
1166 1403 1332 1433 hominum

372 1450 498 1481 iniuriis
543 1453 576 1480 et
616 1448 842 1480 incommodis:
892 1457 966 1478 nam
1012 1447 1091 1477 haee
1125 1445 1243 1476 directe
1289 1455 1334 1474 re-

373 1502 520 1534 pugnare
543 1491 607 1522 Dei
639 1491 813 1522 intentioni
843 1490 1057 1521 certissimum
1089 1494 1145 1520 est.

374 1579 490 1609 caritas
514 1582 545 1608 et
575 1577 770 1614 humanitas,
805 1582 840 1606 ut
871 1586 953 1615 quae
983 1574 1021 1605 ad
1054 1575 1152 1614 ipsius
1183 1573 1336 1604 honorem

374 1627 405 1652 et
430 1620 563 1661 gloriam
597 1626 754 1659 spectant,
785 1628 858 1650 eum
891 1625 1000 1649 nostra
1032 1617 1172 1648 utilitate
1196 1624 1227 1647 et
1249 1625 1336 1647 eom-

376 1663 478 1694 m·›dis
502 1663 675 1694 coniuncta
694 1662 767 1693 sint.
805 1660 1021 1700 Quamobrem
1043 1660 1147 1691 Deum
1168 1659 1212 1690 sie
1235 1657 1337 1689 colere

375 1714 406 1737 ct
431 1705 576 1736 venerari
609 1704 779 1742 discamus,
809 1714 850 1734 ne
879 1703 912 1734 in
944 1702 1107 1743 proximos
1139 1701 1282 1733 crudeles
1307 1706 1339 1731 et
1362 1706 1365 1737 ζ
1390 1701 1501 1741 quitur
1524 1700 1617 1731 illum
1640 1701 1737 1731 etiam
1761 1710 1779 1730 a
1797 1698 1962 1731 sacerdote
1981 1698 2136 1740 gladium,
2161 1699 2209 1730 vel
2229 1698 2357 1739 aliquod

376 1748 545 1779 inhumani
568 1747 681 1778 simus.
705 1746 864 1787 Equidem
888 1745 991 1776 fateor
1010 1755 1108 1785 quum
1133 1744 1171 1775 de
1193 1744 1253 1774 Dei
1273 1743 1339 1784 glo-

375 1791 421 1822 ria
450 1790 639 1830 simpliciter
667 1789 784 1830 agitur,
819 1794 966 1828 oportere
998 1797 1033 1818 ut
1063 1787 1182 1828 singuli
1212 1793 1339 1826 patrem

375 1842 406 1865 et
431 1840 575 1868 matrem,
603 1842 738 1863 uxorem
761 1839 792 1863 et
815 1831 943 1868 liberos,
975 1838 1007 1862 et
1037 1840 1245 1870 quaecunque
1267 1839 1340 1868 pre-

377 1876 458 1907 tiosa
481 1875 611 1913 habeut,
635 1881 749 1915 sponte
772 1879 992 1910 contemnant,
1024 1880 1055 1904 et
1077 1883 1186 1904 eorum
1211 1872 1340 1903 oblivis-

376 1926 500 1955 cantur,
532 1923 563 1949 et
593 1916 782 1948 ardentibus
813 1917 961 1957 precibus
986 1915 1093 1947 Deum
1124 1923 1267 1952 exorent,
1303 1925 1341 1944 ne

379 1972 486 1993 rerum
521 1961 657 1991 istarum
691 1965 892 1991 terrenarum
926 1959 1034 1998 aliquo
1065 1958 1222 1989 desiderio
1255 1965 1342 1988 tene-

378 2011 484 2042 antur,
522 2003 647 2043 Deiquo
679 2003 799 2043 gloriae
833 2001 906 2033 illas
936 2006 1144 2041 anteponant.
1191 2000 1256 2032 Sed
1280 2000 1342 2030 iam

379 2047 492 2087 loquor
516 2046 554 2077 de
577 2045 859 2077 caeremonialium
884 2044 1110 2076 mandatorum
1133 2050 1266 2074 externa
1290 2043 1343 2072 ob—

379 2089 572 2126 servatione,
595 2098 676 2128 quae
704 2087 744 2119 ad
775 2090 870 2119 istam
894 2087 1129 2118 humanitatem
1168 2092 1198 2117 et
1228 2085 1344 2117 carita—

380 2139 454 2170 tem,
478 2132 522 2162 ita
546 2138 619 2163 sunt
643 2130 874 2162 conformanda
898 2141 938 2161 ne
962 2130 1070 2161 Deum
1092 2140 1110 2159 a
1132 2140 1166 2160 se
1190 2129 1258 2168 ipso
1283 2128 1345 2158 dis-

381 2175 556 2206 trahamus.
571 2173 634 2205 Sed
651 2174 756 2205 Deum
771 2173 921 2204 novimus
933 2172 1150 2203 caeremonias
1164 2171 1346 2202 hominibus
1372 2173 1373 2181 ¹

380 2219 425 2249 sie
449 2218 647 2257 praecepisse
670 2217 709 2247 ad
734 2217 782 2247 sui
806 2215 913 2247 cultus
941 2215 1208 2251 observationem,
1234 2221 1267 2244 ut
1293 2214 1345 2243 iis-

381 2260 452 2291 dem
488 2259 526 2290 ad
561 2260 727 2290 caritatem
770 2260 876 2299 potius
915 2258 1121 2294 deducamur,
1161 2267 1259 2297 quam
1300 2267 1349 2286 ar—

381 2313 522 2335 ceamur.

467 2345 535 2386 Iam
562 2355 637 2376 vero
661 2345 756 2385 agite,
776 2347 825 2376 etc.

1191 1488 1334 1526 Quinam
1360 1509 1361 1517 1

375 1546 451 1567 vcro
479 1533 633 1566 obsecro?
674 1534 797 1573 Nempe
827 1533 911 1573 quod
942 1543 979 1563 ea
1009 1532 1049 1563 sit
1079 1541 1156 1572 erga
1187 1542 1243 1561 nos
1275 1529 1336 1560 Dei
1360 1533 1361 1544 ¹

370 1247 440 1269 cors
464 1241 497 1268 et
519 1242 718 1271 mansuetus,
743 1245 804 1266 uon
829 1240 930 1265 mutat
956 1241 1115 1269 naturam,
1147 1242 1249 1270 neque
1272 1230 1332 1261 sibi
1358 1226 1360 1254 'v
1386 1224 1418 1244 Μ
1447 1213 1583 1243 barbam·

2284 196 2346 227 396

1605 291 1846 331 IIOMILIA
1874 290 2105 330 LXXVIH.

1468 361 1494 390 T.
1520 359 1601 390 Erat
1623 361 1723 389 autem
1748 358 1791 390 ibi
1814 360 1863 389 vir
1885 358 2015 398 quidam
2037 358 2073 389 de
2094 359 2192 389 sert-is
2213 357 2291 389 Saul
2313 359 2346 389 in

1379 404 1429 434 (lic
1462 403 1515 433 illa
1548 403 1634 432 intus
1662 402 1694 432 in
1719 401 1911 433 tabernaculo
1934 400 2074 433 Domini.
2105 403 2131 431 e!
2154 411 2258 432 nomen
2281 402 2349 434 eius

1383 446 1468 485 Dory
1481 445 1650 475 Idumam&
1663 445 1898 483 potentiss-Imus
1911 446 2075 483 pastorum
2093 443 2178 475 Saul.
2210 443 2238 475 8.
2253 444 2347 476 Dixit

1381 491 1480 519 autem
1501 487 1609 518 David
1631 487 1672 518 acl
1690 486 1898 519 Acltimelecle:
1922 486 1959 517 Se·
1977 486 2068 517 habes
2086 486 2135 517 hic
2157 486 2199 517 acl
2220 496 2348 517 manum

1381 532 1500 561 hastam
1533 532 1586 560 aul
1611 529 1777 569 pladiani?
1806 530 1879 569 qaia
1905 529 2047 569 finalium
2079 539 2176 559 mcum
2208 532 2235 560 et
2257 539 2348 560 arma

1383 584 1440 604 non
1471 573 1527 602 tuli
1559 582 1683 609 mecum,
1713 582 1814 604 sermo
1844 572 1924 603 enim
1957 572 2037 611 reglis
2067 572 2199 610 uryebctt.
2245 572 2275 602 9.
2307 571 2350 603 Et

1381 617 1461 647 disi?
1480 615 1639 646 sactu-(los.-
1663 615 1740 646 Ecce
1754 615 1884 655 ylaclius
1904 614 2027 645 Goliam
2043 614 2240 653 Philisthaei,
2259 625 2350 655 quem

1378 658 1561 697 percussisti
1595 658 1627 688 iu
1662 657 1739 688 valle
1772 657 1957 693 Terebinthi,
1990 659 2033 688 est
2066 657 2221 688 involutus
2248 657 2350 697 pallio

1379 703 1446 740 pos!
1470 699 1599 740 Eplzod:
1628 701 1657 730 si
1685 701 1780 731 istum
1809 700 1856 731 vis
1887 699 1999 737 tollere,
2033 699 2110 737 tolle,
2141 710 2235 739 neque
2269 700 2349 731 enim

1382 744 1430 774 hic
1452 745 1495 773 es!
1517 743 1602 773 alins
1625 742 1739 782 absque
1761 752 1802 773 eo.
1842 741 1884 773 Et
1907 742 1952 773 ait
1973 741 2097 773 David:
2123 742 2192 773 Non
2215 745 2258 774 cst
2279 742 2351 774 huic

1382 786 1459 817 alter
1477 786 1602 822 similis,
1625 785 1665 815 (Ia
1689 785 1766 816 milei
1788 795 1866 816 cum.
1915 785 1962 815 10.
1990 784 2135 815 Sea-rosit
2159 786 2262 824 itaque
2279 784 2350 817 Da-

1382 828 1444 860 vid.
1479 831 1505 859 et
1536 829 1617 867 suffit
1648 829 1678 857 in
1710 828 1761 859 die
1792 827 1846 859 illa
1877 839 1895 858 a
1924 827 2006 866 faeie
2028 826 2116 865 Saul,
2149 830 2177 858 et
2203 828 2283 859 venit
2310 827 2352 859 ad

1384 871 1481 902 Aclzis
1504 881 1605 911 reyem
1631 870 1718 901 Geth.
1766 871 1814 901 11.
1840 869 2057 909 Dixcruntque
2086 871 2168 901 servi
2190 870 2288 901 Aeliis
2309 870 2353 902 ad

1382 924 1465 944 eum:
1491 913 1654 953 Numquid
1678 924 1736 944 non
1760 914 1819 944 iste
1841 915 1885 944 est
1907 912 2016 944 David
2039 923 2094 944 rex
2105 913 2230 944 terrae?
2252 910 2353 944 no'nne

1384 957 1457 987 huic
1490 956 1654 987 cantaban!
1678 966 1737 995 per
1759 956 1874 993 choros,
1907 956 2057 986 dicentes:
2091 955 2248 987 Percussit
2271 955 2353 987 Saul

1383 999 1476 1037 mille,
1499 1001 1525 1030 et
1549 999 1654 1030 David
1676 999 1775 1030 decem
1793 998 1918 1030 millia?
1958 998 2006 1029 12.
2032 998 2141 1029 Posw't
2163 1001 2266 1030 autem
2285 997 2352 1030 Da-

1384 1042 1437 1073 vid
1459 1051 1613 1074 sermones
1643 1042 1717 1073 istos
1745 1045 1774 1072 in
1797 1041 1885 1072 corde
1907 1051 1971 1077 suo,
2002 1044 2029 1071 et
2058 1042 2201 1072 extimuit
2223 1041 2312 1073 valde
2332 1053 2352 1074 a

1382 1085 1464 1123 facie
1485 1083 1583 1115 Aeliis
1612 1085 1694 1124 reyis
1722 1084 1807 1115 Geth.
1859 1084 1904 1115 13.
1937 1084 1979 1114 Et
2001 1084 2178 1115 immutavit
2207 1094 2242 1116 os
2262 1094 2354 1116 suum

1358 1145 1359 1152 κ
1385 1137 1489 1158 coram
1514 1126 1623 1164 Acleis,
1651 1130 1677 1158 el
1706 1126 1910 1158 collabebatur
1940 1127 2019 1157 inter
2041 1136 2155 1158 manus
2176 1137 2299 1158 eorum:
2327 1129 2355 1158 et

1385 1169 1572 1210 ‘impinyebat
1593 1170 1625 1200 in
1649 1170 1728 1200 ostia
1747 1172 1865 1208 portae,
1888 1169 2129 1209 difslzoebanlque
2146 1169 2265 1201 salivae
2286 1170 2354 1201 eius

1632 1212 1679 1243 14.
1711 1212 1753 1243 Et
1784 1213 1829 1242 ai!
1853 1212 1950 1243 Aclzis
1979 1212 2021 1243 ad
2049 1223 2156 1243 servos
2183 1222 2272 1244 suos:
2302 1212 2355 1242 Vi-

1385 1256 1479 1287 <listis
1509 1255 1657 1286 hominem
1687 1256 1846 1285 insaniori:
1878 1266 1975 1295 quare
2004 1255 2185 1286 adduxistis
2213 1265 2283 1286 cum
2313 1255 2355 1286 ad

1387 1298 1458 1329 me?
1502 1297 1552 1329 15.
1574 1298 1627 1328 An
1650 1298 1758 1329 desunt
1781 1297 1868 1328 nobis
1888 1298 2014 1336 furiosi,
2038 1298 2119 1337 quod
2138 1298 2356 1330 introduoeistis

1386 1351 1464 1379 eunt,
1490 1344 1521 1371 ut
1537 1341 1655 1380 fureret
1677 1351 1725 1371 me
1742 1340 1928 1380 praesente?
1952 1340 2068 1372 hiccine
2090 1341 2281 1381 inyreclietur
2301 1341 2355 1372 do-

1360 1407 1361 1410 *
1387 1394 1471 1415 mum
1494 1394 1592 1414 meum
1600 1384 1616 1414 ,¹2

1474 1444 1513 1475 In
1554 1451 1691 1483 quantas
1733 1443 1940 1474 difficultates
1977 1442 2087 1473 David
2121 1443 2280 1480 inciderit,
2322 1450 2355 1474 ct

1389 1498 1482 1527 quam
1507 1487 1651 1527 graviter
1674 1491 1819 1517 tentatus
1842 1486 1954 1516 fuerit:
1977 1485 2134 1517 hactenus
2152 1485 2354 1517 audivimus:

1389 1540 1487 1569 quum
1511 1529 1635 1560 nullum
1660 1528 1747 1560 aliud
1771 1528 1831 1569 ipsi
1851 1538 2018 1568 superesse
2040 1528 2223 1569 perfugium
2259 1537 2355 1569 quam

1389 1572 1522 1604 Domini
1545 1572 1765 1603 sanctuarium
1789 1576 1821 1602 et
1841 1571 1964 1602 nullum
1985 1571 2083 1602 alium
2107 1571 2147 1602 ad
2167 1570 2357 1611 placandam

1389 1616 1507 1646 famem
1538 1615 1645 1646 cibum
1670 1624 1765 1655 quam
1789 1624 1889 1654 panes
1912 1614 1984 1645 illos
2009 1614 2247 1654 propositionis,
2276 1623 2356 1654 quos

1390 1659 1465 1689 solis
1494 1656 1713 1689 sacerdotibus
1737 1658 1826 1688 Deus
1857 1656 1979 1687 dicarat
2009 1656 2157 1687 vidimus.
2209 1655 2278 1688 Iam
2307 1666 2357 1688 se-

1391 1743 1478 1775 aliud
1502 1750 1685 1774 armaturae
1709 1754 1812 1783 genus
1836 1742 1976 1782 petiisse,
2006 1748 2037 1773 et
2060 1752 2079 1773 a
2101 1741 2266 1773 sacerdote
2289 1741 2357 1773 Go-

1392 1786 1482 1817 liathi
1506 1786 1649 1826 gladium
1674 1785 1834 1825 accepisse
1857 1785 2034 1824 repositum
2058 1785 2092 1815 in
2116 1785 2298 1816 sanctuario
2317 1783 2356 1816 ad

1393 1834 1579 1870 perpetuam
1605 1829 1792 1859 memoriam
1815 1827 1954 1868 insignis
1977 1827 2063 1858 illius
2087 1828 2240 1858 victoriae
2262 1837 2359 1868 quam

1393 1872 1558 1903 Israelitae
1593 1871 1632 1902 de
1666 1871 1812 1903 hostibus
1850 1880 1907 1910 per
1940 1869 2104 1901 Davidem
2143 1876 2358 1911 reportarant.

1395 1916 1553 1955 Superius
1577 1921 1684 1945 autem
1709 1915 1896 1954 attigimus:
1928 1912 2060 1945 Saulem
2085 1912 2260 1944 ambitione
2281 1923 2360 1953 qua—

1394 1958 1468 1988 dam
1501 1957 1687 1993 adductum,
1717 1956 1856 1987 voluisse
1886 1956 2028 1996 gladium
2058 1955 2150 1987 illum
2180 1956 2214 1987 in
2245 1965 2359 1987 monu-

1396 2006 1540 2031 mentum
1576 1999 1731 2030 victoriae
1765 1999 1803 2030 de
1839 1999 1984 2030 hostibus
2018 2003 2203 2038 reportatae
2235 1999 2361 2039 reponi.

1397 2043 1479 2074 Nam
1504 2043 1563 2074 etsi
1585 2042 1747 2082 speciosus
1766 2048 1834 2073 crat
1854 2046 2042 2081 praetextus
2062 2041 2165 2073 Deum
2191 2040 2360 2082 profitendi

1396 2085 1463 2117 sola
1486 2097 1544 2116 sua
1576 2085 1697 2116 virtute
1727 2093 1759 2116 et
1782 2085 1925 2125 potentia
1956 2084 2125 2115 victoriam
2149 2083 2240 2115 illam
2263 2083 2362 2115 hosti-

1398 2128 1455 2159 bus
1479 2130 1510 2158 in
1541 2129 1648 2168 fugam
1681 2129 1782 2159 versis
1813 2127 1947 2164 dedisse,
1977 2133 2010 2157 et
2039 2126 2193 2167 populum
2223 2126 2363 2158 miracu-

1398 2171 1463 2202 lose
1488 2172 1584 2202 fuisse
1607 2180 1626 2201 a
1649 2170 1789 2202 Domino
1813 2169 1994 2204 liberatum.
2027 2174 2134 2199 tamen
2168 2169 2273 2209 magis
2295 2175 2362 2200 stu-

1399 2213 1493 2244 debat
1540 2213 1678 2244 Davidis
1725 2212 1836 2244 laudes
1880 2212 2067 2247 obscurare.
2114 2211 2240 2252 sibique
2290 2210 2363 2243 illas

1400 2256 1589 2287 adscribere.
1642 2255 1878 2287 Verumtamen
1912 2254 2021 2285 divina
2056 2255 2228 2293 prudentia
2262 2259 2364 2286 totum

1401 2299 1486 2329 istud
1511 2299 1556 2330 sic
1578 2297 1826 2334 administravit,
1857 2304 1892 2328 ut
1915 2307 2012 2337 quum
2038 2296 2164 2337 gladius
2187 2297 2246 2328 iste
2269 2297 2366 2328 fuerit

1402 2342 1525 2372 inutilis
1548 2341 1669 2372 Davidi
1694 2341 1822 2372 futurus
1845 2350 1918 2371 eum
1944 2340 1969 2371 si
1995 2339 2078 2370 domi
2103 2344 2312 2380 asservasset,
2335 2345 2367 2370 et

1375 2403 1376 2410 κ
1403 2392 1554 2423 tauquam
1579 2383 1742 2424 peculium
1773 2383 1949 2420 habuisset,
1980 2383 2089 2414 feeerit
2119 2387 2155 2413 ut
2177 2381 2258 2414 Saul
2290 2391 2366 2414 eum

1376 2463 1377 2467 Ἰ
1402 2432 1548 2466 ereptum
1569 2426 1687 2458 Davidi
1711 2436 1768 2458 suo
1787 2426 1917 2457 nomine
1935 2425 2005 2456 Deo
2025 2425 2189 2463 obtulerit,
2212 2428 2367 2465 tanquam

1403 2468 1430 2499 si
1460 2469 1527 2500 suis
1557 2469 1681 2501 viribus
1712 2474 1744 2499 et
1775 2469 1936 2500 industria
1965 2473 2059 2508 parta
2091 2468 2204 2499 fuisset
2226 2467 2368 2505 victoria,

1405 2519 1437 2540 nt
1462 2511 1506 2542 ita
1529 2517 1641 2543 contra
1661 2511 1760 2551 ipsius
1780 2511 1890 2543 Saulis
1906 2515 2047 2542 mentem
2071 2510 2197 2552 gladius
2220 2509 2274 2542 ille
2297 2515 2369 2541 tuto

1378 2594 1379 2601 ἵ
1406 2554 1472 2584 loco
1501 2560 1720 2593 reponeretur,
1751 2560 1783 2585 et
1814 2553 1933 2585 Davidi
1965 2553 2077 2585 usibus
2101 2553 2238 2589 cederet,
2269 2562 2369 2600 quum

1405 2596 1449 2626 ita
1480 2597 1651 2628 necessitas
1682 2597 1874 2637 postularet:
1910 2606 1985 2627 nam
2015 2596 2133 2636 alioqui
2163 2594 2271 2627 David
2301 2604 2370 2634 sme

1379 2660 1381 2664 Α
1406 2639 1504 2669 armis
1529 2650 1659 2678 prorsus
1678 2641 1800 2677 fuisset,
1825 2640 1857 2670 in
1878 2638 2036 2670 maximas
2054 2639 2219 2679 augustias
2237 2644 2269 2668 et
2287 2637 2370 2668 diffi-
