2551 3044
124 210 186 242 333

130 311 164 339 et
186 306 311 347 gladius
335 304 424 335 verbi
449 303 560 341 divini,
590 307 624 334 ut
648 302 716 333 Deo
738 301 922 333 obedientes
944 302 975 332 in
1001 302 1084 332 viam

129 349 243 382 salutis
267 348 326 379 sibi
350 347 534 378 commissas
557 355 631 377 oves
655 344 804 385 dirigant.
830 343 985 385 (Multum
1011 354 1086 375 vero

129 391 302 423 dissimiles
325 390 394 421 istis
417 393 493 420 sunt
516 388 561 418 illi
585 387 751 419 sacrificuli
776 391 807 417 et
826 386 1086 426 pseudoprophe-
1111 392 1112 395 ’

128 441 188 471 tac,
224 434 277 474 qui
311 436 381 472 post
414 431 534 461 obitum
568 430 756 460 miserarum
791 430 900 460 ovium
935 440 991 469 pro
1024 429 1085 459 illis

129 474 335 515 sacrificant).
360 474 454 504 Hanc
476 473 514 503 ob
538 481 665 503 causam
690 472 811 502 Paulus
835 472 998 503 ecclesiam
1024 471 1085 502 Dei
1110 473 1112 494 ἒ

130 520 189 551 hoc
218 518 352 557 insignit
381 515 480 550 titulo.
516 519 550 544 ut
580 525 649 545 eam
682 514 768 545 dicat
801 525 869 545 esse
903 515 1085 545 «olumnam
1110 518 1111 542 1

129 560 285 593 veritatis.

129 606 164 636 in
187 613 220 634 se
242 601 427 643 perfectum,
460 604 490 630 et
513 610 602 630 suam
626 600 799 639 puritatem
824 600 893 630 sine
916 599 1084 630 hominum

129 656 226 687 opera
260 654 323 674 non
357 643 458 682 possit
492 642 645 673 retinere:
679 641 734 674 scd
770 642 857 673 Deus
891 652 928 673 ea
962 643 1084 673 ratione

329 558 401 589 Non
425 556 564 597 quidem,
593 557 682 596 quasi
707 557 768 587 Dei
799 557 931 587 verbum
956 568 1020 587 non
1044 557 1085 587 sit

128 688 231 720 voluit
264 685 354 717 nobis
389 684 500 716 salutis
534 690 663 715 nostrae
705 685 883 716 remedium
919 684 1111 725 applicari*

129 730 237 769 Quare
260 729 286 759 si
310 727 510 768 negligentes
533 728 688 758 fuerimus
712 727 744 758 in
768 727 913 758 fovendis
936 728 988 767 qui
1008 727 1082 758 olim

128 772 231 804 officio
262 771 429 802 doctorum
459 772 643 810 fungantur,
679 776 709 800 et
739 770 770 800 in
802 770 841 801 iis
871 770 1024 801 docendis
1054 776 1084 800 ct
1110 773 1111 783 ¹

129 813 322 850 erudiendis,
362 813 505 843 futurum
534 818 581 843 est
612 819 645 843 ut
674 812 736 843 Dei
768 813 887 844 veritas
917 813 949 843 in
981 812 1084 843 medio

129 863 273 889 nostrum
305 855 481 887 collabatur
510 861 541 885 et
572 854 809 895 exstinguatur.
848 856 892 886 Et
919 860 1030 886 contra
1059 855 1084 885 si
1110 861 1111 881 1

129 899 240 932 sedulo
274 899 357 930 hanc
391 897 567 929 doctrinam
603 899 851 935 exercuerimus,
894 903 924 928 et
958 908 1084 929 omnem

129 953 239 975 curam
271 940 508 972 adhibuerimus
538 941 571 970 in
602 941 821 971 conservanda
845 941 966 971 ratione
989 950 1084 980 quam

129 985 220 1016 Deus
250 983 412 1015 ordinavit
440 983 478 1013 ad
514 983 614 1022 ipsius
644 984 824 1014 voluntatis
860 983 1085 1023 cognitionem,

129 1031 253 1060 certum
284 1030 332 1057 est
364 1026 430 1056 fore
459 1031 494 1055 ut
524 1036 581 1056 sua
612 1025 695 1057 dona
725 1031 756 1057 et
778 1026 914 1067 gratiam
938 1026 969 1056 in
996 1025 1085 1056 nobis

128 1074 255 1111 augeat,
284 1068 398 1108 quibus
420 1068 452 1098 in
482 1068 582 1107 ipsius
613 1079 720 1099 amore
744 1073 775 1099 et
798 1069 912 1099 timore
935 1072 1085 1100 constan·

128 1118 178 1143 ter
210 1112 416 1148 retineamur,
460 1121 499 1141 ne
533 1121 675 1150 unquam
707 1112 746 1142 ab
780 1111 849 1151 ipso
884 1111 1084 1142 divellamur.

129 1155 301 1186 Praeterea
333 1153 491 1184 discamus
522 1164 585 1184 non
616 1153 686 1184 ideo
715 1154 742 1185 si
773 1154 889 1185 desunt
913 1154 1085 1193 prophetae

129 1197 252 1238 plebem
283 1200 428 1235 oportere
459 1197 492 1226 in
522 1197 703 1236 ignorantia
734 1207 793 1227 sua
817 1207 949 1236 pergere
972 1201 1004 1227 et
1027 1196 1086 1227 sibi

129 1239 306 1280 indulgere,
336 1237 418 1278 quod
449 1239 569 1269 factum
599 1243 705 1270 tamen
729 1239 762 1269 in
787 1247 904 1279 papatu
929 1238 1084 1270 videmus.

126 1282 210 1314 Nam
241 1282 266 1312 si
297 1281 335 1311 de
366 1280 445 1319 Deo,
474 1282 499 1312 si
531 1281 569 1312 de
599 1281 672 1318 fide,
701 1282 727 1313 si
758 1282 796 1313 de
819 1282 889 1312 aliis
914 1281 1084 1313 virtutibus

125 1325 222 1356 fiebat
244 1323 364 1355 mentio
388 1324 503 1363 quibus
522 1325 561 1355 ab
581 1324 668 1354 omni
692 1325 895 1365 corruptione
920 1325 986 1355 vita
1009 1335 1083 1365 pur-

125 1371 265 1408 garetur,
289 1370 321 1397 et
341 1376 359 1396 a
381 1366 502 1397 mundo
526 1366 564 1397 ad
589 1366 703 1398 salutis
722 1367 808 1398 viam
828 1367 1083 1407 amplectendam

125 1409 357 1447 retraheretur,
395 1413 466 1439 tum
495 1419 528 1440 se
557 1419 597 1440 ex
628 1409 719 1449 plebe
748 1411 882 1450 quisque
912 1410 1085 1441 excusabat

125 1462 191 1484 non
222 1462 290 1483 esse
311 1451 472 1489 clericum,
503 1462 568 1482 non
588 1452 790 1491 monachum,
820 1452 875 1483 illa
898 1452 962 1484 illis
986 1452 1082 1483 relin-

125 1495 253 1535 quenda
275 1494 329 1534 qui
353 1494 435 1526 hanc
465 1495 697 1534 professionem
720 1499 938 1535 susceperunt,
968 1506 1001 1526 se
1023 1495 1082 1525 mi-

126 1547 234 1569 serum
257 1536 397 1575 idiotam,
421 1538 474 1577 qui
498 1536 672 1569 domestica
696 1542 823 1569 tantum
845 1542 945 1570 curet.
976 1538 1084 1578 Atque

127 1579 206 1612 haec
238 1580 298 1610 fuit
328 1579 416 1620 vulgi
448 1580 571 1620 opinio:
607 1581 696 1620 quasi
731 1582 835 1612 omnis
868 1581 1020 1612 sanctitas
1054 1586 1085 1610 et

126 1622 183 1654 lux
214 1622 359 1654 veritatis
389 1622 465 1653 solis
489 1622 552 1654 illis
575 1623 819 1655 monachalibus
842 1623 990 1655 claustris
1012 1633 1084 1654 eon-

127 1665 293 1701 tineretur.
325 1669 356 1695 et
385 1665 543 1705 reliquam
574 1666 660 1697 orbis
682 1671 805 1706 partem
829 1666 1011 1706 ignorantia
1033 1677 1084 1697 oc-

126 1712 267 1748 cuparet.
313 1706 378 1738 Sed
409 1718 535 1748 quaeso,
565 1709 635 1748 quis
658 1709 768 1747 nescit,
798 1709 902 1749 qualis
933 1709 1085 1740 sanctitas

126 1750 160 1781 in
184 1750 284 1781 foedis
306 1750 368 1781 illis
390 1750 504 1782 cloacis
535 1751 638 1789 fuerit,
669 1758 699 1782 et
726 1751 811 1782 inter
836 1751 986 1792 profanos
1014 1751 1085 1782 illos

130 1802 300 1834 ganeones,
336 1793 388 1833 qui
420 1803 476 1824 sua
505 1794 698 1833 loquacitate
721 1794 846 1825 miseris
869 1794 1002 1826 oviculis
1025 1794 1084 1824 im-

127 1834 325 1876 posuerunt?
355 1836 424 1866 Nae
447 1836 568 1867 similes
591 1837 724 1868 fuerunt
746 1837 925 1868 latronibus
944 1837 1007 1868 illis
1029 1847 1085 1877 per

124 1879 235 1909 orbem
260 1883 421 1909 terrarum
445 1879 638 1917 errantibus,
662 1890 740 1919 quos
763 1880 937 1920 Aegyptios
962 1885 1085 1918 vocant,

125 1921 179 1960 qui
212 1921 386 1961 incognitis
416 1920 545 1953 vocibus
575 1927 607 1953 et
637 1922 787 1953 insolenti
818 1933 965 1953 sermone
993 1933 1084 1953 suam

126 1963 363 2004 improbitatem
402 1966 525 2004 tegunt.
578 1962 678 1996 Nulla'
710 1975 787 1996 sane
820 1965 881 1996 fuit
913 1965 976 1996 illis
1009 1975 1085 1997 cura

125 2006 294 2037 veritatem
317 2012 350 2037 et
372 2006 509 2038 salutem
534 2007 701 2038 hominum
726 2008 758 2038 in
783 2008 951 2047 scripturis
978 2008 1084 2039 iuves-

126 2048 260 2089 vagandi,
283 2049 350 2080 sola
373 2048 437 2080 illis
460 2051 613 2081 sanctitas
636 2054 668 2081 et
691 2050 824 2082 scientia
847 2051 881 2080 in
904 2051 1084 2091 magnificis

127 2095 159 2121 et
198 2091 382 2123 honorificis
423 2091 487 2123 illis
521 2093 623 2123 titulis
657 2093 846 2124 constituta:
887 2093 975 2133 plebs
1010 2104 1085 2125 vero

127 2133 285 2165 mandatis
311 2140 542 2172 sacrosanctae,
574 2140 610 2166 ut
640 2141 765 2174 vocant,
796 2136 908 2167 matris
935 2136 1085 2168 ecclesiae

128 2185 161 2206 se
189 2181 368 2208 contentam
398 2177 548 2208 iactabat.
593 2179 645 2209 Ita
675 2179 840 2219 neglectae
869 2178 995 2210 scholae
1018 2180 1084 2210 fue-

129 2222 214 2252 runt.
238 2222 269 2249 et
291 2219 419 2251 invecta
442 2220 472 2251 in
497 2220 774 2253 christianismum
803 2232 911 2253 crassa
933 2221 1084 2262 ignoran-

130 2259 183 2290 tia.
228 2259 292 2292 Sed
323 2261 433 2294 demus
463 2263 642 2294 istiusmodi
673 2264 864 2304 impostores
894 2274 988 2295 suum
1019 2270 1085 2296 stu-

130 2301 219 2333 dium
241 2302 278 2333 ad
303 2305 391 2335 verbi
409 2305 472 2336 Dei
494 2306 710 2347 cognitionem
733 2307 938 2347 applicuisse:
962 2307 1086 2338 inutilis

129 2347 239 2375 tamen
275 2344 362 2377 labor
390 2347 644 2388 quandoquidem
680 2349 769 2389 plebs
799 2350 962 2381 reiiciebat
993 2360 1085 2381 verae

130 2386 245 2418 salutis
266 2387 520 2429 fundamentum,
544 2402 658 2431 puram
681 2397 791 2432 putam
812 2403 851 2423 ex
876 2392 963 2423 verbi
983 2392 1085 2425 divini

130 2429 273 2461 fontibus
304 2432 463 2472 evangelii
485 2434 712 2474 cognitionem.
757 2434 840 2466 Nam
869 2446 949 2474 quae
979 2440 1086 2476 potest

131 2482 200 2502 esse
224 2471 474 2520 fidei-certitudo
496 2476 574 2515 eius,
598 2478 651 2517 qui
675 2477 714 2508 ab
737 2477 842 2509 aliena
865 2482 991 2509 tantum
1011 2489 1086 2518 pen-

131 2514 184 2545 det
200 2515 421 2562 nen-scientia?
446 2518 490 2548 At
511 2528 610 2558 quum
634 2520 723 2551 Deus
745 2520 973 2560 prophetarum
994 2520 1085 2553 scho-

130 2555 177 2587 las
197 2561 348 2593 mstituit,
367 2559 420 2598 qui
436 2560 578 2592 veritatis
598 2562 775 2594 doctrinam
795 2563 963 2601 discerent,
984 2563 1086 2595 voluit

129 2604 161 2647 et
177 2599 267 2647 ipsos
290 2599 402 2632 deinde
425 2601 527 2633 facere
549 2604 673 2643 plebem
691 2605 783 2637 istius
802 2606 993 2646 cognitionis
1012 2616 1084 2647 par-

129 2646 269 2682 ticipem.
322 2642 433 2684 Neque
455 2654 529 2676 vero
552 2652 687 2686 possunt
709 2659 829 2686 omnes,
864 2649 974 2686 fateor,
1011 2659 1083 2681 esse

776 208 824 238 IN
848 208 871 238 Ι.
898 207 982 238 11113.
1008 207 1204 239 SAMUEL.
1231 209 1326 240 ΠΛΡ.
1351 210 1445 241 xlx.

2033 212 2093 241 :13:134

1138 302 1312 341 prophetae
1346 304 1555 335 excellentes:
1595 315 1705 336 verum
1741 310 1847 336 tamen
1882 315 1991 335 omncs
2025 315 2095 336 esse

1138 344 1199 375 Dci
1235 345 1416 385 discipulos,
1459 351 1493 377 ut
1527 353 1635 378 monet
1670 348 1791 383 Esaias,
1834 352 1976 387 oportet:
2018 358 2093 378 nam

1137 386 1276 426 alioquin
1307 389 1449 419 membra
1481 388 1610 420 Domini
1641 390 1740 421 nostri
1764 390 1837 421 Iesu
1870 390 1989 421 Christi
2026 400 2094 421 csse

1137 440 1198 459 non
1228 440 1405 469 possumus.
1451 432 1532 462 Nam
1568 433 1678 463 Esaias
1709 433 1843 472 loquens
1878 434 1917 464 dc
1951 433 2094 469 ccclesia,

1136 482 1215 510 quac
1250 473 1342 502 debet
1376 484 1393 503 a
1428 474 1566 505 Domino
1600 475 1674 506 Iesu
1709 476 1838 507 Christo
1869 481 1900 506 et
1935 475 2093 515 evangelii

1136 514 1369 553 praedicatione
1393 518 1583 553 conservari,
1613 519 1665 555 ait,
1698 528 1808 548 omncs
1831 529 1849 548 a
1876 518 1941 548 Deo
1965 518 2093 548 doctum

1136 557 1189 587 iri:
1215 558 1263 587 cui
1289 558 1385 588 etiarn
1410 559 1450 589 D.
1477 559 1637 591 Iohannes
1660 562 1827 598 consentit,
1854 560 1969 600 quibus
1988 560 2094 591 verbis

1136 600 1306 630 ostendunt
1331 601 1440 640 quales
1463 612 1531 632 8888
1555 602 1691 634 debeant
1715 604 1893 643 quicunque
1917 614 1950 634 se
1974 603 2006 633 in
2032 603 2092 633 Dei

1137 642 1323 681 obsequium
1348 650 1559 683 componunt:
1586 646 1716 677 minime
1739 646 1868 686 quidem
1889 656 1998 676 omnes
2020 646 2092 676 doc—

1136 689 1229 721 tores,
1261 684 1347 725 (nam
1373 696 1440 717 esse
1463 692 1587 725 oportet
1611 689 1664 727 qui
1689 699 1756 719 sesc
1781 692 1952 720 exerceant
1972 688 2003 718 in
2024 688 2093 718 aliis

1137 726 1299 767 docendis)
1322 727 1376 758 sed
1397 734 1501 759 tamen
1524 740 1586 760 non
1607 731 1735 770 ignaros
1755 737 1786 762 et
1805 731 1971 762 brutorum
1993 731 2093 761 instar

1136 770 1289 810 stupidos.
1334 771 1416 801 Nam
1442 772 1535 811 plane
1559 780 1634 803 sunt
1658 775 1718 803 ista
1748 775 1831 804 inter
1854 784 1887 804 88
1910 784 2092 813 repugnan-

1137 813 1190 849 tia,
1213 813 1412 852 spiritualem
1438 814 1614 845 doctrinam
1642 815 1766 852 habere,
1787 824 1817 847 ct
1837 817 1965 847 interim
1987 815 2093 846 Deum

1137 855 1260 894 precari
1286 866 1348 885 non
1369 867 1468 895 posse,
1500 862 1531 887 et
1554 868 1762 898 quaecunque
1785 859 1822 889 ad
1847 859 1948 899 ipsius
1972 858 2092 889 cultum

1136 899 1343 937 requiruntur
1367 899 1523 938 ignorare.
1549 900 1635 931 Sane
1660 907 1724 931 tam
1748 909 1822 932 sunt
1849 903 1910 932 ista
1932 903 2094 932 contraria

1110 971 1111 979 ,
1137 951 1233 980 quam
1257 941 1342 980 ignis
1366 947 1398 971 et
1421 952 1511 981 aqua.

1220 983 1264 1013 Et
1299 983 1453 1014 hactenus
1487 984 1525 1014 de
1559 986 1722 1025 prophetis
1757 986 1789 1016 in
1822 986 1941 1017 Naioth
1971 985 2090 1016 dictum

1137 1030 1213 1063 esto,
1246 1030 1448 1057 transeamus
1478 1027 1517 1057 ad
1547 1038 1583 1057 ea
1613 1038 1693 1067 quae
1721 1035 1900 1068 sequuntur
1923 1028 1961 1059 de
1986 1027 2093 1065 Saule,

1137 1068 1284 1099 dimissos
1308 1069 1460 1099 nimirum
1485 1070 1523 1100 ab
1547 1071 1614 1109 ipso
1634 1071 1750 1102 milites
1769 1072 1821 1111 qui
1842 1070 2001 1102 Davidem
2022 1082 2093 1110 pei·-

1137 1117 1358 1150 sequerentur,
1384 1117 1414 1141 et
1437 1112 1585 1143 Naiothis
1609 1114 1924 1153 comprehenderent.
1948 1114 2001 1144 Ex
2024 1114 2093 1153 qui-

1137 1154 1196 1185 bus
1216 1153 1348 1185 Saulem
1373 1160 1504 1194 apparet
1528 1165 1654 1186 omnem
1675 1156 1735 1187 Dei
1756 1157 1901 1187 timorem
1925 1156 2091 1187 abiecisse:

1137 1207 1211 1227 nam
1236 1201 1271 1227 ut
1294 1204 1367 1227 ante
1387 1197 1536 1235 vidimus,
1561 1197 1741 1229 Samuelem
1763 1199 1868 1239 aliqua
1888 1199 2093 1230 observantia

1137 1239 1276 1270 colebat:
1301 1244 1332 1269 et
1353 1240 1479 1278 quidem
1505 1251 1544 1270 ex
1567 1241 1666 1280 ipsius
1690 1242 1870 1282 praesentia
1889 1252 1980 1272 suam
2005 1249 2093 1271 auto-

1138 1283 1265 1312 ritatem
1297 1282 1428 1312 retineri
1459 1283 1682 1322 arbitrabatur,
1715 1285 1793 1315 adeo
1823 1291 1855 1315 ut
1887 1285 1918 1316 vi
1952 1284 2092 1314 retinere

1137 1325 1243 1364 ipsum
1267 1324 1436 1361 studuerit,
1456 1324 1555 1356 donec
1579 1336 1634 1356 ora
1652 1327 1741 1367 pallii
1764 1328 1863 1367 ipsius
1886 1327 2092 1358 laceraretur.

1138 1369 1184 1398 Ac
1219 1367 1292 1398 licet
1323 1366 1455 1398 Samuel
1488 1369 1548 1407 ipsi
1579 1369 1624 1400 sic
1655 1369 1827 1400 laceratum
1860 1375 1891 1400 et
1925 1369 2093 1400 effractum

1136 1410 1238 1450 ipsius
1261 1420 1406 1450 regnum,
1438 1410 1638 1450 patefaceret,
1670 1422 1734 1443 non
1758 1417 1864 1442 tamen
1889 1422 2000 1442 ausum
2026 1422 2094 1442 esse

1137 1457 1194 1484 aut
1234 1452 1396 1492 indignari
1430 1458 1485 1483 aut
1519 1464 1669 1494 arguere:
1711 1454 1766 1485 sed
1800 1455 1905 1494 potius
1940 1460 2092 1494 tanquam

1136 1495 1333 1535 superiorem
1356 1496 1488 1535 precari,
1514 1501 1548 1526 ut
1571 1497 1630 1528 sibi
1653 1497 1843 1529 sacrificanti
1866 1497 2093 1533 adesses—sua-

1136 1548 1198 1578 que
1229 1539 1410 1577 praesentia.
1440 1538 1607 1579 dignatum
1638 1540 1870 1571 cohonestaret.
1915 1540 1984 1570 Iam
2016 1549 2091 1570 vero

1136 1591 1237 1621 quum
1269 1581 1425 1612 Davidem
1457 1592 1475 1612 a
1505 1580 1664 1613 Samuelis
1694 1584 1843 1613 societate
1870 1593 1934 1613 non
1965 1586 2093 1613 veretur

1137 1623 1285 1661 avellere,
1315 1633 1349 1654 88
1378 1634 1510 1664 prorsus
1534 1624 1726 1664 depuduisse
1748 1625 1851 1665 palam
1876 1625 1960 1662 facit,
1992 1635 2092 1665 quum

1137 1667 1205 1697 eius
1235 1666 1443 1698 autoritatem
1473 1667 1591 1698 violare
1621 1678 1683 1698 808
1713 1668 1823 1698 metuit
1846 1678 1940 1707 quem
1963 1668 1997 1698 in
2021 1672 2092 1698 tan-

1137 1715 1203 1739 tam
1234 1709 1421 1749 dignitatem
1446 1709 1534 1740 Deus
1565 1716 1726 1746 evexerat,
1758 1715 1852 1750 atque
1884 1711 1987 1749 ipsum
2019 1720 2092 1750 pro-

1137 1752 1306 1791 phetarum
1342 1752 1465 1790 asylum
1502 1752 1628 1783 violare.
1670 1753 1787 1784 Coetus
1818 1753 1902 1783 enim
1938 1758 2007 1783 erat
2040 1753 2091 1784 cui

1136 1794 1227 1825 Deus
1250 1795 1317 1834 ipse
1339 1794 1545 1834 praesidebat,
1577 1805 1613 1827 ac
1636 1795 1769 1835 proinde
1791 1796 1823 1826 in
1847 1806 1908 1835 quo
1932 1795 2091 1826 Davidem

1135 1837 1302 1877 oportebat
1330 1843 1481 1877 tanquam
1512 1839 1544 1868 in
1573 1839 1662 1879 asylo
1693 1844 1799 1868 tutum
1833 1849 1902 1869 esse
1932 1837 1970 1868 ab
2005 1839 2092 1869 omni

1136 1880 1286 1919 periculo.
1340 1880 1426 1911 Sane
1455 1880 1563 1911 nullus
1599 1881 1807 1920 quantumvis
1841 1881 1928 1911 locus
1962 1886 2091 1912 sanctus

1136 1922 1318 1963 perfugium
1350 1934 1418 1954 esse
1442 1923 1534 1954 debet
1556 1924 1721 1963 flagitiosis
1750 1928 1781 1954 et
1803 1923 1966 1954 sceleratis
1991 1923 2092 1954 homi-

1136 1965 1240 2002 nibus,
1273 1970 1306 1995 ut
1335 1966 1392 1996 fiat
1422 1966 1580 1996 latronum
1612 1967 1715 2006 potius
1739 1965 1908 2005 spelunca:
1939 1966 2091 2006 quemad-

1136 2008 1266 2039 modum
1290 2008 1322 2038 in
1346 2013 1465 2048 papatu
1487 2009 1658 2048 contigisse
1683 2008 1836 2045 videmus,
1861 2014 1896 2039 ut
1915 2009 2043 2048 templis
2061 2014 2093 2040 et

1136 2051 1333 2082 coemeteriis
1367 2051 1456 2081 abusi
1490 2051 1563 2088 sint,
1606 2062 1685 2091 quae
1727 2051 1816 2091 asyla
1860 2051 2092 2091 flagitiosorum

1136 2104 1205 2125 esse
1229 2094 1406 2125 voluerunt.
1439 2093 1502 2125 Sed
1527 2104 1624 2133 quum
1644 2093 1752 2124 David
1771 2094 1817 2124 illi
1838 2105 1871 2125 se
1890 2094 2092 2126 adiunxisset

1137 2137 1226 2168 cuius
1249 2136 1427 2167 ministerio
1450 2136 1528 2167 Saul
1560 2137 1626 2175 ipse
1649 2137 1752 2167 fuerat
1782 2137 1816 2166 18
1840 2137 1963 2176 regiam
1987 2136 2090 2177 digni-

1138 2184 1236 2210 tatem
1266 2183 1405 2216 evectus,
1437 2186 1468 2209 et
1492 2189 1584 2218 quem
1614 2180 1747 2218 ipsemet
1771 2178 1849 2210 Saul
1880 2180 2001 2210 honore
2024 2180 2091 2221 dig-

1138 2226 1231 2252 natus
1255 2226 1333 2259 erat,
1364 2221 1462 2252 nimia
1494 2222 1552 2252 fuit
1576 2221 1682 2252 Saulis
1712 2221 1844 2253 audacia
1862 2227 1894 2252 et
1916 2222 2036 2253 iniuria
2058 2224 2091 2254 in

1137 2263 1321 2295 Samuelem
1356 2264 1394 2295 ab
1429 2265 1498 2295 eius
1532 2264 1689 2304 praesidio
1728 2269 1759 2295 et
1798 2265 1898 2295 tutela
1932 2264 2092 2297 Davidem

1137 2307 1275 2338 avellere
1304 2306 1394 2338 velle.
1440 2307 1524 2337 Nam
1554 2317 1650 2346 quum
1681 2307 1812 2338 Samuel
1836 2307 1993 2339 Davidem
2018 2309 2091 2339 Nai-

1137 2350 1223 2381 othis
1253 2359 1325 2380 cum
1356 2349 1521 2389 prophetis
1552 2349 1713 2384 retineret.
1748 2349 1881 2389 perinde
1908 2350 1970 2381 fuit
1999 2361 2035 2383 ac
2066 2352 2092 2382 si

1137 2393 1206 2423 Deo
1226 2393 1285 2432 ipsi
1306 2392 1438 2422 tutelam
1459 2392 1559 2431 ipsius
1577 2392 1797 2431 commisisset,
1815 2398 1845 2423 et
1864 2393 1898 2423 in
1917 2393 1984 2424 loco
2003 2404 2092 2425 sacro

1138 2435 1226 2466 velut
1248 2435 1281 2465 in
1305 2435 1377 2465 forti
1401 2434 1650 2474 propugnaculo,
1681 2440 1712 2465 ct
1736 2435 1823 2475 asylo
1847 2436 2007 2468 tutissimo
2031 2438 2094 2468 col·

1137 2477 1282 2515 locasset,
1305 2477 1358 2508 ubi
1382 2477 1442 2507 Dei
1467 2487 1583 2507 nomen
1606 2477 1823 2515 invocabatur,
1847 2483 1879 2509 et
1901 2479 1980 2519 legis
2003 2490 2092 2511 exer-

1137 2521 1244 2552 citatio
1266 2520 1403 2559 vigebat.
1434 2520 1486 2550 Ex
1510 2519 1623 2559 quibus
1645 2520 1748 2560 magis
1772 2521 1936 2562 magisque
1959 2522 1996 2553 fit
2018 2532 2092 2553 con-

1137 2564 1281 2603 spicuum
1307 2562 1437 2593 Saulem
1469 2562 1502 2592 in
1533 2563 1702 2601 reprobum
1735 2573 1865 2594 sensum
1895 2564 1994 2596 fuisse
2017 2575 2091 2596 con-

1137 2606 1263 2645 iectum,
1288 2610 1319 2635 et
1342 2605 1401 2635 Dei
1425 2604 1569 2642 oblitum,
1593 2615 1784 2644 omnemque
1806 2606 1994 2647 religionem
2017 2618 2091 2639 con-

1137 2648 1313 2688 tempsisse,
1344 2657 1442 2687 quum
1471 2647 1502 2678 vi
1527 2646 1686 2678 Davidem
1717 2658 1756 2679 ex
1787 2649 1848 2681 isto
1878 2654 1970 2682 coetu
1992 2650 2094 2682 voluit
