2551 3044
377 221 438 250 392·

378 313 448 347 fuit,
473 320 571 350 quum
595 309 713 341 dicitur
738 309 829 348 Doeg
854 308 886 338 in
911 309 1105 346 sanctuario,
1137 316 1288 348 tauquam
1314 309 1345 340 in

380 354 439 385 Dei
462 352 654 393 praesentia,
678 351 792 382 fuisse.
816 350 871 382 sed
895 351 941 381 ita
970 350 1075 382 solent
1095 351 1284 391 hypocritae
1305 352 1345 382 ri·
1372 381 1373 388 ,

380 397 464 427 tibus
493 395 638 426 externis
667 404 828 425 summam
859 392 1062 424 devotionem
1094 402 1123 424 et
1157 393 1347 434 religionem

379 439 540 479 profiteri,
573 437 633 468 Dei
659 443 768 467 tamen
791 435 914 476 gloriae
938 437 970 466 in
996 435 1102 467 cordis
1126 437 1346 476 penetralibus

380 491 516 529 parvum
536 479 683 511 studiosi.
708 479 780 510 Hoc
804 479 923 509 nostris
947 478 1146 518 temporibus
1168 480 1246 510 satis
1270 489 1346 510 con-

379 525 528 564 spieuum
553 529 602 554 est
627 523 659 553 in
685 521 795 552 multis
820 521 982 561 primariis
1005 521 1172 562 dignitatis
1203 529 1233 553 et
1256 530 1346 553 auto·

379 566 483 598 ritatis
513 565 599 602 viris,
633 564 687 605 qui
720 565 852 595 missam
885 574 982 594 unam
1002 571 1058 595 aut
1076 564 1215 596 alteram
1236 564 1346 596 audire

383 608 511 649 quidem
542 607 749 648 cupidissime
778 617 812 638 se
835 606 1001 645 simulant,
1032 612 1064 638 et
1094 614 1200 638 tamen
1231 618 1347 647 pravas

381 662 455 683 suas
485 650 678 691 cupiditates
707 650 815 680 animo
849 649 986 680 volvunt
1016 654 1050 681 et
1073 656 1235 690 repetunt,
1267 660 1347 690 quas

381 694 431 725 vel
453 693 538 725 domi
569 693 617 724 vel
643 694 675 723 in
703 691 859 724 cubiculis
892 691 942 722 vel
970 692 1097 732 palatiis
1125 693 1192 723 suis
1218 703 1347 724 versare

380 737 486 768 anima·
507 747 564 776 per
582 736 684 767 otium
705 746 767 766 non
789 734 977 775 potuissent,
1002 735 1063 766 nisi
1082 743 1211 767 sanctae
1231 735 1347 766 missae

381 779 506 811 devotio
531 785 655 810 mentes
677 777 808 808 illorum
827 778 872 808 sic
892 778 1055 809 retineret.
1101 777 1156 810 Sic
1179 778 1346 818 plerosque

380 822 460 854 alios
496 821 606 852 uideas
641 821 674 852 in
710 826 829 860 papatu
863 830 938 852 suas
971 820 1043 852 illas
1078 821 1345 868 precatiunculas,

380 875 460 906 quas
491 864 589 895 Pater
620 870 731 895 noster
762 870 793 894 et
821 862 894 894 Ave
923 863 1028 894 Maria
1060 868 1184 900 v·0cint,
1215 863 1347 903 ingenii-

382 918 469 944 nare,
494 908 590 937 horas
613 916 687 937 suas
711 905 955 937 demurmurare
974 912 1005 937 ct
1025 906 1063 937 ab
1082 906 1177 937 altari
1201 906 1233 936 in
1259 905 1345 936 aliud

381 950 482 981 altare
513 949 692 989 decurrere,
727 959 886 980 summam
917 948 1107 989 religionem
1138 959 1213 989 prae
1243 960 1277 979 sc
1300 948 1345 978 fe-

382 1001 499 1025 rentes.
545 991 611 1024 Sed
641 991 752 1032 quales
775 991 906 1023 obsecro
935 997 1010 1022 sunt
1032 991 1161 1022 illorum
1193 999 1225 1021 ut
1249 991 1346 1030 pluri-

381 1046 471 1067 mum
506 1033 740 1075 cogitationes?
785 1033 852 1065 Alii
886 1033 925 1064 de
956 1035 1062 1065 usuris
1096 1035 1255 1074 cogitant,
1290 1033 1345 1064 alii

381 1077 494 1110 caedes
517 1077 726 1115 meditantur,
757 1076 812 1108 alii
835 1076 1002 1107 adulteriis
1027 1085 1174 1114 uruntur,
1204 1077 1258 1107 alii
1282 1086 1346 1106 am-

381 1121 498 1152 bitione
521 1126 553 1151 et
576 1120 711 1152 caeteris
733 1118 916 1151 huiusmodi
937 1119 1023 1151 vitiis
1046 1119 1169 1150 animus
1193 1130 1266 1149 suos
1291 1130 1345 1149 ex-

382 1164 479 1204 plent.
526 1162 676 1203 Denique
699 1172 798 1209 quum
818 1161 967 1210 Doegum
993 1163 1025 1193 in
1046 1170 1158 1193 sanctu
1163 1163 1228 1192 ι·ιιιο
1248 1162 1346 1193 fuisse

382 1207 531 1247 legimus,
568 1213 721 1245 tanquam
754 1216 786 1235 ιιι
819 1205 962 1243 imagine
995 1206 1066 1236 viva
1090 1206 1346 1244 contemplamur

381 1260 435 1281 eos
458 1249 512 1289 qui
537 1258 692 1286 marnum
717 1246 844 1296 quidem
870 1246 930 1277 Dei
955 1247 1057 1277 zelum
1083 1248 1158 1278 foris
1182 1248 1345 1284 simulant,

382 1300 414 1324 et
436 1297 544 1323 tamen
570 1292 658 1322 intus
681 1290 879 1338 turpissima
887 1290 1009 1330 flagitia
1033 1291 1198 1320 nutriunt:
1222 1290 1346 1320 Deum-

383 1345 445 1375 que
477 1333 623 1371 irrident‚
659 1343 838 1372 nomenque
871 1332 971 1371 ipsius
1004 1337 1241 1364 sacrosanctum
1275 1343 1344 1372 pro-

383 1381 503 1408 fanant.
551 1377 593 1407 Et
624 1375 752 1416 quidem
785 1376 847 1406 ista
871 1375 974 1415 Doegi
998 1375 1160 1406 simulatio
1193 1375 1302 1416 procul
1328 1386 1345 1406 a

385 1431 460 1451 vera
490 1419 617 1459 pietate,
653 1418 816 1458 divinique
852 1418 956 1449 cultus
990 1419 1172 1449 reverentia
1206 1419 1346 1449 abfuisse

385 1461 523 1499 videtur,
553 1471 651 1501 quum
684 1460 843 1491 Davidem
878 1460 917 1490 ad
950 1460 1079 1491 Saulem
1111 1461 1188 1491 falso
1222 1461 1345 1498 detulit,

383 1512 414 1537 et
437 1503 649 1551 sacerdotum,
675 1511 710 1533 ut
734 1503 884 1543 deinceps
910 1503 1097 1540 videbimus,
1121 1514 1216 1534 eausa
1240 1503 1347 1535 caedis

384 1548 460 1579 fuit:
496 1557 558 1587 quo
592 1547 726 1578 crimine
764 1546 821 1576 luit
855 1557 961 1577 eoram
997 1546 1067 1576 Deo
1101 1552 1132 1577 et
1162 1546 1347 1578 hominibus

385 1590 488 1631 magis
509 1588 726 1620 detestandus.

469 1632 538 1663 Iam
563 1631 601 1662 ad
626 1631 749 1671 reliqua
767 1642 939 1672 pergarnus
964 1632 995 1662 in
1021 1631 1079 1661 hac
1101 1630 1233 1662 historia
1257 1642 1347 1671 prae-

383 1677 487 1715 cipua,
511 1684 626 1714 nempe
651 1673 809 1704 Davidem
834 1686 851 1704 ιι
875 1673 1007 1704 Domini
1037 1675 1218 1705 sanctuario
1250 1676 1346 1705 tuisse

385 1726 529 1749 coactum
555 1717 594 1747 ad
619 1716 719 1748 Achis
741 1726 850 1757 regem
875 1727 974 1747 unum
999 1727 1039 1746 ex
1071 1716 1346 1748 philisthaeorum

385 1760 536 1800 satrapiis
570 1759 754 1799 confugere,
796 1767 827 1790 et
862 1758 906 1789 illi
941 1770 974 1790 se
1010 1760 1206 1798 permittere.
1263 1760 1348 1790 Nam

385 1811 476 1834 erant
505 1802 647 1841 quinque
671 1801 946 1833 Philisthaeoruui
977 1802 1147 1842 principes,
1189 1804 1242 1842 qui
1273 1813 1348 1833 suas

388 1845 571 1886 provincias
601 1853 754 1883 tanquam
786 1855 877 1884 reges
907 1843 1104 1875 obtinebant.
1149 1844 1212 1876 Hic
1242 1853 1348 1876 autem

387 1888 487 1920 Aeliis
517 1886 633 1918 dieitur
663 1887 863 1917 dominatum
894 1887 1071 1918 obtinuisse
1099 1888 1234 1919 Gethae.
1287 1888 1350 1918 Hic

388 1933 527 1972 primum
551 1936 685 1977 apparet
707 1940 802 1969 quam
825 1940 955 1967 gravem
980 1930 1258 1977 persequutionem
1282 1931 1347 1961 Da-

389 1973 443 2004 vid
475 1983 587 2013 passus
616 1972 667 2007 sit
701 1972 752 2003 cui
787 1972 899 2003 nullibi
932 1973 1031 2002 tutius
1061 1972 1123 2002 fuit
1153 1973 1347 2012 praesidium

389 2026 485 2057 quam
531 2015 613 2063 apud
656 2014 765 2046 hostes
804 2015 955 2046 ecclesiae
993 2013 1054 2046 Dei
1095 2015 1347 2062 capitalissiinos.

389 2060 480 2090 Tunc
514 2058 598 2089 enim
634 2057 786 2097 temporis
820 2057 986 2088 Israelitae
1023 2057 1184 2089 continuis
1220 2059 1350 2097 praeliis

389 2101 545 2133 adversus
567 2100 793 2138 Philisthaeos,
816 2099 1084 2140 quemadmodum
1104 2107 1178 2131 ante
1199 2101 1348 2136 vidimus,

390 2152 422 2176 et
445 2143 594 2182 deinceps
625 2143 725 2174 visuri
756 2153 877 2178 sumus,
907 2142 1156 2173 exercebantur:
1186 2149 1218 2173 et
1241 2143 1349 2174 David
1375 2145 1376 2148 ’

390 2185 580 2227 quibusdam
616 2185 714 2225 copiis
747 2186 810 2216 iam
845 2196 900 2225 per
933 2185 1061 2225 aliquod
1100 2193 1226 2225 tenipus
1259 2196 1349 2225 prac-

387 2232 502 2266 fuerat,
527 2236 557 2259 et
582 2239 750 2267 prosperos
769 2238 936 2259 successus
955 2228 1112 2259 adversus
1132 2228 1349 2259 Philisthaeos

390 2272 583 2303 obtinuerat.
630 2271 711 2301 Naui
743 2281 837 2310 saepe
863 2270 940 2301 Saul
973 2270 1063 2301 illum
1089 2271 1241 2310 periculis
1264 2271 1349 2301 obie-

385 2323 480 2351 cerat,
512 2322 542 2345 et
575 2314 662 2345 velut
693 2313 731 2344 ad
763 2313 926 2344 lanienam
961 2312 1138 2345 dimiserat:
1173 2313 1229 2344 sed
1261 2313 1351 2344 Deus

389 2358 433 2389 illi
457 2357 580 2388 felicem
602 2368 637 2387 ac
662 2357 787 2387 facilem
810 2357 972 2387 victoriam
992 2356 1031 2386 dc
1054 2355 1202 2387 hostibus
1224 2366 1350 2386 summo

390 2400 500 2431 Saulis
530 2409 603 2430 cum
634 2399 799 2430 stomacho
829 2407 859 2430 et
891 2398 1113 2440 indignatione
1140 2405 1350 2435 concesserat,
1376 2405 1378 2411 '

392 2451 426 2475 ιιι
447 2453 508 2474 non
529 2442 659 2473 dubium
680 2441 721 2472 sit
740 2442 817 2481 quin
838 2441 1014 2472 maximum
1035 2448 1066 2473 et
1087 2440 1351 2481 capitalissimum

391 2485 665 2518 Philisthacorum
696 2484 805 2515 odium
836 2484 868 2515 in
898 2495 931 2515 se
961 2485 1161 2520 concitasset,
1190 2489 1222 2514 et
1252 2483 1353 2514 nomi-

393 2529 494 2560 natim
518 2527 648 2568 egregio
672 2533 703 2557 ct
727 2527 926 2558 memorabili
952 2527 1006 2558 illo
1030 2527 1113 2558 facto
1137 2536 1237 2566 quum
1261 2526 1352 2557 Goli-
1378 2547 1379 2550 ι

393 2571 506 2602 athum
541 2570 729 2610 profligarat
767 2576 797 2600 et
839 2570 1051 2601 interfecerat.
1112 2568 1221 2608 Quare
1255 2579 1351 2608 quum

396 2613 510 2645 Davidi
542 2613 650 2643 nullus
684 2612 765 2643 alius
795 2618 976 2652 superesset
1007 2612 1120 2643 salutis
1144 2612 1231 2643 locus
1255 2621 1351 2651 quam

477 2655 616 2687 hostium

395 2657 425 2686 in
668 2655 967 2695 capitalissimorum
1016 2665 1131 2686 manus
1170 2655 1351 2695 confugere,

1169 214 1368 246 IlOMILIA
1396 213 1591 245 Lxxvm.

1373 1662 1375 1667 ,
1400 1631 1497 1661 etiam
1517 1631 1608 1662 facit:

2307 215 2370 246 400

1372 322 1373 325 ¹
1399 308 1529 348 signum
1563 312 1611 337 est
1642 307 1744 346 ipsum
1777 307 1807 338 in
1839 307 1991 339 maximis
2022 308 2179 348 angustiis
2209 308 2307 340 fuisse
2337 314 2370 340 et

1401 350 1499 382 veluti
1524 348 1691 388 deplorata
1709 349 1822 390 salute,
1847 350 1978 390 vitaque
1997 360 2015 381 a
2034 351 2089 382 filo
2110 351 2279 391 pendente,
2302 361 2368 382 non

1401 394 1540 433 potuisse
1571 392 1634 422 nisi
1665 391 1859 423 horrendam
1891 392 2114 424 crudelitatem
2138 399 2170 424 et
2197 394 2367 424 saevitiam

1400 434 1674 467 Philisthaeorum
1699 435 1732 465 in
1757 445 1790 466 se
1813 442 2010 475 exspectare.
2058 436 2108 467 Ex
2138 446 2202 476 quo
2224 441 2367 476 apparet,

1399 489 1417 509 a
1442 477 1582 507 Domino
1608 476 1743 508 Davidis
1775 478 1871 508 fidem
1899 485 1932 509 et
1963 479 2154 518 patientiam
2183 478 2223 509 ad
2256 479 2367 510 vivum

1400 531 1498 559 usque
1522 520 1620 550 fuisse
1643 520 1853 559 exploratam.
1879 520 1971 560 Quae
1991 521 2138 552 doctrina
2161 521 2257 552 hodie
2277 521 2367 553 nobis

1401 576 1435 593 eo
1461 563 1563 601 inagis
1586 570 1635 592 est
1659 564 1848 598 necessaria,
1878 574 1940 603 quo
1964 574 2077 595 sumus
2101 564 2305 596 delicatiores
2334 564 2368 594 in

1400 607 1438 636 iis
1458 605 1599 636 ferendis
1618 605 1865 643 calamitatibus,
1884 617 1963 647 quas
1983 607 2073 638 Deus
2092 607 2248 637 immittit.
2282 606 2367 638 Nam

1400 649 1449 678 vel
1483 648 1615 678 minimo
1644 648 1709 679 ictu
1741 649 1884 688 percussi
1915 649 2026 680 statim
2059 649 2239 689 deficimur,
2273 655 2305 680 et
2339 649 2368 680 si

1400 691 1491 721 Deus
1523 691 1608 721 ictus
1641 691 1852 731 ingeminarit
1885 691 2022 722 nimium
2056 702 2168 723 severe
2198 691 2367 723 nobiscum

1399 734 1451 773 agi
1485 734 1666 772 querimur:
1709 744 1745 765 ac
1774 734 1848 766 licet
1881 744 1944 765 non
1979 734 2086 774 palam
2121 742 2154 765 et
2187 741 2298 774 aperte
2331 735 2365 765 iu

1399 776 1547 816 querelas
1570 776 1786 813 effundamur,
1818 776 2028 807 nihilominus
2052 783 2162 808 tamen
2194 777 2283 809 intus
2311 777 2366 808 do-

1400 819 1499 849 lorem
1524 818 1690 858 coquimus
1720 826 1752 849 et
1781 819 2083 850 obmurmuramus:
2107 819 2367 860 quandoquidem

1399 862 1499 902 igitur
1526 867 1592 892 tam
1626 861 1767 902 fragiles,
1799 867 1929 902 tamque
1952 862 2159 901 impatientes
2189 873 2301 894 sumus
2330 868 2369 893 ut

1399 904 1619 935 calamitatum
1644 910 1677 935 et
1696 905 1903 936 afflictionum
1923 905 2179 945 explorationem
2199 906 2283 936 ferre
2302 915 2366 936 nou

1372 943 1373 952 ¹
1400 947 1568 986 possimus,
1603 957 1640 978 eo
1675 948 1795 978 maiore
1829 957 1904 978 cura
1937 955 1970 977 et
2002 948 2180 979 attentione
2213 958 2296 988 quae
2327 947 2366 979 de

1399 989 1527 1020 Davide
1550 988 1602 1020 hic
1625 997 1918 1021 commemorantur
1941 990 2050 1021 animo
2080 996 2190 1022 nostro
2213 996 2291 1022 sunt
2313 1001 2367 1022 ex-

1399 1031 1578 1072 pendenda.
1633 1031 1717 1063 Nam
1752 1032 1847 1064 hodie
1880 1032 1975 1064 multi
2012 1043 2104 1064 suam
2138 1032 2365 1064 fortitudinem

1399 1074 1596 1115 praedicant,
1630 1080 1662 1105 et
1696 1085 1730 1107 se
1764 1076 1846 1106 mira
1880 1075 2037 1115 quaedam
2073 1085 2184 1115 passos
2213 1086 2271 1116 pro
2301 1074 2365 1106 Dei

1399 1118 1489 1148 eultu
1513 1117 1723 1157 persuadent:
1749 1118 1804 1149 sed
1828 1119 1898 1158 quis
1921 1128 1955 1149 se
1978 1118 2012 1149 in
2036 1123 2161 1149 tantam
2185 1128 2365 1159 persequu-

1399 1161 1496 1191 tionis
1520 1161 1688 1192 saevitiain
1713 1166 1746 1191 et
1768 1161 1908 1192 furorem
1930 1161 2056 1192 venisse
2080 1160 2212 1192 iactabit
2234 1171 2292 1201 pro
2315 1171 2364 1191 re-

1400 1204 1518 1243 ligione
1541 1203 1720 1234 christiana
1743 1203 1874 1240 tuenda.
1897 1213 1932 1234 ut
1955 1210 2084 1235 coactus
2103 1204 2146 1234 sit
2165 1204 2198 1234 in
2222 1203 2364 1235 hostium

1399 1256 1515 1276 manus
1546 1256 1579 1276 se
1610 1246 1766 1277 coniicere
1798 1252 1949 1286 tanquam
1983 1247 2114 1277 unicum
2147 1247 2233 1277 vitae
2256 1247 2364 1286 profu·

1400 1289 1511 1329 glum?
1546 1289 1655 1319 Veluti
1679 1289 1705 1319 si
1729 1299 1806 1328 aper
1829 1300 1925 1320 canes
1948 1290 2076 1329 fugiens
2107 1290 2140 1319 in
2167 1288 2364 1320 venabulum

1400 1332 1519 1362 irruat:
1541 1338 1599 1362 aut
1621 1342 1736 1362 cervus
1759 1341 1777 1362 a
1799 1332 1932 1363 canibus
1955 1333 2000 1363 sic
2024 1338 2188 1372 urgeatur,
2219 1339 2254 1363 ut-
2277 1337 2364 1362 metu

1400 1385 1434 1405 se
1464 1374 1517 1405 det
1546 1374 1577 1404 in
1611 1380 1743 1414 puteum
1766 1375 1990 1415 praecipitem:
2015 1377 2097 1414 quod
2121 1384 2219 1414 quum
2245 1374 2365 1406 Davidi

1401 1417 1573 1457 contigisse
1599 1416 1753 1453 videmus,
1778 1416 1940 1448 discamus
1966 1427 2024 1448 nos
2047 1417 2086 1447 ad
2110 1427 2148 1448 ea
2171 1427 2252 1457 quae
2275 1416 2365 1448 Deus

1401 1460 1570 1491 immiserit
1590 1460 1749 1500 patienter
1768 1460 1901 1491 ferenda
1923 1469 2124 1499 componere.
2165 1460 2214 1491 Ac
2237 1460 2262 1491 si
2283 1459 2365 1490 forte

1400 1513 1514 1534 sensus
1537 1503 1638 1534 nostri
1661 1508 1727 1533 tam
1750 1502 1870 1534 debiles
1894 1502 2023 1538 fuerint,
2048 1510 2083 1533 ut
2106 1501 2186 1533 nihil
2211 1502 2365 1542 perficere

1400 1545 1574 1585 possimus:
1617 1545 1722 1576 Deum
1756 1544 1995 1576 ardentioribus
2031 1545 2112 1576 votis
2145 1545 2364 1583 sollicitemus,

1400 1595 1436 1619 ut
1459 1587 1545 1618 vires
1567 1588 1635 1628 ipse
1658 1587 1751 1619 nobis
1773 1588 1930 1620 sufficiat:
1953 1587 2037 1628 quod
2057 1593 2170 1628 potest,
2194 1597 2225 1618 et.
2244 1587 2366 1627 reipsa

1633 1630 1717 1671 quod
1741 1631 1773 1661 in
1798 1630 1926 1662 Davide
1948 1630 2011 1661 Dei
2035 1641 2127 1661 servo
2152 1637 2308 1670 tanquam
2330 1630 2366 1661 iu

1400 1673 1529 1713 speculo
1552 1673 1643 1705 nobis
1666 1673 1741 1705 licet
1763 1673 1983 1712 contemplari.

1486 1717 1656 1748 Caeterum
1700 1717 1836 1747 tentatio
1870 1716 1923 1746 illa
1955 1717 2087 1756 gravior
2118 1716 2231 1748 fuisset
2263 1715 2366 1747 Davi-

1401 1758 1538 1799 demque
1568 1759 1700 1795 gravius
1729 1759 1888 1799 potuisset
1909 1758 2045 1797 afficere,
2076 1758 2103 1790 si
2127 1759 2299 1790 verborum
2322 1758 2367 1789 le·

1401 1802 1528 1833 nocinio
1552 1808 1585 1832 et
1610 1802 1771 1832 blanditiis
1801 1801 1916 1833 fuisset
1945 1800 1985 1832 ab
2016 1801 2162 1833 hostibus
2193 1800 2364 1833 delinitus:

1402 1855 1476 1875 nam
1512 1845 1581 1875 ficri
1617 1850 1740 1884 poterat
1774 1850 1809 1875 ut
1838 1843 2030 1876 Philisthaei
2061 1843 2223 1876 Davidem
2259 1849 2364 1875 trans-

1401 1887 1510 1928 fugam
1534 1888 1766 1925 existimantes,
1789 1892 1821 1918 et
1843 1897 1953 1927 regem
1973 1886 2105 1919 Saulem
2125 1887 2186 1927 ipsi
2203 1887 2366 1918 infensum

1400 1930 1548 1970 persequi
1571 1930 1611 1960 ad
1631 1940 1750 1970 poenas
1772 1929 1959 1970 fugientem,
1983 1940 2059 1960 eum
2077 1939 2151 1961 eum
2172 1928 2290 1970 gaudio
2313 1939 2367 1960 ex-

1401 1973 1554 2013 ciperent,
1589 1978 1620 2003 et
1656 1972 1781 2003 blandis
1819 1972 1927 2003 verbis
1968 1973 2135 2003 incautum
2172 1972 2365 2003 delinirent:

1401 2015 1535 2055 pulchre
1568 2025 1676 2046 secum
1711 2016 1762 2056 agi
1797 2022 1965 2055 putantes,
2004 2015 2130 2055 sibique
2163 2013 2366 2056 gratulantes

1402 2058 1498 2089 talem
1524 2064 1713 2098 tantumque
1738 2058 1844 2089 virum
1869 2058 1908 2089 ab
1927 2058 2085 2089 Israelitis
2108 2056 2272 2090 defecisse.
2307 2056 2365 2088 At—

1402 2112 1462 2141 que
1481 2101 1543 2132 ista
1568 2101 1635 2132 fere
1655 2108 1731 2131 sunt
1751 2101 1978 2141 primariorum
1999 2101 2143 2131 virorum
2165 2106 2261 2137 artes,
2285 2099 2365 2131 haee

1402 2143 1516 2181 studia,
1540 2150 1575 2174 ut
1598 2154 1652 2174 eos
1671 2143 1711 2174 ad
1731 2154 1764 2175 se
1785 2142 2069 2183 pollicitationibus
2088 2143 2261 2183 pelliciant,
2284 2152 2364 2182 quos

1403 2186 1488 2217 viros
1525 2187 1621 2217 fortes
1655 2186 1760 2224 fuisse,
1794 2191 1827 2217 et
1860 2185 1961 2216 multa
1994 2185 2136 2225 pericula
2169 2183 2306 2216 subiisse
2335 2190 2366 2216 et

1403 2229 1531 2269 egregie
1563 2228 1665 2260 multa
1693 2228 1831 2269 gessisse
1862 2228 1936 2259 belli
1972 2235 2114 2267 tempore
2146 2227 2296 2265 viderint,
2332 2231 2367 2258 ut

1376 2296 1377 2309 ,
1404 2282 1467 2301 non
1491 2271 1631 2311 amplius
1654 2271 1762 2302 hostes
1785 2270 1884 2302 fuisse
1908 2271 2123 2301 meminerint.
2171 2270 2241 2301 Sibi
2265 2269 2365 2311 igitur

1376 2337 1378 2353 ι
1404 2313 1502 2345 Achis
1532 2313 1705 2345 adventum
1731 2313 1868 2345 Davidis
1898 2313 2056 2354 gratulari
2080 2319 2216 2353 poterat,
2245 2319 2277 2344 et
2302 2312 2365 2343 vir-

1404 2357 1480 2387 tutis
1514 2356 1603 2388 illius
1627 2367 1749 2387 memor
1780 2356 1903 2387 hostem
1927 2356 2080 2393 oblivisci,
2109 2361 2142 2387 et
2164 2356 2302 2387 amicum
2326 2365 2365 2386 ex

1405 2399 1494 2430 hoste
1523 2400 1626 2430 faeere
1656 2399 1774 2436 conari,
1805 2399 2064 2438 quandoquidem
2097 2399 2191 2430 rebus
2219 2398 2366 2438 angustis

1377 2465 1378 2494 1
1404 2440 1443 2471 ad
1471 2452 1504 2472 so
1532 2442 1740 2482 confugisset.
1794 2441 2000 2473 Tantundem
2031 2441 2130 2482 igitur
2159 2440 2197 2471 de
2225 2440 2365 2472 hostium

1405 2483 1525 2515 viribus
1559 2484 1739 2516 detractum
1772 2484 1957 2515 videbatur:
1993 2495 2029 2515 ac
2058 2483 2192 2524 proinde
2221 2493 2286 2514 non
2316 2482 2364 2513 illi

1404 2526 1629 2565 imputandum
1664 2527 1690 2558 si
1725 2538 1782 2567 pro
1813 2527 1917 2566 patria
1947 2531 1978 2557 et
2008 2537 2084 2567 rege
2115 2526 2241 2557 fortiter
2271 2531 2366 2556 antea

1404 2579 1473 2599 sese
1507 2570 1674 2609 ‹ressisset1
1708 2569 1762 2601 sed
1798 2569 1905 2609 potius
1938 2569 2043 2609 gratia
2076 2574 2108 2600 et
2142 2567 2367 2600 benevolentia

1405 2611 1649 2644 conciliandum.
1706 2614 1815 2652 Atque
1855 2613 1935 2643 istae
1970 2616 2142 2652 potuerunt
2175 2621 2245 2642 esse
2279 2609 2365 2650 regis

1377 2660 1379 2686 l
1408 2654 1505 2685 Aeliis
1530 2655 1804 2686 ratiocinationes:
1829 2665 1910 2694 quae
1933 2655 1959 2685 si
1984 2665 2037 2690 erg
2030 2665 2059 2685 a
2080 2652 2237 2685 Davidem
2261 2653 2366 2684 locum
