2551 3044
411 228 473 260 515

630 319 875 360 HOMILIA
903 318 1178 358 LXXXVIII.

501 390 551 421 21.
566 387 608 419 Et
633 397 713 419 nunc
733 387 808 427 quia
827 386 890 417 scio
913 387 994 426 quod
1015 386 1182 418 certissime
1199 388 1386 426 reynaturus
1412 398 1413 418 ι

416 434 469 471 sis,
492 431 697 464 ethabiturtts
717 431 749 461 ivi
770 439 867 460 manu
890 431 943 460 tua
966 439 1092 469 requam
1107 428 1217 466 Israel,
1240 428 1290 459 22.
1306 427 1385 460 Iura
1412 439 1413 442 ¹

416 475 493 508 mihi
518 476 549 506 in
575 473 712 504 Domino
737 483 772 503 ne
796 472 899 503 deleas
922 482 1021 503 semen
1046 482 1145 502 meum
1164 475 1235 510 post
1256 481 1313 509 me,
1336 481 1386 501 ne-

416 529 473 559 que
495 518 623 556 auferas
649 525 755 546 nomen
780 525 880 546 meum
899 514 936 545 de
957 515 1044 546 domo
1061 515 1168 553 patris
1187 514 1254 545 mei.
1278 513 1330 544 23.
1344 513 1388 545 Ec

416 561 533 593 iuravi!
546 559 655 591 David
671 557 774 589 Sauli.
801 557 889 588 Abiit
909 568 978 597 erqo
993 556 1071 587 Saul
1088 558 1120 588 in
1141 557 1264 588 doniam
1286 566 1386 594 suam,

416 607 442 636 et
467 602 574 634 David
604 604 629 632 et
661 601 724 632 riri
755 601 825 631 eius
856 599 1080 631 adscenderunt
1107 600 1148 631 ad
1171 600 1287 630 tutiora
1310 599 1387 631 loca.

790 685 887 717 CAP.
912 684 1023 717 XXV.

505 749 532 778 l.
567 745 718 778 Mortuus
747 747 790 776 est
825 748 927 776 utitem
961 744 1098 785 Samuel,
1133 748 1157 776 et
1190 748 1388 786 conyreyatzae

419 794 462 824 est
482 791 646 822 universus
661 788 777 823 Israel,
801 790 827 818 et
846 788 1038 827 planxerunt
1061 798 1138 824 eum,
1157 790 1183 818 et
1203 788 1387 827 scpelierwtt

417 844 485 866 eum
508 834 540 864 in
565 832 652 863 domo
676 841 738 862 sua
763 831 795 861 in
820 830 988 862 Ramatha.

504 908 664 949 Superius
711 907 879 938 docuimus
917 918 980 947 qua
1014 907 1137 938 ratione
1171 906 1210 937 dc
1243 905 1388 938 hostibus

420 952 586 984 victoriam
619 957 788 991 reportare
821 950 980 990 possimus
1011 960 1127 989 nempe
1155 949 1277 980 malum
1306 949 1388 980 bono

419 1000 678 1035 compensantes.
701 993 798 1024 Hanc
811 993 898 1023 enim
914 993 1081 1023 victoriam
1095 992 1255 1023 Dominus
1268 992 1388 1032 laudat,

419 1038 542 1078 sibique
577 1044 705 1077 gratam
742 1035 949 1076 pronuntiat,
990 1046 1025 1067 ac
1060 1035 1194 1075 proinde
1228 1034 1387 1066 diversam

419 1086 608 1121 quaerentes
639 1078 827 1110 confusione
862 1078 992 1108 tandem
1026 1077 1206 1109 obruendos
1237 1078 1387 1108 minatur.

419 1125 593 1155 Praeterea
622 1121 791 1152 docuimus
821 1120 859 1152 ad
886 1121 992 1152 Deum
1027 1120 1277 1161 confugiendum
1309 1130 1388 1157 esse,

418 1173 451 1198 et
464 1166 625 1206 patienter
645 1164 748 1204 ipsius
773 1163 945 1195 consilium
970 1163 1232 1204 exspectandum,
1253 1169 1285 1194 et
1309 1170 1388 1193 tem-

418 1220 479 1250 pus
514 1219 551 1240 ac
583 1207 862 1247 opportunitatem
894 1216 957 1246 qua.
989 1217 1023 1237 sc
1052 1216 1215 1237 summum
1244 1206 1388 1237 omnium

420 1251 557 1283 iudicem
571 1249 733 1287 ostendat,
757 1255 786 1280 et
800 1255 913 1280 contra
933 1248 1110 1280 cavendum
1133 1259 1172 1280 ne
1191 1249 1251 1289 ipsi
1270 1249 1388 1279 ostium

420 1293 609 1326 claudamus
642 1298 755 1323 nostra
787 1292 973 1322 temeritate
997 1297 1029 1322 et
1052 1292 1150 1323 nimia
1173 1291 1388 1322 festinatione.

420 1337 579 1376 Quamvis
592 1335 678 1366 enim
693 1334 857 1365 obstinata
881 1335 923 1365 sit
945 1334 1090 1366 hostium
1114 1340 1297 1365 nostrorum
1321 1343 1389 1364 ma-

420 1380 502 1418 litia,
526 1378 740 1409 nihilominus
756 1384 863 1408 tamen
877 1378 1086 1408 afflictionum
1111 1383 1296 1408 nostrarum
1321 1375 1387 1406 exi-

421 1429 474 1454 tus
496 1431 623 1461 semper
648 1420 752 1451 bonus
775 1426 823 1451 est
848 1420 988 1456 futurus,
1019 1418 1276 1460 quandoquidem
1300 1418 1389 1449 mille

422 1465 564 1497 rationes
583 1462 682 1494 habet
703 1462 878 1500 Dominus,
902 1463 1019 1502 quibus
1041 1473 1115 1494 suos
1128 1462 1283 1493 adversus
1296 1472 1390 1501 quos-

423 1508 472 1539 vis
495 1506 604 1538 hostes
628 1511 768 1536 tueatur.
816 1505 861 1536 Et
883 1505 1012 1546 insigne
1035 1511 1083 1536 est
1108 1504 1216 1536 Saulis
1239 1504 1300 1535 hoc
1322 1503 1390 1534 loco

423 1549 625 1589 exemplum,
664 1548 716 1580 cui
747 1548 838 1579 Deus
867 1548 951 1579 hanc
981 1548 1215 1580 confessionem
1245 1547 1390 1586 extorsit,

423 1592 584 1624 Davidem
617 1601 687 1622 esse
719 1591 789 1631 ipso
814 1591 992 1622 iustiorem.
1038 1590 1258 1629 Quamobrem
1283 1589 1390 1620 Deum

425 1633 573 1667 videmus
587 1643 681 1674 posse
694 1643 748 1664 eos
762 1634 817 1673 qui
838 1643 896 1664 nos
916 1638 1156 1673 persequuntur
1174 1643 1210 1664 eo
1223 1631 1391 1669 adducere,

424 1684 460 1709 ut
480 1677 530 1708 vel
554 1677 677 1707 invitos
702 1685 829 1706 summo
853 1686 911 1706 suo
935 1675 1089 1707 dedecore
1111 1681 1257 1715 oporteat
1279 1674 1394 1714 iniqui-

425 1724 527 1751 tatem
541 1729 632 1750 suam
657 1718 818 1754 confiteri,
843 1723 1051 1757 nostramque
1075 1717 1294 1748 innocentiam
1320 1717 1394 1748 licet

426 1762 466 1794 ad
489 1768 619 1801 tempus
642 1760 747 1792 veluti
774 1760 924 1791 obrutam
949 1760 1055 1800 palam
1080 1760 1290 1791 innotescere.

513 1803 767 1836 Transeundum
782 1803 873 1834 nobis
890 1803 953 1834 iam
973 1809 1022 1834 est,
1040 1802 1079 1833 ad
1099 1802 1155 1833 illa
1169 1802 1277 1833 Saulis
1297 1802 1395 1834 verba

427 1847 544 1889 quibus
558 1845 720 1877 Davidem
743 1846 928 1877 iuramento
947 1845 1128 1885 obstringit,
1151 1845 1216 1876 fore
1240 1850 1277 1875 ut
1295 1855 1394 1885 quum

427 1890 468 1922 ad
486 1889 608 1930 regiam
629 1887 822 1929 dignitatem
843 1888 1053 1928 pervenisset,
1077 1897 1185 1918 semen
1210 1887 1310 1927 ipsius
1330 1898 1393 1918 non

428 1933 560 1970 deleret,
593 1941 696 1971 neque
721 1930 866 1962 auferret
896 1941 1014 1961 nomen
1042 1940 1135 1961 suum
1160 1929 1199 1961 de
1222 1930 1316 1961 domo
1339 1940 1395 1971 pa-

425 1976 504 2007 tris:
528 1973 583 2006 sed
597 1984 778 2014 passurum,
803 1978 839 2004 ut
860 1973 984 2013 placide
1005 1978 1156 2013 tanquam
1180 1972 1300 2004 subditi
1325 1973 1396 2004 reli-

427 2019 482 2059 qui
496 2018 594 2049 vitam
613 2023 759 2057 agerent.
784 2015 1023 2047 Admirandum
1048 2025 1124 2046 sane
1147 2020 1179 2046 et
1201 2016 1394 2056 stupendum

428 2060 512 2102 quod
548 2059 628 2092 Saul
670 2059 730 2090 hoc
772 2058 979 2090 iureiurando
1012 2057 1172 2089 Davidem
1213 2057 1423 2094 adstrinxit,¹

429 2114 524 2144 quem
555 2108 666 2133 tamen
697 2101 782 2132 ferre
814 2111 878 2132 non
910 2101 1014 2141 potuit
1041 2110 1136 2141 agere
1159 2101 1260 2131 vitam
1285 2101 1318 2131 in
1342 2100 1396 2131 de·

429 2146 534 2183 sertis,
565 2145 670 2185 patria
702 2149 866 2175 extorrem
891 2144 1074 2184 fugitivum,
1106 2153 1234 2184 vagum,
1258 2142 1341 2174 fame
1366 2148 1397 2174 et

430 2189 494 2227 siti,
524 2193 616 2219 aestu
641 2196 674 2218 et
698 2187 816 2225 frigore
841 2186 1041 2218 laborantem
1065 2191 1098 2217 et
1120 2185 1269 2217 omnibus
1292 2185 1394 2216 homi-

431 2231 528 2263 nibus
547 2240 692 2262 exosum.
717 2229 858 2268 Quinam
883 2230 969 2260 enim
992 2229 1054 2260 ista
1077 2228 1138 2260 duo
1161 2229 1246 2259 inter
1268 2239 1302 2260 se
1326 2239 1397 2259 con-

431 2274 587 2310 veniunt,
621 2278 657 2304 ut
681 2272 844 2303 Davidem
869 2270 948 2304 Saul
980 2276 1199 2312 persequatur,
1228 2276 1261 2302 et
1289 2277 1397 2302 tamen
1423 2288 1424 2291 =

432 2317 493 2348 hoc
517 2316 562 2347 illi
586 2315 761 2347 iurandum
786 2314 999 2355 extorqueat?
1024 2314 1077 2345 Ex
1101 2314 1160 2346 hoc
1178 2313 1324 2354 exemplo
1342 2324 1397 2354 ap-

433 2366 525 2400 paret
543 2358 662 2399 quibus
682 2357 833 2389 fluctibus
853 2357 990 2398 improbi
1014 2357 1161 2388 homines
1184 2361 1217 2387 et
1240 2356 1397 2388 increduli

433 2403 610 2443 agitentur,
643 2407 680 2432 ut
709 2410 867 2441 nusquam
899 2401 1024 2440 possint
1053 2400 1225 2440 quiescere,
1256 2405 1288 2430 et
1318 2399 1397 2430 nihil

434 2455 579 2484 unquam
604 2444 738 2474 firmum
764 2443 892 2474 habere.
933 2443 977 2474 Et
999 2442 1083 2475 hanc
1105 2442 1285 2474 mercedem
1308 2442 1399 2474 Deus

434 2488 468 2519 in
492 2488 563 2528 lege
587 2497 645 2518 sua
671 2486 803 2517 divinae
827 2496 903 2517 suae
926 2485 1104 2517 maiestatis
1124 2485 1400 2524 contemptoribus

436 2529 592 2571 promisit,
625 2529 692 2560 fore
715 2529 868 2559 nimirum
893 2534 929 2559 ut
952 2527 991 2559 ad
1015 2528 1164 2559 umbram
1187 2537 1279 2558 suam
1303 2529 1400 2568 trepi-

437 2572 524 2610 dent,
548 2577 580 2603 et
603 2582 764 2612 nusquam
787 2571 892 2602 securi
915 2571 991 2610 sint,
1015 2571 1178 2611 vitamque
1201 2570 1291 2601 velut
1314 2572 1401 2602 tenui
1426 2576 1428 2586 ³

438 2615 490 2646 filo
503 2614 698 2656 pendentem
719 2613 851 2653 ducant,
874 2618 905 2645 et
929 2618 1081 2653 tanquam
1106 2613 1257 2645 flucthus
1279 2618 1311 2644 et
1328 2623 1402 2653 pro-

438 2658 527 2690 cellis
550 2662 710 2696 aestuent,
740 2657 831 2689 cuius
854 2657 900 2688 rei
924 2656 1109 2696 exemplum
1133 2657 1166 2687 in
1191 2654 1289 2688 Saule
1312 2656 1402 2688 nobis

1177 223 1379 255 HOMILIA
1403 220 1635 254 LXXXVIII.

2337 220 2400 251 516

1439 316 1492 347 hic
1528 315 1730 356 proponitur.
1780 314 1892 345 Primo
1923 314 1990 345 loco
2021 313 2099 345 dicit
2128 325 2161 346 se
2192 315 2289 354 probe
2319 316 2400 348 scire

1439 358 1599 389 Davidem
1639 363 1868 397 regnaturum;
1905 367 2003 397 quare
2033 357 2132 396 igitur
2162 357 2222 397 ipsi
2253 358 2398 390 resistis?

1439 401 1573 433 scientia
1597 400 1682 430 enini
1707 399 1763 430 illa
1786 399 1824 430 de
1848 410 1909 438 qua
1933 399 1999 439 agit
2025 399 2063 430 ab
2087 399 2273 431 hominibus
2296 401 2400 432 nullo-

1439 444 1534 475 modo
1565 443 1788 483 proficiscitur.
1831 442 1903 473 Non
1927 441 2010 481 quod
2033 441 2140 472 David
2164 452 2275 474 auram
2299 453 2399 483 popu-

1440 487 1539 517 larem
1572 486 1718 525 raptarit,
1748 495 1884 525 regnum
1909 485 2067 515 ambierit.
2112 485 2160 516 Eo
2183 496 2220 516 ea
2243 485 2282 516 de
2303 496 2401 518 causa

1440 540 1502 560 non
1533 528 1718 568 impellitur.
1750 537 1809 558 nec
1838 527 1876 557 de
1907 537 1966 558 sua
1996 527 2150 559 electione
2180 538 2252 559 oum
2284 529 2400 569 populo

1440 571 1604 603 ullomodo
1636 571 1717 610 egit:
1750 580 1812 601 non
1844 580 1916 601 eum
1947 580 2081 601 avorum
2114 570 2248 602 illustris
2277 570 2401 603 familia

1441 614 1480 645 ad
1515 614 1545 645 id
1580 613 1784 649 sollicitavit,
1817 613 1871 643 sed
1908 613 2130 644 tantummodo
2163 612 2248 653 quod
2283 625 2301 645 a
2329 612 2400 646 Deo

1441 664 1557 688 unctus
1588 656 1639 693 sit,
1665 663 1699 686 ut
1730 665 1787 695 per
1810 655 1998 695 prophetam
2022 665 2116 687 suum
2141 656 2269 687 disertis
2293 656 2401 689 verbis

1442 707 1586 734 testatur,
1611 709 1709 738 quum
1736 698 1811 729 dicit
1835 709 1868 728 se
1886 697 2043 729 Davidem
2067 698 2100 729 in
2124 709 2232 739 regem
2256 699 2399 740 elegisse.

1440 741 1582 774 Aliunde
1595 742 1693 781 igitur
1707 751 1769 771 non
1784 740 1915 771 edoctus
1935 741 1995 771 suit
2008 740 2167 771 Davidem
2188 747 2400 782 regnaturum

1441 785 1503 816 nisi
1523 795 1561 815 ex
1577 783 1638 815 Dei
1658 784 1776 814 summi
1800 783 1938 814 decreto.
1967 782 2003 814 Si
2027 790 2134 814 autem
2159 793 2216 823 pro
2239 789 2401 825 comperto

1441 827 1578 858 habebat
1602 837 1620 857 a
1645 827 1713 857 Deo
1738 825 1901 856 Davidem
1925 836 2033 866 regem
2057 826 2205 864 electum,
2230 836 2330 866 quare
2353 837 2402 858 re-

1441 870 1547 901 sistit?
1573 869 1659 908 Quid
1681 868 1754 899 inde
1778 868 1854 899 fiet?
1880 870 2026 908 potuitne
2050 869 2118 899 eius
2141 869 2351 909 pervicacitas
2369 875 2402 901 et

1440 912 1612 944 obstinatio
1636 912 1789 943 invictam
1811 911 1898 942 illam
1913 910 1975 942 Dei
2000 911 2148 942 altissimi
2171 913 2325 943 virtutem
2346 923 2400 944 su-

1441 954 1577 995 perare?
1631 955 1855 985 Cei-tissimum
1888 962 1933 984 est
1964 952 2096 985 Saulem
2128 954 2221 985 furiis
2250 961 2282 985 et
2312 955 2402 986 rabie

1440 999 1608 1038 agitatum,
1632 1008 1650 1028 a
1663 996 1789 1028 diabolo
1803 996 2037 1036 perturbatum,
2058 1003 2164 1027 tamen
2185 997 2224 1028 ab
2243 997 2401 1029 eiusmodi

1443 1039 1649 1080 blasphemiis
1672 1039 1894 1070 abhorruisse:
1917 1038 2002 1079 quod
2026 1039 2129 1079 possit
2152 1039 2191 1070 de
2210 1039 2278 1070 Deo
2301 1040 2401 1072 vieto-

1441 1085 1522 1114 riam
1543 1090 1716 1122 reportare,
1739 1081 1823 1122 quod
1844 1082 1945 1122 possit
1967 1081 2166 1113 immutabile
2188 1081 2269 1113 illud
2292 1081 2400 1114 decro-

1442 1132 1508 1156 tum
1541 1135 1694 1156 revocare
1725 1125 1763 1155 de
1794 1135 1892 1164 regno
1921 1123 2074 1161 Dav-idm,
2108 1125 2322 1165 pronunciata
2350 1130 2400 1157 est

1442 1167 1648 1199 horrendum.
1704 1167 1840 1198 Etiamsi
1877 1175 1983 1198 autem
2017 1167 2135 1198 millies
2169 1167 2273 1199 fassus
2306 1175 2400 1206 esset,

1442 1210 1548 1241 Deum
1569 1210 1630 1241 hoc
1653 1217 1759 1240 ratum
1784 1216 1815 1240 et
1838 1211 1939 1241 fixum
1963 1210 2127 1249 statuisse,
2150 1209 2212 1241 Dei
2236 1210 2403 1242 consilium

1443 1253 1628 1284 nullomodo
1649 1253 1767 1283 mutari
1787 1263 1888 1292 posse,
1914 1252 2127 1284 nihilominus
2151 1260 2258 1283 tamen
2281 1252 2313 1284 id
2335 1254 2405 1285 effi-

1443 1306 1515 1327 cere
1543 1294 1750 1331 moliebatur,
1785 1303 1816 1325 et
1850 1295 1948 1326 veluti
1980 1294 2129 1326 cornibus
2159 1294 2266 1326 Deum
2296 1302 2405 1336 petere

1444 1338 1530 1368 ultro
1561 1337 1749 1368 conabatur.
1801 1337 1872 1368 Hoc
1904 1338 2054 1378 exemplo
2085 1337 2252 1375 docemur,
2284 1345 2406 1378 quanta

1444 1381 1486 1411 sit
1515 1390 1624 1411 eornm
1657 1380 1822 1410 hominum
1854 1380 1959 1410 rabies
1982 1390 2061 1420 quos
2083 1380 2225 1420 possidet
2248 1380 2404 1419 diabolus,

1444 1433 1523 1463 quos
1551 1423 1672 1453 scilicet
1703 1422 1858 1453 adversus
1881 1422 1989 1453 Deum
2020 1423 2262 1463 insurgendum.
2294 1431 2326 1454 et.
2348 1423 2403 1455 ad·

1445 1476 1559 1496 versus
1573 1476 1677 1505 ipsum
1691 1476 1723 1495 in
1746 1475 1836 1496 suam
1858 1475 1985 1496 ruinam
2005 1473 2036 1496 et
2060 1475 2233 1505 perniciem
2258 1476 2404 1506 pugnan-

1445 1508 1519 1539 dum
1546 1507 1692 1547 impellit.
1716 1507 1797 1546 Quis
1821 1509 1907 1538 enim
1931 1507 2012 1538 alius
2035 1508 2140 1539 exitus
2162 1508 2286 1548 sperari
2305 1510 2406 1549 possit

1445 1561 1539 1591 quam
1565 1550 1714 1581 ultimum
1739 1551 1885 1587 exitium,
1916 1560 2027 1581 eorum
2047 1551 2100 1590 qui
2124 1550 2279 1582 adversus
2297 1551 2405 1583 Deum

1446 1600 1479 1624 et
1509 1593 1608 1633 ipsius
1638 1593 1755 1624 electos
1785 1592 1982 1633 insurgunt?
2027 1593 2189 1625 Docemur
2217 1595 2342 1634 itaque,
2370 1594 2405 1626 in

1446 1642 1584 1666 tremore
1615 1646 1720 1667 coram
1743 1635 1814 1666 Deo
1844 1635 2002 1676 incedere,
2033 1636 2111 1667 adeo
2140 1635 2268 1676 quidem
2292 1643 2330 1668 ut
2351 1636 2407 1668 ubi

1446 1678 1538 1709 nobis
1558 1679 1736 1709 innotuerit
1755 1679 1856 1718 ipsius
1879 1678 2029 1710 voluntas
2053 1678 2098 1710 illi
2121 1679 2252 1719 obsequi
2275 1679 2407 1711 omnino

1446 1721 1642 1758 studeamus,
1667 1726 1699 1751 et
1718 1720 1871 1761 quidquid
1892 1721 1931 1752 ab
1950 1731 1985 1751 eo
2009 1722 2188 1761 profectum
2212 1722 2308 1753 fuerit
2332 1721 2407 1753 boni

1447 1764 1660 1795 consulamus.
1685 1764 1798 1804 Neque
1813 1765 1897 1794 enim
1918 1764 1997 1794 satis
2015 1771 2064 1796 est
2076 1763 2138 1795 Dei
2163 1765 2295 1796 verbum
2315 1764 2408 1796 nobis

1446 1817 1515 1837 esse
1544 1817 1622 1837 auro
1652 1813 1684 1837 et
1713 1814 1847 1847 argento
1878 1806 2065 1846 pretiosius,
2102 1806 2156 1838 sed
2185 1807 2282 1838 etiam
2313 1807 2408 1838 melle

1447 1849 1570 1880 dulcius
1589 1860 1658 1880 esse
1677 1857 1811 1889 oportet,
1836 1857 1872 1880 ut
1891 1848 2023 1889 pulchre
2047 1859 2104 1881 nos
2127 1849 2285 1890 propheta
2307 1850 2407 1888 docet,

1446 1891 1578 1923 Psalmo
1603 1892 1651 1923 19.
1695 1893 1867 1923 Caeterum
1895 1902 1957 1932 quo
1981 1891 2096 1923 melius
2120 1892 2204 1923 hane
2227 1891 2407 1924 doctrinam

1447 1934 1672 1974 percipiamus,
1703 1941 1735 1965 et
1763 1935 1802 1966 ad
1826 1945 1919 1966 usum
1943 1945 2140 1973 revocemus,
2170 1935 2407 1966 observandum

1447 1978 1556 2008 varios
1580 1987 1650 2008 csse
1673 1977 1803 2017 gradus,
1831 1984 1895 2008 tam
1917 1978 2100 2017 iniquorum
2124 1977 2291 2009 hominum
2309 1987 2407 2018 quam

1448 2020 1600 2050 fidelium.
1624 2019 1708 2051 Nam
1722 2020 1879 2051 increduli
1899 2020 1979 2051 nihil
1999 2031 2108 2052 eorum
2129 2030 2212 2060 quae
2235 2021 2266 2052 in
2290 2030 2408 2062 genere

1449 2062 1601 2093 dicuntur
1625 2062 1882 2103 apprehendunt.
1916 2063 1999 2094 Nam
2023 2064 2049 2094 si
2073 2063 2207 2095 miseros
2229 2073 2341 2095 caecos
2363 2062 2410 2094 di-

1448 2115 1567 2142 camus,
1593 2105 1618 2135 si
1641 2106 1839 2142 temerarios,
1859 2105 1914 2145 qui
1939 2106 2056 2137 bonum
2079 2117 2097 2137 a
2119 2106 2204 2137 malo
2227 2105 2408 2138 discernere

1449 2156 1624 2187 nequeunt.
1649 2149 1703 2188 qui
1717 2158 1820 2188 neque
1840 2148 1964 2179 ratione
1983 2159 2086 2188 neque
2108 2148 2224 2179 iudicio
2236 2148 2408 2185 ducuntur,

1449 2190 1530 2230 quod
1550 2196 1660 2222 sancto
1679 2190 1741 2222 Dei
1760 2191 1875 2231 spiritu
1900 2191 2004 2222 omnis
2026 2191 2260 2231 intelligentiae
2279 2197 2310 2222 et
2328 2190 2409 2223 lucis

1450 2239 1562 2264 autore
1586 2233 1812 2274 destituantur,
1843 2233 1921 2264 adeo
1951 2241 1985 2264 ut
2011 2233 2218 2265 incredulitas
2249 2243 2339 2264 mera
2366 2234 2409 2266 sit

1450 2276 1595 2313 caecitas,
1626 2282 1658 2307 et
1682 2276 1762 2307 nihil
1795 2276 1857 2307 nisi
1880 2276 2098 2308 confusionem
2129 2286 2237 2308 secum
2259 2275 2409 2308 invehat:

1450 2325 1559 2348 tamen
1598 2319 1686 2350 Deus
1719 2318 1890 2359 aliquando
1924 2318 2106 2350 incredulos
2139 2320 2224 2359 cogit
2256 2329 2290 2350 se
2323 2319 2410 2359 ipsos

1424 2378 1426 2382 .
1451 2371 1633 2401 agnoscere,
1658 2362 1827 2402 Deumque
1846 2368 1878 2393 et
1891 2362 2071 2397 veritatem,
2094 2371 2130 2392 ac
2143 2363 2296 2393 virtutem
2309 2361 2410 2402 ipsius

1451 2403 1702 2443 apprehendere,
1728 2410 1759 2435 et
1782 2404 1821 2435 ad
1845 2404 1931 2435 illius
1953 2405 2170 2444 cognitionem
2194 2405 2409 2445 obstupseere,

1451 2446 1529 2476 adeo
1560 2454 1593 2476 ut
1627 2446 1731 2486 plenis
1762 2447 1870 2479 buccis
1899 2447 1993 2478 fateri
2023 2446 2095 2478 illos
2125 2451 2270 2487 oporteat
2304 2446 2409 2478 Deum

1451 2498 1521 2519 esse
1545 2489 1680 2526 fidelem,
1709 2494 1742 2520 et
1765 2488 1973 2521 irrevocabile
2001 2499 2070 2521 esse
2093 2489 2246 2529 quidquid
2275 2499 2329 2521 ore
2351 2498 2410 2520 suo

1452 2533 1684 2571 pronunciarit.
1721 2531 1786 2564 Sed
1810 2533 1872 2563 ista
1895 2531 2105 2564 nihilominus
2127 2531 2257 2563 divinae
2280 2532 2411 2563 virtutis

1453 2574 1668 2613 apprehensio
1692 2585 1757 2606 non
1786 2580 1836 2606 est
1860 2585 1935 2606 vera
1957 2575 2091 2606 scientia
2113 2574 2152 2605 ad
2176 2585 2274 2615 quam
2297 2578 2411 2615 sponte

1453 2615 1617 2654 accedant,
1637 2624 1669 2648 et
1680 2628 1749 2649 seso
1768 2617 1948 2649 subiIciant.
1968 2617 2050 2648 Nam
2064 2617 2091 2648 si
2109 2617 2179 2648 fieri
2199 2622 2308 2657 posset
2327 2617 2412 2648 hane

1454 2659 1669 2699 cognitionem
1701 2660 1904 2699 suffocarent,
1935 2664 1967 2691 et
1990 2660 2051 2691 Dei
2075 2661 2231 2691 virtutem
2253 2659 2411 2701 opprime-
