2551 3044
161 211 225 244 549

160 306 283 346 recipit,
311 310 464 344 tanquam
495 304 521 334 si
545 313 600 334 rea
631 306 724 333 esset.
770 301 845 340 Qua
867 301 899 331 in
923 310 958 331 re
982 299 1119 331 Davidis

161 349 298 389 gratiam
329 347 389 378 sibi
420 346 623 385 conciliavit,
652 348 684 376 et
712 350 871 374 armatum
903 343 1118 383 expugnavit;

160 395 237 422 sunt
260 390 346 421 enim
369 389 425 419 illa
449 389 512 419 tela
531 387 646 428 quibus
664 386 717 417 vel
737 385 903 416 fortissimi
927 395 1118 424 expugnan-

160 438 224 465 tur.
248 431 515 471 Quandoquidem
528 430 628 470 igitur
639 429 678 460 ad
695 428 852 469 Abigailis
875 427 1003 458 laudem
1018 427 1119 466 ipsius

161 476 253 507 nobis
287 477 426 505 virtutes
460 472 745 511 commendantur,
787 471 947 502 discamus
981 469 1117 500 aliorum

160 521 290 558 peccata
313 517 358 547 sic
382 516 414 546 in
439 525 497 545 nos
520 515 605 554 ipsos
630 514 799 544 admittere
822 523 864 543 ne
886 512 1009 543 malum
1035 512 1118 542 malo

159 559 371 597 cumulemus,
394 557 450 589 sed
473 557 499 588 si
523 556 599 597 quid
622 562 786 596 peccatum
811 560 868 593 est,
899 565 1002 594 neque
1026 554 1118 584 dissi-

160 603 335 638 mulemus,
369 610 473 640 neque
504 599 668 630 mendacio
700 604 864 639 tegamus,
894 597 948 628 sed
979 597 1119 637 ingenue

158 645 334 676 fateamur:
354 648 386 674 et
407 644 654 673 intercessorum
675 647 784 682 partes
807 640 1013 676 sustinentes,
1038 639 1118 670 stul-

158 692 264 718 torum
296 686 376 717 vitia
408 685 669 717 condemnemus.
711 684 884 714 Caeterum
918 681 1120 713 observanda

158 730 210 761 hic
244 728 403 769 Abigailis
436 727 615 768 prudentia,
650 737 732 766 quae
766 726 804 756 de
839 725 946 756 mariti
981 724 1118 755 stultitia

158 772 303 812 loquens,
327 782 400 802 eum
421 771 453 801 in
474 770 630 801 invidiam
644 780 758 809 rapere
778 768 891 805 noluit,
916 777 1017 807 neque
1031 768 1119 807 igno-

158 815 260 845 minia
272 818 392 851 notare,
412 818 564 852 tanquam
577 812 750 852 impudens
763 811 897 842 femina:
922 811 977 841 sed
997 810 1117 840 factum

157 857 259 898 ipsius
283 862 391 897 tegere
414 861 446 886 et
467 856 573 895 ipsum
597 855 642 886 ita
665 854 768 895 magis
792 863 954 884 excusare.
985 853 1068 883 Nam
1092 853 1118 883 si

157 900 266 931 mariti
289 900 408 930 factum
433 909 498 929 non
522 898 608 929 fassa
637 898 749 928 fuisset
779 902 811 927 et
841 907 905 926 non
937 895 1007 935 ipsa
1031 895 1117 925 dam-

157 947 274 978 nasset,
285 941 423 972 Davidis
433 942 514 972 iram
524 940 628 980 magis
637 950 673 971 ac
682 939 786 980 magis
797 939 1036 975 inflammasset,
1045 942 1075 968 et
1084 938 1115 968 in

157 995 191 1016 se
213 985 413 1016 concitasset.
441 984 513 1014 Non
536 983 658 1023 patitur
681 983 766 1013 enim
789 982 838 1012 vir
856 981 946 1012 fortis
966 980 1117 1011 dissimu-

156 1028 323 1059 lationem:
358 1026 565 1066 quamobrem
607 1025 662 1065 qui
703 1024 911 1055 mendacibus
952 1023 1118 1054 blanditiis

155 1074 302 1108 utuntur,
330 1069 418 1109 digni
442 1073 517 1100 sunt
540 1068 595 1108 qui
624 1067 820 1099 reiiciantur.
866 1067 1038 1097 Discamus
1061 1065 1118 1096 ita-

156 1123 217 1153 que
247 1122 351 1152 neque
381 1122 449 1142 rem
481 1110 695 1149 dissimulare,
726 1120 829 1150 neque
859 1109 968 1140 fucum
999 1108 1118 1139 addere

156 1155 196 1187 ad
219 1155 327 1186 oculos
350 1152 626 1194 perstringendos,
650 1153 704 1183 sed
729 1152 917 1192 simpliciter
940 1151 1117 1182 admissum

155 1203 324 1238 peccatum
354 1197 459 1227 fateri.
491 1196 614 1227 Idcirco
637 1195 818 1236 Abigailem
853 1195 946 1225 fateri
970 1194 1118 1224 videmus

155 1242 296 1281 ingenue
326 1239 435 1270 mariti
467 1239 636 1270 delictum:
671 1238 877 1278 quamobrem
909 1238 1004 1268 etiam
1041 1236 1118 1267 dicit

155 1284 247 1314 illum
272 1284 397 1313 fatuum
422 1292 490 1312 esse
513 1287 545 1312 et
567 1292 625 1312 suo
651 1282 774 1311 nomini
805 1290 910 1311 mores
931 1279 1116 1311 convenire.

155 1325 259 1357 Nabal
292 1325 377 1356 enim
406 1324 541 1355 stultum
573 1329 605 1355 et
634 1324 757 1354 fatuum
789 1323 958 1363 significat.
1004 1322 1118 1361 Neque

154 1379 242 1406 vero,
267 1373 303 1399 ut
326 1373 402 1398 ante
425 1367 544 1403 monui,
576 1366 806 1398 scommatibus
829 1371 859 1396 et
884 1365 1027 1396 dicteriis
1050 1374 1118 1394 ma·

156 1411 254 1442 ritum
288 1410 414 1450 insequi
448 1409 681 1446 delectabatur,
724 1414 760 1439 ut
792 1408 982 1449 plerumque
1015 1407 1119 1437 solent

155 1463 304 1494 procaces
316 1453 470 1493 quaedam
486 1452 637 1483 mulieres
648 1452 831 1483 istiusmodi
851 1450 974 1482 cavillis
986 1460 1119 1490 magno-

155 1507 232 1536 pere
245 1496 414 1527 delectari:
438 1495 491 1526 sed
513 1500 678 1535 peccatum
698 1504 876 1534 agnoscens
889 1493 1118 1524 Davidisiram

156 1539 286 1580 placare
310 1539 434 1577 nititur,
456 1539 650 1578 veniamque
673 1538 790 1568 marito
813 1537 996 1576 impetrare.

241 1581 337 1621 Quod
371 1591 447 1612 vero
481 1581 588 1621 ipsum
623 1579 832 1620 compellans,
868 1580 928 1617 ait,
966 1578 1118 1615 Condona,

155 1634 279 1664 quaeso,
307 1624 502 1663 defectio-nem
525 1623 656 1654 ancillae
686 1626 765 1661 tuae,
796 1627 929 1662 apparet-
958 1622 1062 1661 ipsam
1086 1621 1119 1651 in

155 1678 190 1698 se
213 1667 340 1707 culpam
360 1667 405 1697 sic
418 1667 584 1706 recepisse,
604 1669 642 1696 ut
665 1665 824 1705 punitioni
843 1675 912 1695 sese
925 1664 1119 1695 submiserit.

155 1710 227 1741 Etsi
251 1709 396 1740 vicissim
421 1719 484 1740 non
508 1708 667 1739 dubitavit
687 1709 764 1748 quin
790 1708 857 1738 eius
878 1707 1038 1738 rationem
1062 1707 1121 1737 ali-

156 1762 253 1793 quam
276 1752 384 1783 David
408 1751 551 1788 haberet,
583 1757 613 1782 et
636 1751 674 1781 ad
698 1761 819 1791 poenas
842 1760 905 1781 non
926 1755 1119 1789 reposceret:

156 1793 414 1835 quandoquidem
434 1795 581 1834 iniquum
612 1794 705 1832 foret,
728 1794 761 1824 in
783 1793 936 1824 feminam
960 1793 1120 1823 insontem

157 1837 290 1869 alterius
302 1837 430 1877 culpam
444 1837 601 1874 derivare,
614 1846 798 1877 poenasque
812 1844 996 1875 reposcere:
1019 1845 1118 1874 quum

155 1880 347 1920 praesertim
367 1880 464 1910 etiam
478 1879 595 1909 Davidi
616 1879 770 1910 satisfecit
789 1877 976 1909 muneribus
995 1878 1120 1909 oblatis.

155 1923 208 1954 Ex
239 1932 303 1963 quo
331 1928 464 1962 apparet
488 1924 616 1952 veniam
648 1921 686 1952 de
716 1921 865 1952 admissis
896 1921 1042 1952 obtinere
1066 1931 1121 1951 cu-

155 1965 281 2006 pientes
315 1970 463 2005 oportere
505 1966 629 1995 sincere
664 1964 756 1994 fateri
790 1964 934 2003 culpam,
977 1970 1009 1994 et
1040 1963 1120 1994 nihil

157 2008 308 2040 simulate
321 2014 352 2039 et
365 2007 586 2039 fraudulenter
599 2017 704 2047 agere,
724 2012 756 2037 et
775 2017 831 2046 pro
844 2007 967 2037 viribus
981 2006 1122 2037 offensae

158 2051 259 2091 partis
299 2050 500 2081 satisfacere:
548 2049 818 2090 quemadmodum
859 2049 964 2079 iustus
1006 2048 1123 2080 dicitur

159 2103 285 2133 semper
302 2103 399 2124 suum
422 2093 537 2133 cuique
560 2093 702 2130 reddere,
726 2096 758 2123 et
777 2092 867 2122 nulla
886 2092 1005 2132 effugia
1025 2102 1121 2131 quae-

160 2146 240 2167 rere.
264 2135 483 2175 Quamobrem
504 2146 567 2166 non
589 2140 714 2166 tantum
727 2139 853 2175 oportet
870 2134 1011 2174 ingenue
1030 2135 1123 2165 fateri

159 2183 191 2209 et
217 2188 392 2220 agnoscere
422 2186 558 2218 peccata,
590 2177 646 2209 sed
670 2178 766 2208 etiam
798 2177 907 2208 conari
938 2177 1124 2208 satisfacere

160 2231 219 2261 pro
242 2221 337 2253 virili.
363 2221 459 2252 Multi
479 2221 566 2251 euim
590 2221 704 2252 alienis
727 2219 839 2260 opibus
862 2224 893 2250 et
916 2219 1124 2251 facultatibus

160 2263 322 2295 inhiantes
346 2263 472 2303 aliquod
496 2264 672 2303 patrabunt
694 2263 823 2304 insigne
842 2263 1013 2303 flagitium,
1033 2263 1124 2294 cuius

162 2306 277 2337 deinde
295 2317 329 2338 se
352 2307 550 2346 poenitentia
573 2306 647 2338 duci
666 2305 913 2345 profitebuntur,
938 2310 969 2336 et
988 2316 1051 2336 non
1069 2305 1123 2336 ad-

161 2349 315 2380 missuros
339 2349 366 2380 si
389 2360 454 2380 non
480 2353 566 2380 esset
588 2348 784 2380 admissum:
808 2348 863 2379 sed
883 2348 1013 2378 interim
1034 2348 1125 2379 satis-

161 2391 268 2423 facere
289 2392 416 2424 nolunt.
456 2391 554 2423 Multi
584 2392 735 2432 speciosis
758 2390 865 2422 verbis
894 2390 981 2422 aliud
1005 2391 1126 2422 habent

163 2433 197 2464 in
220 2444 275 2466 ore
297 2434 386 2465 aliud
408 2435 442 2465 iu
465 2440 603 2474 pectore,
627 2438 660 2466 et
679 2433 773 2465 dictis
792 2434 935 2474 ipsorum
954 2433 1040 2464 facta
1061 2444 1124 2464 non

165 2476 373 2516 respondent.
397 2476 604 2517 Quapropter
626 2488 663 2509 eo
682 2476 871 2517 diligentius
890 2476 1125 2508 observandum

164 2518 249 2558 quod
272 2519 333 2551 hoc
355 2519 425 2551 loco
449 2520 610 2558 docemur,
633 2524 669 2551 ut
692 2520 717 2550 si
738 2519 878 2550 offensas
897 2520 1018 2550 remitti
1035 2518 1126 2549 nobis

165 2561 322 2600 cupimus,
353 2562 481 2593 easdem
505 2562 598 2594 nobis
622 2562 791 2603 displicere
815 2572 878 2592 non
901 2566 1028 2593 tantum
1053 2571 1126 2593 ver-

166 2603 224 2641 bis,
254 2603 308 2634 sed
331 2605 428 2635 etiam
458 2605 552 2637 factis
574 2610 740 2638 testemur.
764 2609 796 2635 et
825 2615 882 2644 pro
905 2609 1017 2636 nostra
1039 2603 1127 2635 virili

166 2645 411 2679 satisfaciamus.

832 209 877 239 IN
900 208 925 239 Ι.
952 208 1040 239 LIB.
1064 206 1264 240 SAMUEL.
1287 208 1382 239 CAP.
1406 208 1516 239 XXV.

2071 203 2135 235 550

1259 299 1446 340 Sequuntur
1469 300 1618 341 deinceps
1642 300 1801 340 Abigailis
1824 299 1881 331 illa
1903 297 2023 329 verba:
2050 295 2134 327 Nam

1166 342 1265 380 plane
1290 342 1417 382 parabit
1447 343 1558 374 Ielaeova
1586 344 1709 374 domino
1746 353 1813 374 meo
1846 342 1970 373 domum
1999 340 2132 379 firmam.

1174 384 1311 416 Nomine
1324 396 1398 416 vero
1408 386 1516 416 domus
1530 386 1668 416 hebraea
1682 386 1793 425 lingua
1805 383 2030 424 complectitur
2039 391 2134 422 quae-

1173 437 1298 466 cunque
1335 427 1372 457 ad
1406 428 1489 458 vitac
1512 428 1609 459 huius
1632 434 1752 459 statum
1782 428 1954 467 pertinent.
1998 424 2052 456 Sic
2076 424 2133 455 do-

1173 479 1242 499 mus
1267 470 1399 500 alicuius
1423 470 1581 501 aedificari
1600 470 1725 506 dicitur,
1749 480 1847 510 quum
1866 469 1962 499 rebus
1983 467 2133 498 secundis

1173 511 1297 549 fruitur,
1322 518 1352 543 et
1376 523 1447 543 cum
1472 523 1572 544 uxore
1596 518 1624 543 ct
1649 513 1771 543 familia
1797 511 2007 552 tranquillam
2032 510 2132 540 vitam

1172 552 1269 594 degit,
1294 562 1324 585 et
1348 555 1387 585 ab
1411 555 1556 585 hostibus
1580 567 1644 586 non
1669 556 1850 590 infestatur,
1875 553 1929 585 sed
1951 553 2045 584 rebus
2065 552 2132 583 suis

1173 597 1283 628 utitur.
1330 597 1379 628 Ita
1401 608 1434 627 se
1461 597 1538 627 dicit
1560 598 1687 638 Abigail
1723 607 1907 637 persuasam
1932 606 2001 627 esse
2026 595 2130 626 Deum

1173 637 1292 669 Davidi
1317 640 1445 670 domum
1467 646 1666 679 paraturum.
1700 641 1793 672 Unde
1818 650 1894 671 vero
1922 639 1977 669 illa
2001 647 2132 677 persua-

1172 680 1227 717 sio,
1260 682 1322 712 nisi
1348 692 1385 712 ex
1411 682 1529 712 divinis
1560 683 1832 722 promissionibus,
1858 682 1975 722 quibus
1998 689 2132 720 prorsus

1172 723 1384 764 adhaerebat,
1425 731 1455 755 et
1489 735 1625 764 quarum
1660 726 1879 765 impletionem
1914 721 2130 762 exspectabat,

1172 765 1211 795 de
1232 777 1289 796 sua
1312 768 1429 806 pietate
1460 772 1522 797 tam
1556 774 1666 808 aperta
1695 769 1788 808 signa
1816 768 1921 805 dabat,
1953 765 2007 796 isti
2030 774 2131 805 regno

1171 819 1240 839 sese
1260 809 1415 841 subiicere
1428 815 1548 849 parata,
1574 810 1655 849 quod
1671 817 1776 841 tamen
1796 810 1960 840 hominum
1980 808 2130 848 opinione

1172 851 1296 882 nullum
1321 851 1411 882 erat?
1443 852 1505 883 Illa
1533 853 1632 892 igitur
1655 853 1724 883 Deo
1753 852 1916 883 serviendi
1939 850 2064 891 cupida,
2096 859 2130 881 se

1171 893 1256 924 ultro
1282 895 1398 925 Davidi
1422 895 1578 925 subiicere
1602 895 1727 926 divinas
1750 896 1879 926 intuens
1898 894 2131 935 promissiones

1172 947 1236 966 non
1256 937 1428 975 recusavit,
1452 947 1513 977 quo
1533 938 1623 968 fieret
1642 943 1833 978 perpetuum
1855 937 2011 968 ecclesiae
2031 948 2132 968 mem-

1171 979 1274 1013 brum,
1306 990 1438 1019 seseque
1461 986 1573 1019 sponte
1596 991 1721 1011 summo
1744 980 1790 1010 illi
1815 980 1958 1020 imperio,
1991 980 2075 1020 quod
2099 980 2133 1011 in

1171 1022 1372 1061 apparitione
1395 1022 1528 1053 Domini
1559 1024 1660 1053 nostri
1686 1024 1757 1054 Iesu
1782 1023 1907 1054 Christi
1937 1024 2132 1063 patefactum

1171 1072 1229 1102 est,
1254 1065 1467 1095 submitteret.

1255 1107 1323 1137 Iam
1350 1118 1424 1138 vero
1448 1108 1542 1148 agite,
1564 1111 1614 1139 etc.

1467 1322 1706 1361 HOMILIA
1737 1321 1840 1360 XCI.

1258 1406 1308 1437 28.
1334 1405 1468 1437 Faciens
1497 1406 1578 1436 enim
1609 1406 1701 1445 faciet
1731 1405 1887 1437 Dominus
1922 1405 1978 1437 tibi
2011 1406 2135 1438 domino

1171 1459 1235 1480 meo
1259 1450 1383 1480 domum
1400 1448 1533 1488 fidelem:
1555 1448 1630 1488 quia
1647 1448 1765 1487 proelia
1784 1448 1922 1482 Domini.
1942 1449 2063 1480 domine
2080 1450 2133 1488 mi,

1172 1496 1206 1523 tu
1213 1492 1408 1531 proeliaris:
1424 1491 1546 1521 malitia
1563 1501 1632 1531 erqo
1642 1501 1703 1521 non
1718 1491 1898 1522 inveniatur
1912 1492 1946 1521 in
1959 1493 1984 1521 te
1994 1491 2136 1523 omnibus

1172 1535 1280 1566 diebus
1303 1535 1382 1565 vitae
1402 1537 1479 1565 tuae.
1525 1534 1576 1565 29.
1610 1533 1645 1564 Si
1667 1534 1747 1564 enim
1770 1535 1943 1564 suri-averit
1965 1534 2135 1574 aliquando

1172 1578 1258 1608 bomo
1275 1586 1464 1616 persequens
1487 1579 1524 1614 te,
1555 1579 1580 1607 et
1610 1586 1760 1615 quaerens
1789 1577 1930 1606 animam
1952 1578 2046 1616 tuam,
2078 1578 2137 1608 erit

1173 1620 1280 1651 anima
1301 1620 1418 1651 domini
1440 1620 1498 1649 mei
1521 1619 1670 1650 custodita
1687 1619 1779 1658 quasi
1803 1619 1835 1648 in
1858 1619 2010 1658 fasciculo
2032 1620 2136 1652 viven-

1174 1664 1253 1694 tium
1276 1663 1361 1702 apud
1384 1662 1553 1694 Dominum
1576 1661 1677 1693 Deum
1699 1664 1801 1692 tuum:
1824 1671 1918 1700 porro
1936 1662 2135 1693 inimicorum

1173 1709 1295 1736 tuorum
1324 1705 1432 1736 anima
1463 1705 1614 1735 rotabitur
1643 1705 1735 1743 quasi
1765 1705 1797 1734 in
1819 1704 1944 1742 impetu,
1974 1707 2001 1736 et
2023 1705 2137 1737 circulo

1171 1748 1300 1787 fundae.
1345 1748 1395 1779 30.
1423 1748 1522 1786 Quum
1544 1757 1612 1787 eryo
1632 1747 1738 1786 fecerit
1760 1746 1916 1777 Dominus
1938 1746 1994 1778 tibi
2015 1747 2138 1780 domino

1174 1801 1237 1822 meo
1261 1791 1365 1822 omnia
1388 1790 1462 1821 baec
1483 1800 1563 1829 (suae
1585 1789 1729 1828 loquutus
1751 1792 1794 1820 est
1813 1789 1891 1819 bona
1911 1789 1947 1820 de
1965 1792 2000 1828 tc,
2024 1792 2049 1820 et
2067 1800 2137 1822 con-

1173 1834 1310 1864 stituerit
1332 1837 1358 1864 te
1379 1833 1494 1871 ducem,
1518 1833 1569 1863 31.
1595 1832 1666 1863 Non
1679 1833 1737 1862 erit
1759 1831 1816 1862 tibi
1838 1831 1893 1863 hoc
1912 1832 2138 1873 z‘nsz'nqultum,

1174 1879 1200 1907 et
1229 1877 1261 1907 in
1291 1875 1473 1915 scrupulum
1501 1875 1603 1906 cordis
1632 1875 1753 1905 domino
1783 1884 1857 1914 meo,
1887 1875 1968 1913 quod
1991 1875 2139 1914 effuderis

1174 1920 1354 1959 sanquinem
1367 1918 1539 1952 innoxium,
1563 1919 1617 1948 aut
1635 1918 1702 1956 ipse
1720 1919 1745 1947 te
1762 1916 1847 1947 ultus
1863 1916 1983 1955 fueris:
2007 1920 2033 1948 et
2044 1928 2138 1957 quum

1174 1962 1348 2001 benefecerit
1366 1961 1520 1993 Dominus
1541 1960 1661 1991 domino
1683 1969 1755 1999 meo,
1779 1959 1984 1991 recordaberis
2002 1961 2135 1993 ancillae

1174 2008 1253 2036 tuae.
1300 2004 1349 2035 32.
1373 2003 1416 2034 Et
1439 2004 1483 2034 ait
1504 2003 1612 2034 David
1635 2002 1675 2033 ad
1698 2001 1840 2041 Abiyafil:
1861 2001 2049 2034 Benedictus
2070 2003 2136 2036 Do-

1175 2048 1278 2078 minus
1301 2047 1389 2078 Deus
1413 2046 1524 2081 Israel,
1555 2046 1609 2085 qui
1637 2045 1725 2075 misit
1753 2044 1841 2075 hodie
1871 2047 1897 2075 te
1919 2045 1954 2075 in
1977 2055 2137 2078 occursum

1174 2100 1290 2121 meum:
1312 2090 1362 2120 33.
1383 2089 1426 2119 Et
1443 2089 1627 2119 benedictum
1646 2087 1797 2126 eloquium
1819 2089 1914 2123 tuum,
1940 2090 1967 2118 et
1984 2087 2137 2121 benedicta

1175 2136 1208 2164 tu
1230 2143 1307 2171 quae
1330 2131 1520 2171 prohibuisti
1542 2141 1589 2161 me
1607 2130 1694 2161 hodie
1716 2139 1753 2160 ne
1782 2130 1857 2159 irem
1881 2130 1923 2161 ad
1944 2132 2136 2171 sanquinem,

1176 2179 1203 2207 et
1224 2175 1387 2206 ulciscerer
1408 2184 1455 2205 mc
1482 2183 1578 2204 manu
1600 2183 1675 2203 mea.
1720 2172 1769 2202 34.
1798 2171 1952 2211 Alioquin
1973 2174 2049 2204 vivit
2072 2174 2136 2207 Do-

1176 2219 1282 2249 minus
1303 2217 1394 2248 Deus
1416 2216 1526 2254 Israel,
1556 2216 1611 2255 qui
1634 2214 1797 2254 prohibuit
1818 2223 1865 2245 me
1887 2224 1925 2244 ne
1947 2216 2065 2247 malum
2085 2217 2136 2256 fa-

1176 2271 1272 2292 cerem
1295 2260 1365 2290 tibi:
1394 2259 1458 2290 nisi
1481 2259 1538 2289 cito
1567 2258 1700 2289 venisses
1723 2258 1755 2287 in
1779 2266 1937 2287 occursum
1960 2258 2047 2297 mihi,
2077 2270 2138 2291 non

1177 2303 1373 2335 remansisset
1387 2301 1491 2332 Nabal
1513 2311 1608 2339 usqu-e
1631 2300 1672 2331 ad
1684 2300 1780 2330 lucem
1798 2300 1982 2330 matutinam
2000 2302 2139 2342 minyens

1178 2347 1219 2378 ad
1236 2345 1396 2384 parietem.
1442 2344 1492 2375 35.
1520 2343 1658 2381 Suscepit
1679 2352 1747 2381 erqo
1765 2341 1873 2372 David
1895 2342 1931 2373 de
1952 2353 2049 2374 manu
2071 2346 2140 2376 eius

1178 2389 1280 2420 omnia
1308 2397 1386 2427 quae
1415 2387 1558 2417 attulerat
1583 2386 1626 2422 ei,
1657 2384 1796 2423 dizitqzce
1821 2385 1848 2415 ei
1856 2397 1864 2414 .·
1901 2385 1984 2416 Vade
2010 2387 2139 2426 pacifice

1179 2432 1212 2462 in
1234 2431 1356 2462 domum
1379 2433 1473 2464 tuam.
1497 2438 1569 2468 ecce,
1592 2427 1809 2458 audivivocem
1829 2429 1923 2466 tuam,
1946 2431 1975 2458 et
1988 2428 2138 2462 honoravi

1176 2474 1287 2514 faciem
1309 2475 1403 2503 tuam.

1266 2557 1394 2597 Abigail
1420 2555 1556 2586 Davidis
1583 2555 1664 2586 iram
1688 2555 1854 2594 placatura
1878 2560 1910 2586 et
1933 2556 2038 2595 ipsum
2068 2568 2138 2597 per-

1179 2611 1312 2633 suasura
1335 2610 1373 2630 ne
1397 2599 1591 2639 propositam
1615 2597 1838 2628 crudelitatem
1861 2597 2017 2630 adversus
2036 2599 2140 2632 Naba-

1180 2645 1243 2675 lem
1273 2649 1303 2674 et
1333 2648 1433 2673 totam
1471 2641 1572 2681 ipsius
1608 2640 1762 2671 familiam
1796 2648 1980 2682 exerceret,
2015 2642 2138 2674 duabus

1885 2690 1936 2717 352
