2551 3044
122 207 185 239 493

128 306 253 341 suisset,
277 314 339 334 non
356 308 462 334 tamen
476 303 534 342 ipsi
553 301 717 332 videretur
735 300 918 331 satisfacere
938 299 1089 340 potuisse.

127 347 192 380 Sed
217 352 381 387 practerea
403 355 502 385 quum
526 343 646 374 Davidi
670 343 791 374 struxit
814 342 954 379 insidias,
986 345 1018 372 ct
1042 341 1090 371 in-

128 395 222 422 cauto
254 390 353 420 vitam
385 388 508 428 eripere
537 389 672 418 conatus
697 390 753 422 est,
783 395 847 416 non
872 384 996 416 destitit
1018 393 1090 414 eum

132 431 242 464 David
266 431 351 463 omni
375 429 526 469 obsequio
556 434 587 458 et
617 428 731 459 officiis
753 427 911 468 prosequi,
939 431 971 457 et
994 436 1091 466 quum
1116 423 1118 453 ἵ

131 475 290 506 malitiose
312 472 392 504 Saul
416 472 518 511 ipsum
544 471 691 506 irridens,
716 475 748 501 et
772 470 925 501 dedecore
949 469 1092 499 afficiens

128 518 227 549 filiam
247 516 306 556 ipsi
326 515 551 555 desponsatam
572 513 757 544 tradidisset
779 513 880 549 alteri,
900 522 962 542 non
983 516 1092 542 tamen

129 560 169 591 ab
198 559 300 590 officio
324 557 483 587 Davidem
515 557 577 587 ista
601 555 754 587 dedecora
778 559 810 586 et
834 554 969 585 iniuriae
994 553 1092 584 dimo·
1118 576 1120 597 3

464 599 535 630 Iam
566 608 643 629 vero
666 609 764 638 quum
790 597 866 629 Saul
893 596 932 627 ad
956 601 1092 627 mortem
1119 601 1120 605 ¹

130 613 204 635 vere
233 604 419 641 potuerunt.

130 646 236 686 ipsum
249 646 505 683 persequeretur,
527 641 733 679 etmiserum,
755 641 969 676 innocentem,
993 639 1095 678 patria

131 686 313 727 expulsum,
342 684 376 715 'et
406 689 568 715 extorrem
599 688 680 714 testa
710 683 841 723 lutoque
871 683 1093 717 insectaretur,

135 733 167 761 et
196 728 329 761 collecto
358 727 512 758 adversus
535 726 640 767 ipsum
666 726 808 757 exercitu
832 724 933 765 ipsius
957 728 1094 754 mertem

134 775 313 813 quaereret,
344 770 531 809 coelumque
555 773 660 800 terrae
684 769 811 800 misceri
837 767 957 804 mallet,
981 771 1018 797 ut
1041 765 1093 796 ad-

131 825 243 846 versus
268 813 427 844 Davidem
452 812 583 843 consilia
606 821 665 842 sua
688 814 925 851 exsequeretur,
954 809 1096 849 profecto

130 857 209 889 satis
237 858 321 887 iusta
351 854 466 886 Davidi
498 854 588 885 illata-
618 853 787 885 videbatur
818 853 941 884 occasio
972 852 1096 893 (siqua

129 900 213 931 iusta
242 904 347 939 potest
376 908 444 929 esse
467 898 499 928 in
524 897 690 928 hominum
717 895 853 937 malitia)
876 894 1039 926 iudicandi
1064 904 1097 924 se

132 942 209 974 satis
239 941 340 972 multa
371 950 510 980 passum,
541 940 606 970 imo
638 939 738 970 nimia
761 938 918 979 patientia
941 937 1097 968 adversus

133 984 264 1017 Saulem
288 994 393 1014 usum.
436 982 501 1013 Sed
526 981 633 1013 tamen
657 982 807 1013 omnibus
831 981 894 1012 illis
917 979 1098 1011 rationibus

135 1027 242 1058 David
274 1026 312 1058 ab
343 1026 448 1057 officio
473 1025 627 1056 dimoveri
652 1035 714 1055 non
739 1025 853 1065 potuit.
899 1023 965 1054 Nos
988 1022 1098 1062 itaque

134 1071 159 1101 si
203 1069 279 1100 laesi
312 1069 351 1100 ab
386 1068 492 1108 aliquo
527 1067 728 1109 gravissimis
763 1067 890 1098 iniuriis
925 1065 1098 1096 fuerimus:

134 1111 296 1143 Davidem
329 1111 508 1151 cogitemus
538 1110 745 1152 gravioribus
779 1110 901 1140 laesum
933 1119 951 1139 a
982 1107 1098 1140 Saule:

134 1155 251 1195 quibus
270 1158 376 1185 tamen
391 1153 500 1184 David
524 1152 640 1184 abduci
664 1163 726 1184 non
751 1153 865 1193 potuit,
889 1156 926 1182 ut
949 1162 967 1182 a
991 1150 1099 1181 divino

131 1197 284 1229 mandato
308 1197 359 1228 vel
384 1197 484 1227 latum
505 1206 648 1235 unguem
672 1195 846 1226 recederet,
893 1195 941 1225 Ac
964 1192 1099 1234 proinde

132 1240 267 1272 Davidis
296 1239 444 1279 exemplo
475 1249 581 1271 coram
615 1238 685 1269 Deo
717 1238 893 1270 iudicatum
925 1237 975 1274 iri,
1007 1235 1098 1267 cuius

131 1293 168 1314 eo
198 1287 342 1323 tempore
376 1292 440 1312 non
473 1282 533 1313 fuit
563 1286 628 1312 tam
659 1281 754 1313 elaris
782 1280 983 1312 documentis
1006 1288 1098 1309 mens

128 1325 290 1357 illustrata
324 1335 419 1365 quam
454 1324 549 1356 hodie
584 1327 694 1355 nostra
727 1327 791 1362 est,
825 1323 878 1364 qui
913 1321 1097 1361 exemplum

132 1367 266 1399 Domini
297 1369 398 1399 nostri
423 1367 497 1399 Iesu
522 1367 644 1399 Christi
668 1366 835 1403 habemus,
867 1365 905 1396 ad
930 1365 1014 1404 quod
1038 1373 1098 1394 1105

130 1414 258 1452 oportet
281 1410 485 1442 conformari.
526 1409 634 1441 David
659 1409 786 1449 quidem
811 1410 912 1440 fateor
936 1405 1098 1440 Samuelis

131 1458 249 1486 unctus
282 1453 461 1485 ministerio
497 1452 558 1484 fuit
592 1452 725 1483 Domini
760 1452 859 1483 nostri
894 1451 1018 1492 figura,
1061 1452 1099 1479 ut

131 1506 226 1537 saepe
244 1497 308 1527 iam
328 1499 403 1527 ante
427 1495 548 1527 dictum
573 1499 636 1526 est:
660 1499 887 1526 verumtamen
911 1504 977 1524 non
996 1491 1099 1532 potuit

130 1549 188 1572 suo
228 1543 371 1579 tempore
410 1538 520 1569 David
561 1538 668 1569 Iesum
709 1537 877 1569 Christum
920 1536 1099 1567 Dominum

133 1586 280 1614 nostrum
300 1582 346 1613 sic
365 1581 484 1612 intueri
503 1586 540 1612 ut
559 1580 653 1613 hodie
677 1580 770 1612 nobis
793 1579 973 1615 exhibetur,
997 1588 1099 1618 agnus

134 1625 290 1656 nimirum
325 1624 377 1664 qui
413 1634 449 1655 os
482 1634 548 1654 non
579 1623 707 1664 aperuit
737 1634 835 1663 quum
867 1622 906 1653 ad
936 1621 1100 1652 lanienam

132 1667 329 1707 traheretur,
353 1670 386 1698 et
404 1667 491 1697 omni
514 1676 631 1706 genere
656 1665 925 1697 contumeliarum
949 1663 1100 1694 obruere-

133 1715 197 1742 tur.
242 1710 309 1741 Nos
340 1709 441 1750 igitur
470 1708 567 1740 hodie
596 1708 750 1740 docemur
772 1709 868 1748 capiti
893 1711 1001 1738 nostro
1025 1716 1100 1738 eon-

133 1753 267 1785 formari
292 1753 366 1784 Iesu
378 1752 520 1791 Christo,
543 1752 598 1792 qui
621 1752 712 1783 nobis
735 1751 925 1792 proponitur
948 1754 1100 1789 tanquam

135 1796 302 1836 exemplar
325 1794 527 1826 imita-ndum.
565 1794 784 1833 Quamobrem
808 1793 913 1825 omnis
936 1791 1100 1824 excusatio

136 1839 228 1870 nobis
259 1838 422 1874 adimitur,
453 1838 514 1869 nisi
546 1838 733 1877 passionum
763 1841 948 1868 nostrarum
978 1834 1100 1867 violen-

133 1882 211 1912 tiam
245 1891 373 1912 omnem
407 1886 438 1911 et
468 1880 703 1921 turpitudinem
733 1880 778 1911 sic
808 1878 1030 1916 cohibeamus,
1065 1879 1102 1907 ut

133 1923 205 1955 Deo
238 1934 298 1955 1105
327 1923 452 1964 placide
487 1923 710 1960 sufficiamus,
745 1927 776 1953 et
807 1933 869 1953 non
902 1924 1028 1952 tantum
1062 1919 1101 1950 ab

134 1967 222 1998 omni
240 1967 274 1998 vi
294 1970 326 1998 et
348 1966 504 1998 violentia
526 1965 755 2006 abstineamus,
779 1964 834 1996 sed
858 1964 954 1995 etiam
978 1963 1100 1994 malum

135 2009 219 2041 bono
241 2019 504 2049 compensemus:
528 2014 560 2039 et
583 2008 643 2040 1100
666 2007 793 2048 quidem
817 2007 920 2038 fateor
943 2017 1008 2037 non
1032 2005 1101 2037 sine

135 2062 253 2093 magno
276 2051 452 2084 certamine
476 2062 567 2092 posse
591 2061 608 2082 a
632 2051 724 2082 nobis
746 2050 866 2091 perfici.

221 2095 304 2126 Nam
347 2098 379 2126 et
413 2095 481 2134 ipse
515 2093 623 2125 David
659 2104 757 2133 quum
793 2104 812 2124 a
845 2092 911 2124 suis
944 2090 1101 2122 militibus

136 2142 307 2178 urgeretur
340 2137 380 2168 ad
414 2136 548 2168 Saulem
581 2135 862 2173 interficiendum,
907 2133 1101 2165 commoveri

138 2179 373 2220 quodammodo
402 2180 515 2220 potuit,
546 2183 577 2210 et
608 2178 729 2219 aliquid
754 2178 887 2209 humani
912 2177 986 2217 pati,
1018 2175 1101 2216 qued

136 2222 267 2262 quidam
295 2222 484 2262 intelligunt
507 2232 605 2262 quum
629 2221 723 2253 dicit:
746 2221 902 2261 quispiam
924 2220 1005 2251 dixit
1026 2218 1104 2250 mihi

138 2266 230 2305 quasi
274 2267 401 2296 animus
441 2264 579 2296 Davidis
619 2265 725 2304 ipsum
768 2264 808 2295 ad
844 2262 952 2295 Saulis
991 2272 1101 2293 necem

139 2307 325 2339 cohortatus
338 2312 432 2344 esset,
445 2317 526 2347 quae
539 2312 648 2338 tamen
663 2306 820 2347 expositio
834 2306 961 2337 videtur
980 2305 1102 2335 aliena:

139 2350 298 2390 siquidem
327 2350 456 2381 aliunde
486 2350 593 2391 ipsum
618 2349 825 2381 sollicitatum
850 2348 950 2379 fuisse
974 2348 1101 2383 scimus,

140 2398 173 2424 et
205 2393 321 2434 ipsum,
355 2392 570 2433 undecunque
603 2392 794 2424 sollicitatus
829 2391 939 2427 fuerit,
974 2400 1101 2420 omnem

141 2435 340 2467 iracundiam
359 2440 392 2467 et
411 2436 572 2467 vindictae
590 2434 798 2475 cupiditatem
824 2433 1017 2474 deposuisse,
1041 2442 1102 2472 qua

142 2482 266 2517 poterat
284 2478 323 2509 ad
336 2477 445 2510 Saulis
468 2477 694 2509 crudelitatem
716 2476 933 2509 ulciscendam
958 2475 1102 2506 excitari.

141 2518 209 2551 Sed
248 2523 356 2551 tamen
398 2531 498 2561 quum
544 2521 577 2551 in
612 2520 705 2552 nobis
747 2520 888 2560 aliquam
922 2516 1102 2549 istiusmodi

141 2561 272 2601 luctam,
301 2566 333 2594 et
354 2565 531 2595 contrarios
554 2563 689 2595 affectus
712 2563 880 2601 sentimus,
903 2561 1020 2601 quibus
1043 2560 1102 2590 im-

143 2604 290 2644 pedimur
329 2616 370 2637 ne
409 2607 512 2646 primo
546 2606 610 2637 ictu
643 2616 700 2636 nos
733 2605 771 2636 ad
808 2604 868 2636 Dei
902 2603 1102 2634 voluntatem

142 2646 241 2678 verbo
271 2647 371 2688 ipsius
399 2649 592 2689 patefactam
622 2657 861 2688 componamus,
895 2647 1018 2678 fortiter
1047 2644 1102 2676 ad-

758 207 806 237 IN
829 205 854 236 I.
879 206 966 237 LIB.
992 205 1189 237 SAMUEL.
1213 206 1308 237 OAP.
1334 205 1462 236 XXIV.

2040 202 2102 230 *12⁸4

1143 308 1253 328 versus
1284 309 1340 329 1105
1372 299 1455 339 111505
1486 298 1672 329 certandum
1698 303 1756 336 est,
1785 301 1815 327 et
1840 296 1887 326 vis
1911 295 2001 325 nobis
2026 294 2103 334 ipsis

1142 340 1325 377 adferenda,
1355 342 1454 372 donec
1485 352 1597 371 sensus
1627 351 1738 371 omnes
1762 343 1890 371 nostros
1913 342 1945 367 et
1969 337 2102 367 affectus

1143 382 1370 417 domuerimus,
1401 390 1433 414 et
1463 384 1607 423 captivos
1637 383 1834 413 (luxerimus.
1881 379 1970 411 Istud
1996 383 2102 410 autem

1144 426 1197 455 fiet
1227 425 1253 456 si
1283 425 1321 455 ad
1346 426 1451 456 Deum
1477 426 1580 465 ipsum
1607 436 1823 465 assurgamus,
1848 429 1879 454 et
1904 422 2100 452 voluntatem

1144 468 1242 506 ipsius
1266 467 1459 499 intueamur.
1495 468 1658 506 Quamdiu
1682 468 1768 498 enim
1790 467 1822 497 in
1847 466 1952 496 hostss
1976 469 2103 495 nostros

1145 510 1309 540 intuemur
1333 510 1428 541 licere
1458 511 1548 541 nobis
1571 511 1679 541 omnia
1702 510 1933 544 existimamus,
1966 512 1999 537 et
2022 508 2102 537 intc-

1146 552 1296 592 gritatem
1321 558 1462 583 nostram
1483 564 1554 584 cum
1577 553 1661 583 illius
1686 552 1805 582 malitia
1836 551 1889 591 qui
1914 560 1971 580 nos
1996 559 2102 589 perse-

1146 594 1263 633 quitur,
1287 600 1511 634 compurautes
1531 596 1682 625 iniuriam
1702 595 1770 625 fieri
1785 593 1874 624 nobis
1895 593 2103 630 arbitramur,

1147 637 1208 666 nisi
1232 638 1296 667 vim
1320 638 1351 667 vi
1385 637 1567 676 repellendi,
1599 645 1627 667 et
1661 638 1782 668 hostem
1814 635 1987 667 ulciscendi
2011 634 2103 664 nohis

1148 684 1288 718 potestas
1308 680 1380 709 fiat:
1406 691 1479 710 num
1495 680 1543 711 vel
1564 681 1648 719 ipsos
1665 680 1809 710 ethnicos
1823 679 1971 709 videmus
1990 677 2103 708 virtuti

1148 721 1348 761 adcripsisse,
1379 723 1405 753 si
1435 723 1505 761 quis
1534 723 1648 753 iniuria
1678 726 1867 762 provocatus
1890 721 1976 751 illam
2000 719 2104 758 depel-

1148 764 1236 801 leret,
1256 769 1286 794 et
1301 764 1364 794 vim
1379 765 1409 794 vi
1424 765 1601 805 repelleret,
1622 765 1743 798 fortem,
1765 765 1903 803 inquam,
1927 767 1958 793 et
1971 772 2103 802 magna-

1149 807 1270 836 nimum
1295 807 1475 838 istiusmodi
1499 808 1601 838 virum
1627 808 1759 843 dixisse,
1783 807 1835 846 qui
1861 817 1917 845 per
1940 804 2103 845 ignaviam

1149 849 1209 879 sibi
1233 849 1303 879 fieri
1317 849 1466 880 iniuriam
1479 860 1541 880 11011
1563 854 1733 889 pateretur,
1758 849 1975 888 Quamobrem
1995 857 2104 886 quam-

1150 892 1202 922 diu
1233 893 1265 921 in
1298 892 1442 923 homines
1465 893 1573 923 0011105
1597 893 1734 923 intentos
1762 892 1979 925 habuerimus,
2010 890 2103 919 licere

1150 934 1239 964 nobis
1259 934 1486 965 arbitrabimur
1505 935 1620 965 bonam
1634 945 1761 965 eausam
1776 943 1967 973 quacunque
1980 932 2104 962 ratione

1150 976 1330 1013 defendere,
1355 983 1384 1007 et
1409 978 1446 1007 dc
1466 977 1611 1008 hostibus
1635 978 1785 1007 iniuriam
1810 974 2020 1006 inserentibus
2039 975 2107 1004 vin-

1150 1019 1267 1050 dictam
1286 1030 1421 1057 sumere‚
1445 1020 1499 1051 sed
1519 1030 1616 1059 quum
1638 1020 1676 1050 ad
1690 1019 1794 1050 Deum
1808 1029 1909 1058 usque
1922 1026 2107 1048 assurrexe-

1150 1062 1262 1099 rimus,
1293 1066 1325 1092 et
1356 1062 1452 1093 verbo
1483 1063 1585 1102 ipsius
1619 1063 1850 1102 praescriptum
1886 1060 2025 1091 officium
2057 1060 2106 1089 in-

1149 1105 1369 1144 spexerimus,
1404 1115 1529 1136 omnem
1564 1105 1652 1135 illam
1686 1105 1868 1144 opinionem
1907 1114 1947 1134 ex
1991 1102 2108 1133 animis

1150 1147 1269 1177 nostris
1293 1147 1362 1177 tolli
1386 1158 1516 1178 necesse
1538 1147 1615 1177 erit:
1640 1157 1675 1178 ac
1698 1146 1830 1187 proinde
1853 1146 1934 1177 scire
1953 1145 2107 1175 debemus

1152 1189 1276 1220 mundo
1300 1190 1373 1221 lieet
1401 1191 1493 1221 nobis
1527 1190 1757 1230 applaudente,
1792 1189 1872 1219 nihil
1908 1194 2014 1218 ‘tamen
2049 1198 2108 1217 nos

1150 1232 1358 1272 promovisse,
1391 1234 1414 1263 si
1447 1233 1486 1263 ab
1516 1242 1563 1270 eo,
1594 1233 1647 1272 qui
1677 1233 1762 1263 solus
1792 1231 1889 1262 iudex
1920 1235 2028 1261 noster
2059 1234 2109 1259 est

1151 1274 1411 1306 condemnamur.
1433 1275 1515 1305 Nam
1533 1275 1609 1314 quid
1622 1275 1752 1306 obsecro
1765 1274 1890 1305 iuvabit
1903 1283 1961 1303 nos
1975 1282 2107 1303 sexcen-

1152 1322 1269 1353 torum,
1289 1323 1324 1348 ut
1340 1318 1383 1347 ita
1402 1317 1514 1357 dicam,
1535 1318 1726 1348 mundorum
1747 1316 1928 1356 applausus,
1948 1315 1975 1345 si
1991 1314 2107 1345 summi

1151 1361 1264 1391 iudicis
1296 1361 1356 1390 Dei
1390 1361 1548 1391 sententia
1581 1359 1782 1391 iudicamur?
1818 1359 1915 1398 Atqui
1949 1367 2060 1388 omnes
2090 1367 2107 1387 a

1152 1403 1292 1433 maximo
1326 1403 1365 1433 ad
1399 1403 1571 1433 minimum
1609 1413 1715 1434 eoram
1757 1401 1856 1441 ipsius
1890 1400 2005 1431 iudicio
2039 1400 2107 1430 sisti

1153 1449 1286 1486 oportet.
1328 1445 1544 1484 Quamobrem
1569 1445 1607 1476 ad
1631 1445 1815 1485 passionum
1836 1447 2016 1474 nostrarum
2041 1442 2107 1472 vim

1153 1492 1185 1520 et
1203 1488 1388 1519 violentiam
1409 1488 1617 1520 coercendam
1641 1487 1680 1518 ad
1700 1488 1817 1523 Deum,
1843 1487 1894 1517 cui
1919 1494 2032 1516 omnes
2055 1484 2108 1514 de-

1153 1532 1252 1563 vincti
1277 1536 1362 1568 sunt,
1386 1541 1554 1571 assurgere
1578 1541 1634 1561 1105
1656 1534 1789 1570 oportet.
1830 1529 1914 1559 Nam
1937 1528 1964 1558 si
1988 1527 2105 1557 dixeri-

1153 1584 1225 1605 mus
1248 1573 1325 1614 quid
1347 1573 1455 1611 debeo,
1485 1578 1541 1604 aut
1564 1583 1626 1612 qua
1649 1573 1681 1603 in
1710 1583 1744 1602 re
1772 1572 1823 1602 isti
1848 1571 2015 1601 devinctus
2038 1579 2109 1600 sum

1154 1617 1209 1656 qui
1232 1617 1378 1657 ingratus
1401 1622 1458 1654 est,
1488 1616 1541 1656 qui
1565 1626 1616 1646 me
1639 1615 1756 1645 iniuste
1779 1614 1992 1654 persequitur,
2015 1622 2110 1652 quem

1154 1670 1212 1700 ego
1236 1659 1325 1689 nulla
1348 1669 1487 1699 uuquam
1518 1658 1634 1689 iniuria
1657 1657 1756 1693 affeci,
1788 1667 1881 1696 quem
1912 1655 2018 1696 potius
2041 1654 2110 1694 qui-

1154 1702 1340 1741 buscunque
1353 1702 1440 1741 potui
1454 1701 1614 1732 beneficiis
1627 1700 1798 1735 cumulavi,
1818 1708 1915 1738 quum
1929 1696 2110 1728 mercedem

1154 1755 1211 1785 pro
1233 1745 1333 1775 tantis
1356 1744 1518 1775 benefieiis
1542 1742 1699 1783 rependit,
1722 1747 1753 1773 et
1772 1741 1873 1772 multa
1891 1741 1962 1771 istis
1982 1739 2110 1776 similia,

1154 1798 1233 1828 quae
1258 1787 1405 1818 homines
1434 1789 1627 1827 praetexunt
1653 1786 1720 1816 suis
1749 1784 1931 1815 affectibus:
1973 1782 2110 1814 sciamus

1154 1837 1261 1861 tamen
1292 1831 1384 1861 irrita
1406 1834 1437 1860 et
1464 1829 1572 1859 inania
1600 1838 1706 1859 coram
1730 1826 1799 1857 Deo
1825 1826 1902 1856 fore.
1944 1825 2026 1855 Nam
2051 1824 2111 1856 etsi

1153 1874 1237 1905 hosti
1253 1873 1304 1904 vel
1323 1872 1508 1904 adversario
1532 1882 1594 1901 non
1616 1870 1755 1901 devincti
1776 1869 1885 1905 simus,
1908 1867 1977 1898 Deo
2000 1872 2109 1898 tamen

1153 1917 1213 1948 hoe
1225 1915 1378 1947 debemus
1390 1925 1484 1955 quem
1497 1914 1617 1945 sufficit
1636 1913 1697 1944 hoc
1709 1922 1768 1942 nos
1787 1911 1911 1942 iubere:
1935 1910 2111 1940 facesssant

1153 1960 1253 2000 igitur
1275 1957 1456 1990 istiusmodi
1479 1955 1682 1996 exceptiones
1706 1955 1859 1985 adversus
1879 1952 1941 1983 Dei
1966 1952 2109 1988 verbum,

1154 2002 1270 2042 quibus
1289 2011 1417 2033 causam
1441 2005 1583 2030 nostram
1603 2008 1706 2038 agere,
1730 1996 1831 2027 veluti
1854 2005 1961 2027 coram
1981 1994 2110 2025 mortali

1154 2045 1303 2077 solemus.
1328 2043 1392 2075 Sed
1416 2043 1523 2083 potius
1544 2042 1659 2072 animis
1685 2039 1803 2070 nostris
1822 2039 1995 2078 infigamus
2018 2037 2111 2068 nobis

1154 2099 1227 2120 eum
1249 2088 1318 2118 Deo
1342 2086 1508 2126 negotium
1539 2095 1615 2120 esse,
1648 2083 1700 2122 qui
1731 2081 1930 2112 maiestatem
1962 2089 2052 2111 suam
2076 2080 2109 2110 in

1154 2136 1243 2162 tanto
1265 2129 1368 2170 pretio
1391 2127 1474 2169 apud
1496 2137 1555 2157 nos
1574 2136 1642 2157 esse
1662 2125 1741 2164 vult,
1765 2129 1799 2154 ut
1818 2127 1964 2163 acceptas
1987 2122 2026 2152 ab
2040 2122 2111 2153 aliis

1154 2173 1291 2205 iniurias
1312 2171 1413 2212 ipsius
1433 2180 1539 2201 amore
1558 2168 1781 2200 condonemus.
1805 2166 1888 2196 Nam
1908 2175 2007 2204 quum
2023 2164 2112 2195 iubet

1155 2228 1212 2248 nes
1235 2215 1378 2246 hostibus
1401 2213 1535 2244 iniurias
1558 2211 1729 2247 remittere,
1751 2219 1813 2239 non
1835 2218 1871 2239 ea
1889 2207 2013 2238 ratione
2035 2207 2111 2237 facit

1155 2258 1237 2300 quod
1272 2256 1407 2297 improbi
1442 2259 1517 2286 sunt
1553 2260 1582 2284 et
1613 2252 1773 2290 crudeles,
1806 2250 1859 2282 sed
1891 2250 1975 2290 quod
2010 2250 2111 2289 ipsius

1154 2306 1318 2334 creaturae
1341 2304 1424 2336 sunt,
1456 2307 1590 2338 quorum
1615 2295 1768 2326 malitiam
1798 2294 1866 2333 ipse
1893 2297 1996 2332 potest
2026 2301 2110 2322 com-

1154 2350 1290 2383 mutare,
1306 2351 1446 2381 suaeque
1463 2338 1698 2371 misericordiae
1707 2337 1811 2367 locum
1821 2336 1935 2366 faeere.
1955 2334 2108 2365 Nostrum

1155 2398 1229 2419 vero
1253 2396 1316 2416 non
1340 2388 1388 2415 est
1411 2393 1522 2414 eorum
1547 2381 1680 2412 exitium
1713 2383 1870 2419 expetere,
1901 2387 2035 2416 quorum
2060 2387 2110 2407 sa-

1154 2431 1252 2461 lutem
1277 2437 1448 2468 procurare
1471 2425 1631 2455 debemus.
1672 2421 1727 2453 Sic
1757 2422 1855 2461 igitur
1878 2420 1940 2450 Dei
1964 2419 2111 2450 habenda

1155 2472 1243 2507 ratio,
1268 2475 1298 2502 et
1321 2469 1360 2499 ad
1384 2470 1485 2508 ipsum
1512 2464 1744 2507 assurgendum
1767 2468 1803 2494 ut
1821 2464 1960 2494 sciamus
1983 2467 2109 2502 gratum

1154 2515 1201 2546 illi
1225 2524 1293 2545 esse
1312 2511 1396 2543 istud
1414 2511 1562 2545 officium,
1586 2515 1617 2539 et
1631 2513 1784 2547 tanquam
1803 2505 1875 2536 boni
1889 2504 1992 2535 odoris
2013 2504 2109 2535 saeri—

1154 2558 1261 2588 fieium
1299 2558 1462 2594 acceptum
1497 2552 1557 2591 ipsi
1589 2561 1673 2587 esse,
1710 2559 1808 2589 quum
1844 2547 1950 2578 hostes
1984 2552 2110 2577 nostros

1155 2599 1328 2640 diligimus,
1352 2602 1383 2628 et
1406 2596 1494 2636 ipsos
1513 2594 1622 2625 ulcisci
1642 2603 1705 2623 non
1725 2591 1913 2632 expetimus,
1932 2590 1987 2620 sed
2007 2589 2110 2629 potius

1155 2642 1275 2674 malum
1300 2641 1381 2672 bono
1404 2646 1608 2678 compensare
1631 2634 1806 2666 studemus.
