2551 3044
344 217 406 247 2:59

346 309 495 341 trahendi
527 308 725 338 occasionem
758 307 833 339 iude
863 309 1030 349 accipiant.
1076 308 1157 338 Nam
1184 309 1248 339 fere
1273 310 1339 340 fit

347 362 379 383 ut
410 353 463 391 qui
495 351 592 391 equis,
627 351 783 387 eui-ribus,
819 351 918 382 armis
954 351 1195 382 instructissimi
1219 358 1306 390 sunt,

347 394 420 426 inde
452 394 638 430 efferantur,
672 400 703 423 et
736 404 818 424 vana
852 393 990 434 quadam
1024 395 1208 434 arrogantia
1242 400 1309 425 tur-

345 443 459 477 geant:
484 443 515 468 et
538 443 659 472 eontra,
676 436 730 476 qui
750 435 864 467 iisdem
884 444 1004 473 carent,
1025 443 1111 467 metu
1132 436 1310 477 trepident:

346 481 470 520 Deique
485 479 648 519 potentiae
668 485 699 509 et
718 479 831 509 auxilii
851 489 914 510 uon
935 479 1152 511 recordentur.
1188 479 1311 511 Idcirco

346 524 421 554 dicit
446 523 535 553 Deus
559 522 618 552 sibi
640 522 702 552 ista
726 521 905 561 displicere.
941 522 1051 562 ltaque
1074 533 1148 553 ιιι-ιι
1153 522 1257 553 ilibus
1280 529 1311 553 et

347 564 575 605 temporalibus
589 564 738 595 omnibus
751 564 918 604 praesidiis
937 573 1154 613 opponuntur,
1170 565 1310 613 primum

347 610 442 639 timor
466 608 527 638 Dei
558 614 589 638 et
620 607 812 646 reverentia,
841 618 924 647 quae
948 608 1048 648 ipsius
1072 608 1232 639 maiestati
1256 607 1311 638 de-

347 652 455 683 betur:
481 650 597 681 deinde
621 660 712 689 spes,
738 659 819 689 quae
838 650 900 681 duo
922 651 1075 691 coniungi
1100 661 1229 682 necesse
1253 657 1310 682 est.

346 694 432 726 Nam
467 694 586 725 scimus
616 692 802 733 h>poeritas
833 693 922 724 abuti
953 693 1064 724 solitos
1088 694 1148 724 Dei
1180 693 1311 724 nomine

347 744 382 769 et
413 736 582 777 evangelii,
617 743 649 765 et
679 735 784 775 palam
815 735 944 775 quidem
978 736 1082 767 verbis
1117 736 1311 777 praedicare,

347 791 404 811 ver
414 781 452 810 bo
478 779 536 810 Dei
561 777 701 809 dandum
727 777 854 818 pondus
876 783 908 810 et
928 779 1132 810 autoritatem
1153 784 1189 810 ut
1207 778 1311 809 solum

346 824 496 859 emineat,
530 828 561 852 et
585 822 630 852 ita
654 821 765 852 testari
790 832 849 852 nos
872 831 937 852 non
960 832 1054 862 posse
1078 823 1110 852 in
1138 822 1206 853 Deo
1230 821 1311 852 fidu-

344 866 426 898 ciam
451 864 615 903 collocare,
647 864 708 894 nisi
740 874 800 895 nos
823 864 886 904 ipsi
909 865 1066 896 subiicere
1092 865 1311 902 didicerimus,

345 914 378 940 et
409 918 516 938 veram
548 907 763 938 obedientiam
794 906 942 938 reddere:
971 908 1025 939 sed
1060 914 1166 938 tamen
1191 907 1310 938 multos

345 962 414 982 esse
438 949 592 985 infideles,
617 950 670 989 qui
694 949 755 980 Dei
779 949 927 981 timorem
950 950 1160 990 simulabunt,
1183 950 1238 990 qui
1262 950 1309 980 ni-

347 994 523 1025 hilominus
547 1003 649 1032 neque
673 993 778 1032 ipsum
802 999 920 1030 ament,
944 1004 1048 1033 neque
1068 993 1171 1025 colere
1191 993 1310 1024 velint:

350 1047 463 1067 verum
497 1036 565 1066 eius
596 1046 756 1066 summam
781 1040 812 1066 et
835 1036 1034 1066 tremendam
1058 1036 1212 1067 iustitiam
1236 1035 1310 1067 hor-

343 1086 444 1111 reant.
499 1078 551 1109 Illi
576 1078 676 1118 igitur
699 1078 800 1109 solam
824 1083 992 1110 externam
1016 1079 1216 1110 obedientiae
1239 1089 1310 1118 spe-

346 1123 426 1153 eiem
462 1132 538 1161 prae
573 1132 606 1152 se
640 1121 757 1158 ferunt,
790 1121 878 1152 intus
911 1121 1118 1153 rebellionem
1153 1123 1308 1152 foventes.

345 1164 565 1204 Quamobrem
590 1164 728 1194 sciamus
753 1163 816 1194 duo
838 1164 895 1195 illa
917 1175 999 1204 quae
1019 1164 1160 1195 diximus
1179 1166 1309 1195 coniun-

344 1207 461 1248 genda,
485 1207 634 1237 timorem
657 1211 689 1237 et
712 1216 800 1246 spem
824 1217 880 1238 seu
904 1217 1056 1238 amorem.
1093 1207 1175 1238 Nam
1195 1208 1309 1238 timere

346 1252 452 1282 Deum
484 1257 550 1280 tam
581 1248 654 1279 boni
691 1260 787 1289 quam
822 1249 898 1280 mali
932 1250 1093 1287 iubentur,
1128 1256 1164 1281 ιιι
1198 1254 1309 1280 monet

345 1293 504 1334 propheta
528 1293 560 1322 in
587 1291 734 1323 Psalmis.
781 1291 972 1324 Doctrinam
1001 1293 1101 1333 igitur
1125 1294 1216 1324 istam
1242 1303 1308 1324 me-

345 1336 500 1372 ditemur,
538 1335 668 1366 Domini
702 1345 772 1366 esse
807 1334 942 1366 bellum:
978 1346 1073 1375 quam
1108 1336 1146 1367 ob
1179 1346 1307 1367 causam

345 1378 503 1419 propheta
529 1377 658 1408 Psalmo
684 1378 724 1408 33
750 1377 827 1409 dicit
853 1388 962 1418 equum
985 1388 1050 1410 esse
1072 1379 1245 1410 ottentlacem
1268 1379 1309 1409 ad

344 1422 496 1453 salutem:
524 1423 549 1451 et
582 1430 677 1460 reyem
699 1431 759 1452 non
779 1421 901 1451 servari
923 1421 1119 1452 multitudine
1140 1422 1307 1461 copiarum,

346 1475 440 1504 neque
454 1466 605 1503 potentem
618 1463 815 1494 multitudine
834 1464 965 1494 viritmz:
982 1464 1036 1495 sed
1049 1464 1167 1495 oculum
1182 1464 1310 1496 Iehovae

345 1507 498 1538 attendere
522 1507 562 1538 acl
591 1507 728 1537 timentes
755 1506 816 1538 sui.
861 1506 932 1537 Hoc
960 1507 1129 1546 impletum
1164 1507 1308 1538 videmus

349 1550 384 1580 in
408 1549 580 1581 Goliatho:
605 1559 709 1588 neque
733 1548 865 1580 dubium
888 1549 964 1589 quin
985 1549 1092 1581 David
1117 1550 1177 1580 hoe
1200 1560 1308 1590 perpe—

350 1600 441 1623 tuum
455 1592 674 1623 testimonium
700 1592 732 1622 in
753 1591 887 1623 ecclesia
905 1602 974 1624 esse
990 1593 1137 1629 voluerit,
1161 1598 1193 1623 et
1216 1603 1308 1632 saepe

344 1636 378 1666 in
413 1635 601 1665 memoriam
632 1634 739 1674 populi
769 1635 938 1672 revocarit,
975 1635 1060 1676 quod
1089 1635 1187 1666 semel
1218 1635 1308 1666 Deus

348 1688 406 1718 per
429 1678 535 1717 ipsum
559 1678 718 1708 effecerat.
765 1676 874 1716 Quare
903 1677 982 1710 haee
1013 1678 1110 1709 verba
1140 1688 1235 1718 saepe
1258 1679 1306 1709 in-

349 1720 515 1757 culcanda,
538 1731 601 1751 non
628 1720 659 1750 in
683 1719 891 1751 multitudine
915 1721 1033 1752 virium
1056 1731 1129 1752 serv
1133 1721 1179 1751 ari
1199 1726 1306 1761 poten-

344 1769 402 1801 tes,
437 1763 587 1803 quoniam
624 1763 786 1802 potentiae
824 1764 884 1794 Dei
925 1764 1113 1804 temporalia
1149 1764 1307 1803 praesidia

344 1806 449 1837 solent
472 1816 645 1845 opponere.
671 1816 753 1845 quae
776 1806 904 1845 quidem
925 1817 1002 1837 sane
1014 1806 1104 1838 Deus
1123 1806 1307 1837 hominibus

346 1849 435 1880 dedit
457 1855 487 1880 et
511 1847 640 1879 illorum
667 1859 759 1879 usum
784 1850 938 1888 permisit,
970 1849 1024 1880 sed
1054 1849 1098 1880 ita
1128 1857 1235 1880 tamen
1267 1860 1307 1880 ne

345 1892 459 1923 virtuti
484 1896 516 1921 et
538 1891 701 1931 potentiae
724 1891 826 1931 ipsius
846 1893 1085 1931 praeferantur:
1107 1892 1306 1932 quandoqui-

346 1935 419 1966 dem
454 1934 549 1971 l)eus,
573 1944 648 1965 suos
681 1940 880 1972 servaturus,
915 1946 981 1965 non
1016 1934 1133 1975 pendet
1165 1935 1204 1965 ab
1239 1935 1307 1966 istis

343 1977 466 2014 maiis,
497 1988 599 2016 neque
629 1977 784 2017 alligatur
815 1977 884 2008 istis
915 1978 1010 2009 rebus
1033 1978 1305 2018 corruptibilibus,

345 2020 460 2060 quibus
484 2019 631 2051 homines
661 2025 792 2060 propter
816 2020 1038 2051 infirmitatem
1067 2030 1148 2060 opus
1171 2020 1304 2051 habeut:

344 2063 394 2094 eui
427 2073 485 2094 sua
517 2063 617 2102 ipsius
641 2063 746 2093 virtus
770 2063 896 2094 sufficit.
942 2063 1076 2094 Nullum
1100 2064 1208 2103 itaque
1232 2064 1304 2094 sub-

342 2105 459 2137 sidium
483 2104 663 2136 humanum
691 2105 778 2136 Deus
810 2106 849 2137 ad
880 2117 954 2137 suos
978 2106 1136 2137 iuvandos
1160 2106 1305 2146 requirit,

343 2154 375 2180 et
410 2149 490 2178 nihil
525 2149 584 2187 ipsi
620 2148 710 2179 deest
740 2149 778 2179 ad
811 2149 966 2180 virtutem
998 2159 1089 2180 suam
1120 2149 1305 2180 hominibus

344 2191 624 2222 manifestandam.
679 2191 765 2222 Sane
799 2192 825 2223 si
860 2192 943 2223 hane
977 2191 1155 2223 doctrinam
1191 2193 1305 2223 animis

344 2234 622 2274 insculpserimuS,
654 2234 684 2264 in
716 2245 843 2265 omnem
869 2235 968 2265 vitam
993 2235 1137 2274 sufficiet,
1161 2241 1192 2265 et>
1216 2235 1304 2266 tutis-

344 2277 462 2307 simum
483 2277 544 2307 erit
564 2277 720 2307 adversus
739 2277 897 2316 quaslibet
912 2278 1105 2310 tentationes
1118 2278 1304 2309 remedium.

344 2320 427 2350 Nam
453 2319 479 2349 si
504 2319 535 2350 in
562 2320 660 2359 ipsius
685 2320 817 2350 tutelam
849 2320 1096 2361 confugerimus,
1123 2326 1210 2352 certo
1233 2332 1303 2362 per-

344 2363 428 2393 suasi
453 2362 574 2392 erimus
598 2373 655 2392 nos
680 2362 753 2393 lieet
776 2362 925 2394 omnibus
950 2363 1118 2403 praesidiis
1139 2375 1255 2395 vacuos
1275 2368 1306 2394 et

345 2405 524 2443 destitutos,
547 2405 624 2435 satis
648 2410 754 2436 tamen
776 2405 877 2445 ipsius
896 2406 1010 2438 umbra
1030 2412 1116 2438 tutos
1129 2416 1207 2446 csse,
1227 2418 1306 2447 quae

346 2448 390 2478 501
396 2459 413 2478 a
438 2448 465 2487 p.
462 2458 508 2477 t.1s
533 2447 637 2478 valcat
656 2459 705 2487 qu
701 2459 750 2478 ιιιιι
772 2448 858 2478 ιιιι110
878 2459 1001 2496 propn‹
992 2450 1119 2481 nacula
1138 2449 1176 2480 ad
1198 2450 1306 2481 hostes

344 2502 362 2520 a
387 2491 476 2521 nobis
501 2490 741 2538 propulsandos,
767 2492 841 2521 licet
863 2493 970 2529 ιιι·,ιιιι5
994 2493 1095 2540 equis.
1120 2492 1306 2523 munitioni-

344 2533 412 2569 bus,
443 2533 581 2563 militum
613 2533 737 2573 inocnti
770 2544 902 2564 numero
932 2535 1163 2566 munitissimos
1195 2541 1226 2566 et
1257 2536 1304 2566 in·

345 2576 585 2613 structissimos,
610 2583 641 2607 ιι
665 2577 856 2615 adquorum
877 2584 1041 2617 aspectum
1061 2578 1193 2609 horrere
1212 2588 1305 2609 mun—

345 2618 402 2649 dus
427 2618 564 2656 deberet,
589 2619 671 2658 quod
697 2619 762 2649 suis
787 2619 909 2651 viribus
934 2620 1104 2651 videantur
1124 2631 1215 2660 posse
1234 2621 1305 2652 uni-

345 2670 473 2691 versum
497 2662 653 2692 mundum
679 2668 842 2693 evertere:
867 2663 922 2694 scd
945 2664 970 2693 si
997 2664 1056 2694 Dei
1078 2664 1223 2695 favorem
1246 2674 1302 2695 ex-

1169 213 1368 246 HOMILIA
1391 217 1516 249 LXIV.

2269 222 2333 254 240

1365 311 1462 352 periri
1488 310 1645 347 v,olumus
1667 313 1846 344 necessario
1867 312 1957 343 uobis
1976 313 2015 344 ad
2036 314 2138 354 ipsius
2152 314 2330 348 bonitatem

1336 324 1339 389 1
1365 361 1451 386 certa
1465 353 1581 386 fiducia
1600 354 1848 395 confugiendum
1874 363 1932 394 est,
1956 361 1994 386 ut
2016 357 2226 396 experiamur
2243 359 2330 398 quod

1365 397 1427 428 alio
1451 397 1517 428 loco
1541 396 1700 437 propheta
1720 398 1895 437 praedicat:
1922 379 1999 429 ⁷Ecce
2017 409 2100 439 reyes
2119 404 2329 440 convenerunt,

1338 430 1339 454 l
1360 440 1522 479 proyressi
1543 443 1613 470 sunl
1630 440 1770 479 parilem
1793 441 1855 481 ipsi
1878 441 2030 478 viderunt,
2054 442 2204 474 similiter
2226 443 2329 475 admi-

1365 483 1428 514 rati
1457 485 1538 520 sunt,
1566 482 1735 514 conturbati
1763 486 1842 521 sunt,
1871 485 2009 515 commoti
2031 487 2110 521 suut,
2135 488 2248 516 tremor
2270 497 2327 526 ap—

1360 525 1525 565 prehendit
1547 535 1605 562 εοε,
1635 524 1721 556 ἀοῖον
1749 528 1780 556 ut
1805 527 2024 565 parturientis.
2069 527 2197 566 Quibus
2222 529 2329 562 verbis

1366 568 1523 609 propheta
1546 567 1731 599 consolatur
1753 569 1929 605 ecclesiam,
1954 569 2108 610 docetque
2127 571 2329 603 coniuranti-

1367 611 1426 642 bus
1448 610 1604 642 adversus
1626 610 1729 650 ipsam
1752 611 1989 652 capitalissimis
2018 612 2172 651 hostibus,
2205 615 2328 646 saevis-

1367 654 1457 685 simis
1487 660 1519 684 et
1549 653 1742 691 fortissimis,
1771 664 1788 684 a
1811 655 1927 694 quibus
1956 655 2088 686 iamiam
2113 656 2257 688 laniandi
2280 657 2330 689 vi-'

1367 697 1515 734 deantur,
1547 696 1613 728 sore
1643 703 1680 727 ut
1709 706 1806 736 quum
1838 698 1996 737 impetum
2020 699 2124 730 faeere
2148 699 2269 738 volent,
2293 700 2329 732 in

1368 740 1506 771 furorem
1531 744 1712 777 vertantur,
1736 744 1767 770 et
1790 740 1925 771 miseros
1949 741 2022 771 lieet
2041 752 2077 772 ae
2098 742 2237 773 inermes
2255 753 2330 775 eon-

1367 783 1490 822 spicati,
1513 792 1576 813 non
1600 781 1741 813 audeant
1763 787 1870 814 tamen
1895 782 2056 832 invadere,
2076 784 2131 815 sed
2151 784 2237 816 ultra
2255 796 2329 826 pro—

1367 825 1566 866 gradiantur,
1589 830 1621 856 et
1644 829 1764 856 temere
1788 825 1914 856 viarum
1939 827 2042 866 ignari
2068 827 2191 858 abitum
2211 828 2330 860 accele-

1366 875 1455 906 rent,
1488 868 1558 899 Deo
1590 868 1676 907 ipsos
1709 874 1929 908 persequente,
1959 876 1991 900 et
2019 870 2153 900 consilia
2179 871 2329 920 ipsorum

1366 912 1546 952 frangente.
1592 910 1739 942 Profecto
1762 910 1835 942 talis
1858 911 1998 943 hostium
2023 912 2099 953 fuga
2122 918 2155 943 et
2178 913 2330 946 interitus

1366 955 1462 994 longe
1485 954 1644 993 insignior
1667 958 1715 984 est
1737 963 1833 993 quam
1857 955 1883 985 si
1908 954 1995 985 mille
2020 956 2272 996 propugnaculis
2296 961 2329 988 et

1365 997 1535 1039 praesidiis
1558 996 1710 1028 humanis
1739 1002 1933 1035 tegeremur.
1979 998 2104 1030 Idcirco
2128 998 2234 1030 David
2259 1009 2328 1030 me-

1366 1041 1427 1072 rito
1458 1039 1536 1071 dicit
1564 1039 1625 1070 hoe
1654 1039 1739 1076 loco,
1775 1039 1837 1070 Dei
1867 1050 1937 1071 esse
1966 1040 2104 1072 bellum:
2140 1052 2329 1082 quanquam

1365 1083 1495 1124 quidam
1529 1086 1661 1122 propter
1694 1082 1820 1113 unicam
1855 1082 1982 1114 literam
2019 1083 2056 1114 ad
2092 1084 2173 1115 illud
2208 1084 2327 1116 bellum

1365 1126 1575 1165 restringant,
1606 1125 1697 1165 quasi
1723 1125 1829 1156 David
1860 1125 1953 1162 dicat,
1984 1126 2089 1157 Deum
2123 1137 2192 1158 esse
2216 1127 2329 1168 populi

1363 1169 1529 1201 israelitici
1563 1173 1667 1208 caput,
1702 1172 1735 1198 et
1763 1177 1803 1198 ex
1832 1169 1974 1208 periculo
2005 1170 2188 1200 imminenti
2220 1171 2328 1211 ipsum

1363 1217 1578 1249 servaturum,
1609 1221 1672 1251 qua
1700 1211 1823 1242 ratione
1858 1211 1961 1242 volet:
1985 1212 2067 1252 quod
2092 1223 2171 1244 sane
2195 1213 2327 1244 verissi-

1363 1265 1453 1286 mum
1477 1260 1544 1285 est:
1577 1263 1690 1285 verum
1721 1258 1829 1284 tamen
1858 1254 1954 1285 etiam
1987 1256 2149 1295 generalis
2179 1261 2228 1287 est
2251 1266 2326 1287 sen-

1365 1298 1480 1330 tentia:
1515 1307 1579 1337 qua
1614 1306 1678 1327 uon
1712 1295 1842 1327 dubium
1876 1303 1926 1328 est
1959 1299 2034 1337 quin
2070 1297 2179 1329 David
2211 1297 2326 1330 docere

1364 1340 1512 1379 voluerit,
1545 1339 1653 1371 Deum
1681 1339 1830 1370 omnibus
1858 1340 1986 1379 praeliis
2016 1351 2174 1380 praeesse,
2208 1347 2241 1372 et
2274 1341 2326 1373 cui

1364 1384 1502 1415 voluerit
1526 1382 1694 1414 victoriam
1719 1381 1902 1414 concedere.
1949 1382 2043 1422 Quod
2069 1384 2175 1423 ipsum
2203 1383 2325 1416 ethnici

1363 1432 1600 1467 cognoverunt:
1626 1430 1657 1455 et
1680 1424 1751 1456 ideo
1774 1425 1806 1456 in
1830 1424 1948 1456 bellum
1973 1427 2148 1466 profecturi
2173 1426 2234 1458 diis
2257 1427 2324 1458 suis

1362 1480 1454 1501 sacra
1474 1469 1578 1500 facere
1597 1468 1692 1508 soliti,
1712 1474 1747 1499 ut
1769 1467 1848 1499 bene
1867 1478 1925 1499 sua
1948 1469 2081 1500 consilia
2106 1474 2270 1501 verterent
2293 1474 2325 1501 et

1362 1513 1576 1543 fortunarent.
1612 1511 1654 1542 Et
1679 1516 1751 1551 post
1775 1516 1896 1550 partam
1922 1511 2087 1542 victoriam
2113 1511 2233 1552 templa
2255 1512 2325 1543 fue-

1362 1560 1441 1586 runt
1463 1555 1502 1586 ad
1527 1555 1705 1595 gratiarum
1730 1554 1887 1585 actionem
1917 1560 2037 1594 aperta.
2083 1554 2148 1586 Sed
2172 1565 2254 1595 quae
2277 1555 2325 1586 illi

1362 1599 1424 1629 diis
1447 1599 1513 1629 suis
1536 1607 1627 1629 sacra
1650 1597 1803 1633 fecerunt,
1833 1606 1920 1628 mera
1942 1597 2122 1637 hypocrisis
2146 1598 2214 1636 fuit,
2239 1597 2324 1638 quod

1362 1651 1476 1672 verum
1501 1641 1608 1672 Deum
1632 1650 1696 1671 non
1721 1643 1861 1678 nossent,
1885 1645 1916 1670 et
1936 1650 2017 1680 quae
2041 1640 2101 1672 diis
2125 1641 2192 1672 suis
2211 1641 2324 1672 offere-

1362 1684 1438 1715 bant
1462 1684 1494 1715 in
1508 1683 1573 1714 Dei
1593 1683 1732 1714 viventis
1751 1682 1976 1714 contumeliam
2001 1683 2232 1715 redundarent.
2256 1681 2325 1715 Sed

1362 1727 1451 1758 Deus
1479 1729 1512 1758 in
1544 1726 1712 1757 hominum
1744 1724 1907 1756 mentibus
1940 1725 2083 1765 reliquas
2118 1737 2186 1758 esse
2218 1725 2324 1757 voluit

1361 1769 1485 1809 aliquas
1518 1769 1684 1809 religionis
1718 1767 1884 1806 scintillas,
1917 1767 1956 1799 ad
1991 1769 2142 1799 maiorem
2181 1769 2325 1809 ipsorum

1360 1812 1672 1849 condemnationem,
1697 1817 1728 1842 et
1751 1818 1787 1842 ut
1810 1811 1873 1842 sint
1896 1820 2000 1842 eoram
2027 1811 2095 1842 Deo
2119 1811 2325 1843 inexcusabi-

1361 1855 1424 1886 les:
1459 1855 1543 1895 quod
1568 1855 1653 1886 ultro
1676 1854 1735 1886 sibi
1761 1853 1871 1885 oculos
1894 1852 2058 1893 effodiant,
2087 1865 2127 1885 nc
2151 1854 2190 1885 ad
2214 1854 2322 1885 Deum

1361 1905 1531 1929 vocantem
1566 1897 1700 1929 veniant
1734 1903 1766 1927 et
1801 1903 1980 1938 assurgant.
2035 1896 2159 1928 Idcirco
2200 1897 2322 1929 ethnici

1360 1941 1522 1972 fortunam
1557 1940 1650 1972 bellis
1691 1950 1838 1980 praeesse
1879 1946 1910 1971 et
1951 1939 2108 1971 dominari
2151 1940 2322 1972 dixerunt:

1360 1983 1475 2015 deinde
1504 1984 1644 2015 Martem
1677 1982 1773 2014 deum
1804 1983 1996 2023 praeliorum
2028 1983 2196 2023 imaginati
2228 1987 2321 2014 sunt:

1331 2050 1332 2053 ι
1359 2026 1421 2058 Dei
1444 2027 1585 2058 viventis
1607 2026 1733 2057 interea
1756 2036 1819 2056 non
1844 2025 2010 2057 recordati.
2044 2025 2140 2064 Quod
2160 2031 2192 2056 et
2215 2025 2321 2065 ipsum

1359 2070 1535 2109 prophetae
1559 2070 1621 2101 Dei
1645 2068 1764 2109 populo
1788 2079 1881 2108 saepe
1903 2067 2150 2108 exprobrarunt,
2175 2068 2320 2100 dicentes

1359 2112 1440 2149 illos,
1471 2123 1528 2143 suo
1558 2112 1618 2143 reti
1648 2116 1680 2143 et
1710 2110 1888 2142 industriae
1911 2111 2150 2143 sacrificavisse.
2197 2110 2321 2150 Quem-

1359 2155 1533 2186 admodum
1556 2155 1650 2186 hodie
1673 2154 1790 2185 multos
1815 2154 1972 2194 principes
1991 2154 2100 2185 videas
2120 2164 2231 2185 veram
2249 2164 2322 2194 cog-

1360 2198 1515 2229 nitionem
1547 2198 1609 2229 Dei
1640 2208 1703 2229 non
1732 2196 1896 2234 habentes,
1928 2202 2021 2237 parta
2051 2197 2195 2233 victoria,
2224 2201 2256 2227 et
2286 2197 2321 2227 in

1360 2241 1496 2279 patriam
1521 2240 1653 2272 reduces
1677 2239 1831 2280 trophaea
1853 2249 1981 2280 ponere,
2011 2245 2043 2270 et
2066 2239 2320 2279 supplicationes

1359 2283 1538 2321 decernere,
1567 2282 1701 2314 subinde
1725 2293 1819 2313 suum
1851 2282 1929 2313 illud
1953 2282 2055 2323 Kyrie
2080 2283 2199 2314 eleison
2226 2292 2318 2322 repe-

1359 2331 1478 2357 tentes:
1501 2325 1555 2358 sed
1575 2326 1704 2357 interim
1728 2336 1802 2356 suas
1822 2325 1931 2356 laudes
1950 2325 2143 2365 praedicare,
2162 2325 2320 2356 virtutem

1359 2374 1390 2398 et
1412 2368 1605 2400 industriam
1629 2368 1739 2409 magni
1763 2368 1880 2399 faeere:
1905 2368 2131 2408 fortunamque
2155 2368 2319 2399 dominam

1360 2410 1499 2450 laudare,
1525 2412 1651 2452 Deique
1675 2411 1862 2442 memoriam
1884 2421 2011 2442 omnem
2036 2411 2172 2442 abolere.
2209 2409 2319 2442 David

1359 2453 1464 2493 itaque
1488 2455 1597 2494 paucis
1620 2455 1690 2485 istis
1714 2454 1821 2485 verbis
1846 2453 1944 2489 docet,
1969 2453 2051 2484 bella
2075 2464 2143 2485 esso
2166 2453 2318 2494 Domini3

1359 2497 1448 2535 quasi
1484 2497 1568 2529 dieat
1600 2497 1691 2528 illum
1726 2496 1891 2528 dominum
1925 2506 1994 2527 esse
2029 2496 2184 2528 bellorum
2219 2502 2251 2527 et
2283 2497 2319 2527 in

1359 2549 1470 2570 omues
1494 2539 1652 2571 dominari
1676 2545 1708 2571 et
1731 2539 1934 2571 autoritatem
1966 2539 2099 2577 habe1·e;
2135 2546 2169 2570 ut
2201 2539 2256 2579 qui
2279 2539 2318 2570 de

1359 2582 1425 2611 suis
1461 2582 1582 2613 viribus
1616 2582 1754 2613 multum
1788 2581 1848 2613 sibi
1873 2582 2131 2630 pollicebantur,
2171 2583 2316 2613 animum

1359 2631 1490 2663 tepente
1514 2625 1745 2666 despondeant,
1765 2630 1795 2656 et
1814 2625 1879 2656 ab
1872 2625 1911 2655 iis
1930 2625 1984 2664 qui
2005 2625 2150 2656 imbelles
2162 2631 2194 2656 et
2206 2634 2317 2666 ignavt

1359 2665 1568 2706 habebantur,
1598 2674 1710 2700 contra
1740 2668 1883 2699 omnium
1907 2668 2090 2708 opinionem
2114 2672 2318 2709 superentur.
