2551 3044
341 213 399 242 311

345 305 527 335 divinarum
558 303 815 343 promissionum,
847 309 878 334 et
901 312 957 343 spe
980 302 1012 333 in
1042 303 1216 334 Dominum
1241 313 1314 334 nos·
1339 326 1341 344 ,
1369 303 1480 334 videri.

347 354 432 377 trum
467 346 574 377 Iesum
605 345 786 382 Christum,
825 345 916 376 cuius
947 344 1054 376 David
1085 351 1156 376 erat
1185 344 1342 435 θεὼ-αἳ*

346 389 414 419 Iam
447 398 522 419 vero
553 387 790 427 praeterierunt
819 387 980 423 tenebrae,
1017 394 1048 417 et
1079 397 1144 418 non
1173 387 1312 427 amplius

345 431 432 461 locus
457 436 504 461 est
528 429 650 461 umbris
671 429 734 460 illis
756 436 787 460 et
806 429 934 470 figuris:
959 428 1014 460 sed
1030 428 1193 461 Dominus
1206 434 1316 461 noster

346 524 443 555 supra
475 525 525 546 res
553 524 664 545 omnes
694 518 819 545 creatas
849 513 977 554 attollit,
1011 524 1111 554 quum
1142 524 1180 545 ea
1208 514 1315 554 gratia

346 557 507 598 dignatur,
539 562 575 587 ut
599 562 696 587 testes
719 566 796 587 suae
819 555 942 596 gloriae
965 555 1132 596 producat,
1162 561 1194 588 et
1218 556 1315 587 verbo

345 610 404 630 suo
428 599 636 630 autoritatem
660 599 818 630 conciliet.
865 598 975 629 Nosne
997 608 1074 639 ergo
1097 599 1262 639 segniores
1285 604 1315 629 et

346 642 529 682 ignaviores
568 640 750 672 Ionathano
784 640 1018 680 praebebimus,
1059 641 1114 680 qui
1146 642 1315 672 veritatem
1342 663 1343 682 3

346 684 502 715 habemus
521 683 614 714 cuius
633 682 687 714 ille
707 688 832 713 tantum
854 682 992 714 habebat
1012 682 1173 723 figuram?
1197 683 1315 714 Nonne
1341 687 1344 752 l

347 725 556 756 metuendum
579 735 621 756 ne
642 730 766 756 tantam
791 725 957 765 ignaviam
982 725 1073 756 Deus
1096 736 1222 756 summo
1244 726 1313 756 iure

347 769 531 805 ulciscatur,
565 773 598 798 et
631 766 750 807 duplici
782 766 936 799 dedecore
968 767 1184 804 involvamur,
1216 778 1315 807 quum

347 810 543 841 horrendam
582 809 887 841 condemnationem
921 810 1115 850 accipiemus
1150 816 1224 840 ante
1260 810 1343 840 tri-l

347 853 444 884 bunal
470 852 532 883 Dei
556 852 589 882 in
614 852 670 882 filii
695 852 796 891 ipsius
819 851 982 892 persona?

435 894 584 934 Denique
608 893 738 925 tandem
761 894 925 934 expressis
948 894 1156 925 iureiurando
1177 894 1316 925 foederis

348 947 378 968 ct
425 937 585 967 amicitiae
625 936 862 968 conditionibus
906 936 1109 968 Ionathanus
1149 937 1317 976 rationem,
1342 946 1344 962 ι

347 990 443 1019 quam
475 980 507 1009 in
539 979 675 1010 certiore
699 979 842 1010 iaciendo
868 978 992 1010 Davide
1016 978 1054 1010 de
1078 979 1180 1018 patris
1202 979 1317 1010 volun·
1342 1000 1344 1024 l

348 1028 414 1053 tate
437 1028 636 1061 sequuturae
663 1022 714 1059 sit,
737 1021 850 1061 aperit,
875 1031 999 1061 nempe,
1023 1031 1056 1052 se
1076 1021 1126 1052 die
1147 1020 1316 1059 novilunii,
1342 1057 1343 1065 ἵ

347 1075 410 1104 quo
435 1074 535 1095 vacua
559 1064 621 1094 erit
643 1063 782 1094 Davidis
804 1063 914 1100 sessio,
944 1064 1189 1094 observaturum
1214 1064 1316 1103 patris
1342 1067 1343 1076 ³

348 1117 425 1147 erga
449 1107 554 1146 ipsum
580 1105 788 1144 voluntatem,
819 1110 851 1136 et
874 1105 913 1136 de
936 1105 1058 1142 eadem,
1082 1106 1174 1146 signo
1199 1106 1317 1145 aliquo,
1342 1125 1343 1128 =

347 1149 385 1179 de
416 1159 478 1189 quo
509 1148 595 1179 inter
624 1148 710 1187 ipsos
738 1148 900 1184 convenit,
942 1148 1112 1179 certiorem
1145 1148 1315 1179 facturum.

348 1191 440 1227 Nam,
473 1198 506 1221 ut
537 1195 612 1221 ante
643 1190 794 1226 diximus,
826 1200 920 1221 nemo
952 1201 985 1221 se
1015 1190 1153 1221 Davidis
1177 1191 1315 1221 amicum

347 1233 485 1264 audebat
509 1233 660 1273 profiteri,
691 1243 732 1264 ne
756 1232 794 1264 de
819 1233 885 1263 vita
910 1232 1155 1272 periclitaretur.
1203 1232 1315 1271 Quan-

347 1276 388 1307 tis
419 1276 520 1316 igitur
543 1275 686 1315 undique
709 1282 909 1314 premeretur
933 1274 1134 1305 Ionathauus
1158 1276 1316 1314 angustiis

347 1322 490 1358 apparet,
521 1321 553 1348 et
575 1322 684 1348 tamen
708 1316 859 1349 servandi
885 1317 1044 1348 Davidem
1068 1317 1194 1348 invenit
1218 1317 1314 1348 ratio-

348 1370 432 1391 nem.
456 1359 529 1398 Quo
549 1359 701 1390 docemur
723 1359 827 1390 Deum
847 1359 1027 1390 indubitate
1041 1359 1131 1390 nobis
1144 1360 1314 1390 consilium

347 1403 380 1433 in
422 1402 519 1433 rebus
559 1401 665 1433 dubiis
707 1406 739 1431 et
771 1401 920 1442 angustis
954 1402 1239 1441 suppeditaturum
1275 1402 1314 1432 ad

347 1444 510 1485 quaelibet
532 1443 665 1474 vitanda
684 1443 835 1483 pericula,
859 1443 921 1474 nisi
941 1443 1087 1474 socordia
1109 1444 1209 1474 nimia
1228 1444 1314 1484 turpi

348 1494 379 1517 et
398 1487 531 1527 ignavia
555 1485 748 1517 laboremus.
772 1485 856 1516 Nam
876 1486 931 1517 ubi
953 1485 1002 1516 vel
1022 1486 1192 1516 minimum
1213 1486 1315 1526 impe⁴

348 1528 527 1560 dimentum
558 1528 706 1565 occurrit,
738 1528 908 1568 repentino
931 1533 1020 1558 metu
1044 1528 1089 1559 sie
1113 1538 1315 1568 occupamur,

349 1578 384 1602 ut
412 1571 445 1601 in
470 1571 575 1601 Deum
602 1570 749 1601 fiduciam
774 1580 929 1610 reponere
954 1581 1017 1601 non
1041 1570 1254 1608 recordemur,
1286 1578 1316 1601 et

349 1613 382 1644 in
406 1623 458 1644 res
481 1619 668 1652 praesentes
692 1618 724 1643 et
746 1618 822 1644 ante
845 1612 954 1643 oeulos
977 1613 1186 1644 obversantes
1213 1613 1316 1653 magis

349 1655 467 1686 intenti
502 1655 613 1685 simus.
659 1654 745 1693 Quid
781 1654 878 1693 enim,
916 1654 1060 1691 dicimus,
1097 1656 1149 1686 fiet
1174 1656 1266 1685 nobis
1290 1655 1345 1690 sil

350 1697 500 1728 omnibus
521 1696 671 1728 remediis
691 1696 922 1728 destituimur?
949 1699 992 1728 At
1010 1697 1036 1728 si
1051 1697 1174 1728 sincero
1191 1698 1317 1733 affectu,
1342 1695 1345 1746 l

350 1746 382 1771 ct
405 1749 483 1770 vcra
507 1738 568 1770 fido
591 1739 625 1770 in
652 1740 710 1770 Dei
736 1739 870 1770 verbum
891 1744 922 1769 et
940 1746 1147 1780 praeceptum
1168 1740 1318 1780 respicis·
1343 1751 1345 1781 ῃ

352 1792 431 1819 mus,
462 1788 587 1812 certum
619 1786 667 1812 est
697 1782 802 1822 ipsum
827 1781 919 1812 nobis
942 1782 1020 1812 satis
1043 1781 1165 1812 consilii
1190 1787 1222 1812 et
1244 1792 1318 1821 pru-

351 1823 478 1855 dentiae
499 1823 538 1854 ad
559 1833 616 1854 nos
630 1823 785 1855 adversus
799 1823 906 1855 hostes
918 1823 1078 1863 quoslibet
1091 1823 1319 1864 defendendos,

352 1876 452 1906 quum
476 1866 520 1896 ita
545 1866 719 1897 necessitas
743 1865 928 1906 postulabit,
960 1865 1256 1906 suppeditaturum:
1288 1872 1320 1897 et

351 1918 414 1948 qua.
444 1909 499 1938 vix
528 1908 702 1947 apparebat
725 1914 882 1948 angustus
905 1909 1024 1947 exitus,
1055 1908 1152 1938 latam
1178 1909 1263 1939 viam
1289 1914 1320 1939 et

353 1950 479 1981 facilem
504 1950 715 1981 redditurum.
763 1950 960 1981 lonathanus
983 1951 1073 1989 queri
1099 1951 1240 1990 profecto
1265 1961 1319 1990 po-

353 1998 436 2023 terat
467 1992 591 2023 nullum
621 1993 682 2023 sibi
713 1992 812 2023 fidum
845 2002 1014 2023 occurrero
1038 1993 1235 2032 ministrum,
1270 1994 1320 2024 cui

351 2034 569 2066 committeret
591 2045 629 2066 ea
651 2035 767 2075 quibus
791 2034 900 2065 David
921 2035 1038 2066 certior
1058 2036 1147 2066 fieret
1161 2034 1200 2066 dc
1214 2035 1323 2066 Saulis

357 2077 529 2113 voluntate,
553 2086 590 2107 ac
611 2088 645 2108 se
668 2077 800 2117 proinde
824 2087 988 2114 excusare,
1019 2078 1086 2108 fore
1110 2077 1264 2108 nimirum
1289 2083 1324 2107 ut

356 2120 382 2151 si
406 2120 475 2159 ipse
498 2119 538 2150 ad
562 2119 720 2150 Davidem
747 2118 964 2159 egrederetur,
996 2125 1027 2150 et
1051 2125 1199 2150 mutuum
1225 2120 1324 2159 ipsius

358 2172 430 2193 cnm
452 2161 577 2192 Davide
597 2162 793 2201 colloquium
811 2166 903 2201 pater
915 2161 1199 2199 animadverteret,
1222 2162 1325 2201 capite
1350 2183 1351 2186 =

360 2204 570 2244 plecteretur:
603 2211 827 2235 verumtamen
850 2204 939 2235 iubet
961 2211 1048 2235 certo
1072 2203 1140 2234 loco
1163 2203 1323 2234 Davidem

359 2246 543 2284 subsistere,
575 2252 605 2277 et
636 2247 681 2278 sie
709 2247 818 2277 omnia
842 2246 990 2286 disponit,
1026 2253 1061 2276 ut
1084 2256 1135 2277 res
1160 2246 1254 2285 plane
1278 2246 1324 2277 lu-

361 2288 465 2320 dicras
488 2288 540 2319 hic
562 2289 630 2329 geri
654 2288 783 2320 dixeris.
830 2288 878 2320 Tu
898 2288 1024 2324 sedebis,
1048 2288 1163 2328 inquit,
1187 2288 1229 2319 acl
1246 2288 1326 2328 lapi-

360 2331 428 2362 (lem
450 2331 500 2362 cui
523 2341 633 2362 nomen
651 2334 693 2362 θεέ
712 2331 796 2371 lisa,
819 2333 846 2362 et
864 2331 906 2362 ibi
925 2330 1034 2362 latebis
1052 2331 1142 2361 donec
1155 2330 1326 2369 perfectum

360 2374 401 2404 sit
440 2374 563 2413 siynum
601 2374 637 2404 de
670 2384 728 2412 quo
763 2373 964 2405 convenimus.

361 2415 453 2446 illum
489 2415 746 2455 interpretantur
777 2416 874 2447 fuisso
903 2416 1031 2456 signum
1063 2414 1254 2447 collocatum
1287 2415 1326 2445 ad

361 2458 424 2488 itcr
448 2458 627 2489 viatoribus
646 2458 904 2489 monstrandum.
950 2457 1017 2488 Alii
1037 2458 1210 2488 terminum
1231 2457 1327 2488 fuisse

362 2505 487 2540 putant,
523 2499 760 2541 distinguendis
795 2508 827 2531 et
855 2499 1044 2539 separandis
1075 2500 1327 2531 haereditatibus

362 2542 510 2582 positum.
557 2542 621 2574 Sed
645 2543 795 2574 existimo
821 2543 917 2574 fuisse
935 2549 1056 2574 certam
1076 2542 1237 2582 quandam
1258 2553 1328 2581 spe-

360 2594 443 2620 cum,
475 2584 509 2615 iu
539 2594 602 2625 qua
625 2584 733 2616 David
758 2585 856 2616 latere
879 2585 924 2616 sic
946 2585 1096 2624 potuerit,
1128 2589 1162 2615 ut
1183 2590 1327 2624 praeter-

361 2632 474 2657 euntes
519 2626 699 2667 intelligere
733 2632 847 2667 posset,
888 2627 957 2667 ipse
992 2637 1067 2659 vero
1097 2625 1137 2657 ab
1166 2627 1230 2658 illis
1262 2637 1325 2657 non

1151 209 1354 241 HOMILIA
1377 209 1538 241 LXXVI.

1340 454 1342 461 .
1368 439 1483 469 ipsum,
1508 434 1539 460 ct
1564 427 1682 459 indicet
1705 428 1789 459 sitne
1813 432 1981 464 venturus,
2005 437 2045 458 an
2070 435 2144 457 non.

346 473 438 503 Iesus
473 472 634 510 Christus,
667 473 722 512 qui
755 477 843 503 certa
873 471 928 502 lux
959 476 1009 502 est
1037 476 1070 502 et
1092 472 1224 509 iustitia,
1257 482 1315 503 nos
1340 465 1343 527 l

1340 539 1342 565 l

1340 574 1343 587 l

1011 2371 1153 2412 Quidam
1187 2371 1325 2412 lapidem
1351 2379 1353 2410 g

2272 206 2334 237 372

1526 300 1728 333 Ionathanus
1750 300 1850 341 igitur
1873 299 1964 331 illum
1988 299 2032 331 ibi
2056 299 2143 330 iubet
2168 299 2276 339 latere,
2303 306 2336 331 et

1366 345 1400 376 in
1425 346 1556 376 tertium
1580 353 1680 383 usque
1703 343 1787 374 diem
1807 343 1969 374 novilunii
1988 342 2117 383 signum
2138 347 2335 382 exspectare,

1367 397 1433 427 quo
1463 387 1633 418 certiorem
1657 385 1749 416 illum
1774 385 1870 417 saciat
1893 385 1932 416 de
1955 389 2088 425 paterna
2113 383 2279 457 voluEtate
2301 384 2335 415 in

2222 437 2243 457 x
2266 436 2336 465 qui·

1369 472 1428 502 bus
1452 477 1585 511 apparet
1608 469 1692 510 quod
1716 474 1792 501 ante
1816 469 1992 505 docuimus,
2027 468 2245 500 Ionathanum
2271 468 2337 499 Da-

1368 514 1453 545 vidis
1477 514 1577 544 vitam
1596 522 1673 544 suae
1691 512 1883 552 paetulisse:
1907 511 1991 551 quod
2010 511 2108 543 sciret
2126 510 2232 542 Deum
2253 510 2338 541 velle

1368 556 1475 596 ipsum
1509 554 1666 594 attollere,
1700 560 1731 585 et
1764 555 1798 585 in
1832 555 1955 595 regiam
1989 553 2181 594 dignitatem
2206 552 2338 584 efferre:

1369 608 1450 638 quae
1474 597 1640 638 persuasio
1663 596 1702 628 de
1726 596 1837 628 divina
1860 597 2026 628 voluntate
2049 597 2082 626 in
2107 595 2209 635 ipsius
2231 595 2338 626 animo

1370 646 1435 671 tam
1467 640 1531 670 alte
1559 639 1667 670 defixa
1696 642 1755 677 est,
1785 644 1820 670 ut
1844 648 2012 679 nunquam
2037 637 2206 674 vacillarit,
2235 647 2339 677 neque

1370 693 1511 722 unquam
1536 682 1569 712 in
1594 681 1798 722 blasphemas
1822 681 1904 712 ullas
1927 680 2085 712 adversus
2115 680 2222 711 Deum
2243 689 2337 711 voees

1369 725 1528 764 eruperit:
1558 724 1614 755 sed
1645 728 1759 755 contra
1781 723 1908 755 fortiter
1931 723 2082 754 omnibus
2107 721 2339 753 tentationibus

1370 767 1534 802 restiterit,
1577 766 1694 806 quibus
1727 765 1878 805 impediri
1912 770 2047 807 poterat,
2089 774 2130 796 ne
2163 774 2198 796 se
2230 773 2338 796 eoram

1371 809 1498 840 Davide
1522 808 1721 839 humiliaret.
1766 808 1839 839 Hoc
1862 818 1920 839 nos
1944 807 2035 839 decet
2058 807 2246 847 exemplum
2269 806 2339 837 imi-

1342 857 1343 860 ’
1371 852 1441 889 tari,
1472 856 1503 882 et
1526 861 1562 882 eo
1587 850 1776 891 diligentius
1800 851 1907 882 Deum
1931 850 2065 891 precari,
2096 854 2132 880 ut
2155 849 2248 880 nobis
2269 849 2339 880 ani·

1370 903 1459 924 mum
1479 899 1511 924 et
1531 894 1615 924 vires
1634 893 1784 931 sufficiat,
1807 896 1841 924 ut
1861 903 1959 933 quum
1980 891 2186 923 imminentia
2197 890 2340 931 pericula

1369 935 1614 975 conspiciemus,
1644 945 1810 975 nunquam
1834 936 1878 966 ita
1902 941 2092 970 terreamur,
2127 933 2204 974 quin
2228 933 2268 965 ad
2293 933 2340 972 ip-

1370 988 1441 1009 sum
1463 983 1496 1008 et:
1513 977 1671 1008 auxilium
1692 978 1802 1018 ipsius,
1826 988 1954 1018 semper
1973 976 2208 1017 confugiamus.
2243 974 2339 1014 Quod

1370 1021 1396 1051 si
1428 1020 1548 1051 nostris
1579 1020 1696 1051 animis
1720 1020 1871 1058 haeserit,
1905 1027 2030 1052 certum
2054 1025 2102 1050 est
2125 1018 2232 1050 Deum
2256 1018 2341 1049 dona.

1370 1062 1463 1094 donis
1486 1062 1742 1094 cumulaturum:
1773 1068 1805 1094 et
1827 1073 1926 1103 quum
1951 1062 2036 1093 vires
2059 1061 2185 1093 dederit
2207 1060 2247 1092 ad
2269 1059 2340 1091 offi-

1369 1106 1454 1136 cium
1486 1104 1677 1140 faciendum.
1709 1104 1805 1136 etiam
1832 1106 1916 1136 viam
1940 1114 2002 1145 qua
2025 1115 2065 1135 ex
2089 1103 2241 1144 perieulis
2263 1112 2339 1134 eva-

1369 1147 1483 1178 damus
1507 1153 1706 1186 aperturum.
1744 1152 1780 1178 ut
1803 1147 1884 1178 nihil
1908 1153 1973 1178 tam
1997 1147 2136 1178 arduum
2160 1146 2204 1177 sit
2225 1151 2258 1177 et
2279 1144 2340 1176 dit-

1370 1190 1461 1226 ficile,
1485 1189 1568 1229 quod
1594 1199 1657 1220 non
1679 1189 1772 1221 facile
1795 1199 1994 1229 superemus.

1453 1231 1524 1263 Iam
1553 1242 1626 1263 vcro
1649 1232 1744 1272 agite,
1769 1234 1820 1263 etc.

1624 1486 1868 1525 HOMlLIA
1896 1486 2084 1525 LXXVI.

1457 1613 1507 1643 24.
1538 1612 1745 1644 Absconditus
1773 1615 1815 1644 est
1838 1622 1909 1652 erqo
1936 1612 2044 1644 David
2067 1613 2099 1644 in
2124 1622 2209 1653 ayro,
2240 1615 2267 1643 el
2288 1622 2339 1644 ve·

1372 1658 1481 1687 nerunt
1503 1655 1658 1694 calendae,
1689 1657 1716 1686 et
1738 1655 1816 1686 sedit
1837 1665 1893 1686 rex
1915 1655 1957 1686 ad
1979 1656 2196 1687 comedendum
2213 1665 2338 1694 panem.

1371 1698 1422 1728 25.
1460 1698 1620 1737 Quuvnque
1653 1697 1779 1729 sedisset
1812 1707 1868 1728 rex
1901 1707 1996 1737 super
2029 1697 2208 1730 cathedram
2238 1703 2340 1736 suam,

1370 1741 1537 1772 secundum
1567 1740 1824 1779 consuetudinem,
1855 1750 1934 1779 quae
1963 1743 2029 1771 erat
2060 1740 2151 1771 iuxta
2175 1739 2340 1780 parietem,

1344 1790 1345 1801 ¹
1371 1783 1509 1814 surremit
1532 1782 1692 1820 Jonatlzas,
1717 1785 1743 1813 et
1765 1782 1843 1813 sedit
1865 1781 1971 1813 Almer
1993 1792 2030 1813 ez
2053 1783 2149 1814 latere
2173 1781 2262 1822 Saul,
2285 1793 2339 1813 va-

1371 1835 1506 1864 cuusque
1535 1825 1686 1863 apparuit
1716 1824 1798 1856 locus
1827 1824 1945 1856 David.
1991 1824 2042 1855 26.
2065 1824 2109 1856 Et
2136 1835 2198 1856 vnon
2225 1827 2270 1856 est
2299 1824 2340 1855 lo-

1372 1870 1486 1906 quutus
1522 1866 1600 1898 Saul
1632 1867 1804 1906 quidquam
1836 1867 1871 1898 in
1903 1867 1954 1898 die
1982 1867 2055 1898 illa:
2089 1867 2241 1907 coyitabal
2263 1867 2344 1898 enim

1373 1910 1452 1949 quod
1474 1910 1554 1948 forte
1575 1910 1724 1940 evenisset
1747 1910 1775 1940 ei
1799 1912 1832 1941 ut
1854 1919 1918 1940 non
1940 1912 2017 1941 esset
2038 1910 2184 1950 mundus,
2216 1919 2267 1942 nec
2283 1919 2345 1950 pu-

1375 1952 1523 1989 rificatus.
1568 1952 1619 1982 27.
1655 1952 1816 1991 Qzuwnque
1847 1951 1999 1983 illuxisset
2029 1953 2094 1983 dies
2123 1952 2258 1984 secunda
2272 1954 2345 1991 post

1374 1994 1525 2031 calenda&
1554 2004 1668 2025 rursus
1695 1995 1843 2033 apparuit
1870 1994 1952 2025 locus
1980 2004 2098 2026 vacuus
2119 1994 2236 2026 David.
2280 1993 2343 2026 Di-

1375 2037 1479 2075 raque
1511 2036 1589 2066 Saul
1617 2036 1659 2067 acl
1683 2036 1841 2068 Ionatham
1862 2037 1962 2075 silium
1985 2047 2096 2068 suum:
2127 2036 2192 2068 Cur
2213 2046 2276 2068 non
2296 2046 2343 2067 ve-

1377 2079 1420 2109 nit
1451 2078 1538 2116 filim
1573 2076 1643 2109 1.ςαί
1678 2089 1730 2110 nec
1762 2079 1840 2116 lieri,
1874 2089 1926 2110 nec
1959 2078 2048 2110 hodie
2081 2079 2123 2110 ad
2152 2079 2340 2111 vescendum.

1377 2121 1427 2151 28.
1451 2120 1500 2151 29.
1523 2121 1748 2160 Hespomlitque
1768 2121 1918 2152 Ionathas
1938 2121 2046 2152 Sauli:
2072 2121 2204 2161 Royavit
2225 2131 2272 2152 me
2294 2121 2342 2152 ob-

1377 2164 1449 2193 nixo
1473 2166 1504 2193 ut
1526 2163 1584 2194 iret
1608 2164 1638 2194 in
1663 2163 1849 2194 Bethlehem.
1896 2163 1938 2194 Ec
1956 2164 2016 2194 ait:
2039 2163 2169 2195 Dimitte
2186 2174 2251 2195 me:
2272 2173 2343 2204 quo-

1378 2206 1462 2235 niam
1484 2205 1673 2244 sacris-icium
1695 2206 1817 2237 solenne
1838 2208 1883 2237 est
1904 2207 1938 2237 in
1960 2206 2091 2246 civitate,
2114 2216 2197 2237 unus
2218 2206 2255 2238 de
2275 2206 2342 2245 fra-

1377 2247 1475 2277 {ribus
1497 2248 1573 2279 meis
1594 2248 1753 2279 accersivit
1774 2258 1834 2279 me:
1856 2258 1936 2280 nunc
1953 2258 2024 2287 eruo
2041 2249 2070 2279 si
2090 2249 2193 2279 inveni
2203 2249 2343 2288 qratiam

1378 2289 1411 2319 in
1434 2289 1529 2320 oculis
1552 2291 1624 2326 tuis,
1647 2290 1761 2322 vadam
1783 2291 1849 2329 cito,
1873 2293 1900 2322 el
1923 2290 2028 2322 videbo
2045 2290 2163 2329 fratres
2180 2300 2270 2322 meos.
2298 2289 2342 2322 Ob

1378 2331 1457 2362 lmnc
1478 2342 1605 2363 cansam
1628 2343 1688 2364 non
1706 2333 1786 2363 venit
1805 2333 1847 2364 acl
1865 2343 2001 2364 mensam
2020 2333 2113 2373 reglis.
2159 2333 2209 2364 30.
2235 2332 2343 2365 Iratus

1378 2376 1477 2404 aedem
1506 2373 1585 2405 Saul
1615 2375 1764 2406 adversus
1793 2375 1960 2413 Ionatlcan,
1990 2375 2072 2406 dixit
2101 2375 2146 2406 ei:
2178 2375 2246 2407 Fili
2274 2385 2343 2406 nuu-

1351 2434 1353 2452 ῐ
1378 2416 1465 2446 lieris
1487 2417 1588 2447 virum
1612 2417 1692 2448 ultro
1713 2415 1875 2457 rapientis,
1900 2418 2049 2457 numquid
2071 2417 2182 2458 iynoro
2200 2417 2278 2457 quia
2295 2417 2342 2449 ai-

1352 2480 1353 2489 i
1378 2458 1452 2497 Iiyis
1477 2459 1578 2496 silium
1608 2459 1679 2490 Isai
1709 2460 1742 2490 in
1769 2460 1978 2499 confusionem
2005 2462 2100 2495 tuam.
2134 2462 2162 2491 et
2184 2459 2218 2490 in
2236 2460 2342 2499 cmtfu-

1378 2501 1494 2530 sionem
1538 2502 1759 2541 iynominiosae
1797 2503 1910 2533 matris
1947 2501 2045 2533 tuae?
2096 2501 2147 2533 31.
2194 2501 2344 2533 Omnibus

1378 2543 1460 2573 enim
1488 2543 1595 2574 <liebus
1622 2543 1734 2584 quibus
1762 2544 1851 2583 filius
1878 2543 1949 2576 Isai
1971 2544 2083 2576 viserit
2104 2553 2198 2583 super
2219 2546 2343 2584 terram,

1379 2594 1436 2615 non
1465 2585 1636 2617 stabilieris
1663 2589 1706 2624 lu,
1737 2596 1833 2626 neque
1859 2596 1987 2627 reynum
2009 2589 2112 2618 tuum.-
2146 2585 2343 2626 Itaqueiam

1378 2636 1459 2658 nuow
1488 2628 1579 2666 mitte,
1609 2631 1635 2659 et
1664 2629 1765 2661 adduc
1791 2639 1860 2661 eum
1883 2629 1925 2660 ad
1946 2639 2002 2667 me,
2028 2629 2104 2668 quia
2124 2627 2215 2668 filius
2236 2628 2344 2660 mortis
