2551 3044
225 183 285 214 221

228 291 311 320 quae
335 289 429 311 causa
453 282 500 310 est
523 289 581 310 cur
604 288 698 318 saepe
723 277 916 315 deficiamus,
947 282 978 307 et
1009 281 1098 307 tanto
1122 280 1186 307 ter-

229 334 302 354 rore
331 322 543 363 percellamur
572 320 611 351 ab
640 320 784 351 hostibus
809 321 949 360 undique
972 319 1187 359 circumsepti,

228 371 265 398 ut
290 377 329 396 ne
354 366 459 396 Deum
484 363 611 404 quidem
636 363 786 394 invocare
810 363 976 403 possimus,
1006 372 1107 401 neque
1131 372 1188 392 au·

227 408 342 439 xilium
366 408 405 438 ab
429 407 530 446 ipsius
554 406 771 437 misericordia
801 406 981 446 implorare,
1012 405 1075 435 nisi
1105 404 1188 444 quod

227 450 435 490 semisepulta
468 450 574 480 iacent
608 459 816 488 quaecunque
850 449 889 480 ab
922 448 991 488 ipso
1025 447 1188 478 benefacta

227 491 430 533 accepimus?
472 492 595 522 Contra
619 502 694 522 vero
718 491 824 522 David
848 492 943 522 etiam
967 491 1136 530 profitetur
1154 500 1188 520 se

229 537 264 567 in
294 535 428 567 summis
452 533 695 565 difficultatibus
719 535 929 565 constitutum
953 533 1019 563 dies
1039 533 1187 572 antiquos

228 578 384 610 memoria
407 576 611 616 repetivisse:
636 587 671 607 ac
695 577 830 617 proinde
853 587 916 607 nou
940 580 1065 606 tantum
1091 575 1129 606 de
1148 575 1186 605 iis

227 621 368 661 cogitare
392 629 473 658 quae
496 619 633 658 ipsemet
656 620 808 659 quamdiu
832 620 915 650 vixit
934 618 972 649 de
984 618 1045 649 Dei
1066 618 1186 648 virtute

228 669 261 694 et
283 663 426 693 bonitate
450 672 527 701 erga
550 673 583 692 se
607 668 758 702 expertus
778 668 843 693 est:
866 661 921 693 sed
943 662 1038 692 etiam
1061 666 1186 691 veteres

229 706 381 737 historias
411 703 638 735 beneficiorum
662 705 721 735 Dei
752 716 828 745 erga
858 704 1012 745 populum
1035 713 1186 734 revocare

225 749 260 780 in
285 747 483 779 memoriam,
514 752 550 777 ut
572 757 653 786 quae
677 748 796 787 scripta
819 753 895 779 sunt
917 748 949 778 in
973 756 1068 777 suum
1091 756 1185 777 usum

227 791 411 822 transferat.
458 791 504 820 Ac
536 800 612 820 sane
643 800 740 829 quum
770 791 802 821 in
826 790 897 821 Deo
925 800 1012 829 spem
1042 794 1185 819 nostram

226 834 383 865 collocare
413 832 574 869 iubemur,
617 843 680 862 non
710 838 786 863 sunt
816 833 917 873 ipsius
948 832 1099 863 beneficia
1136 842 1186 861 re-

225 875 417 916 stringenda
434 875 472 905 ad
487 886 523 905 ea
536 885 616 914 quae
632 875 694 905 iam
716 875 869 906 habemus
891 875 1089 915 experientia
1101 884 1186 904 com-

224 924 334 959 perta:
358 918 412 949 sed
437 918 566 958 longius
589 924 637 948 est
660 918 880 949 extendenda:
903 922 938 948 ut
957 927 1187 958 cognoscamus

225 962 333 993 Deum
348 960 423 992 inde
437 960 476 991 ab
498 960 595 998 omni,
609 961 735 991 sacculo
759 972 831 992 51105
856 971 1009 997 servasse,
1034 966 1064 991 et
1084 960 1116 990 in
1137 970 1186 990 re-

225 1005 286 1037 bus
310 1003 456 1044 angustis
480 1002 636 1034 auxilium
662 1003 739 1042 ipsis
764 1004 885 1035 tulisse.
932 1004 1025 1034 Hanc
1051 1002 1090 1034 ob
1111 1012 1186 1033 030-

225 1058 294 1080 sam
326 1046 430 1077 voluit
454 1046 542 1076 Deus
573 1051 719 1076 veterum
749 1053 876 1086 patrum
902 1046 1051 1077 historias
1075 1055 1186 1076 monu-

226 1090 345 1121 mentis
375 1088 532 1120 conscribi
567 1094 597 1118 et
628 1088 660 1118 in
695 1098 818 1119 sacram
855 1089 1004 1129 paginam
1038 1087 1186 1125 conferri,

225 1144 289 1164 non
322 1137 448 1162 tantum
481 1136 516 1161 ut
546 1130 691 1162 norimus
716 1131 949 1172 Abrahamum,
972 1131 1094 1168 Mosen,
1119 1131 1185 1161 Da-

224 1176 334 1207 videm
359 1179 392 1205 et
414 1173 492 1204 alios
523 1173 723 1212 patriarchas
747 1174 809 1205 Dei
838 1175 941 1213 gratia
969 1178 1123 1213 servatos,
1155 1177 1186 1203 et

224 1220 258 1250 in
281 1217 377 1249 rebus
400 1217 548 1255 angustis
573 1216 692 1246 auxilio
716 1216 826 1247 divino
850 1217 985 1255 adiutos⁷
1010 1216 1064 1247 sed
1088 1222 1124 1247 ut
1146 1215 1185 1246 li-

227 1261 410 1293 berationes
433 1258 505 1289 illas
528 1259 561 1289 in
585 1265 730 1289 nostrum
755 1270 847 1290 usum
872 1265 903 1290 et
922 1259 1090 1290 utilitatem
1110 1269 1184 1290 con-

224 1310 399 1336 vertamus.
445 1302 491 1332 At
519 1302 544 1331 si
577 1301 615 1332 ad
647 1301 719 1332 fidei
750 1308 876 1333 nostrae
907 1302 1184 1334 confirmationem

225 1347 378 1377 debemus
411 1344 568 1375 memoria
602 1350 747 1384 repetere
782 1355 991 1385 quaecunque
1030 1344 1186 1376 beneficia

225 1390 316 1421 Deus
339 1388 372 1418 in
405 1397 497 1418 suam
529 1387 696 1418 ecclesiam
728 1388 874 1425 contulit,
903 1392 1022 1427 quanta
1052 1387 1184 1419 0111111-

223 1430 397 1473 gratitudo,
429 1434 460 1460 et
483 1435 622 1469 quantus
645 1436 756 1469 stupor
779 1441 843 1461 non
867 1441 976 1461 eorum
1000 1430 1185 1461 meminisse

223 1485 305 1515 quae
328 1472 446 1513 singuli
471 1483 490 1503 a
513 1473 582 1503 Deo
606 1473 771 1504 benefacta
794 1478 994 1513 acceperunt,
1024 1478 1056 1504 et
1083 1484 1123 1504 ex
1146 1473 1185 1504 iis

223 1518 257 1549 in
281 1515 519 1557 exspectatione
544 1515 673 1546 divinae
698 1516 847 1547 bonitatis
871 1516 1076 1547 confirmari?
1122 1516 1185 1547 Ec-

224 1560 298 1601 quis
321 1559 407 1590 enim
431 1558 495 1588 iam
520 1568 538 1589 a
562 1558 682 1589 teneris
706 1558 900 1599 unguiculis,
929 1559 1010 1599 quis,
1039 1560 1184 1598 inquam,

224 1614 290 1634 non
319 1602 393 1633 inde
422 1601 484 1631 iam
517 1600 556 1631 ab
588 1606 680 1632 utero
709 1602 810 1632 sensit
840 1612 934 1641 quam
965 1602 1067 1633 bonus
1095 1602 1186 1633 Deus

223 1656 301 1686 erga
324 1656 366 1681 se,
391 1654 487 1683 quam
511 1648 635 1683 potens,
667 1654 762 1683 quam
793 1645 964 1675 munificus
992 1645 1025 1675 in
1057 1655 1108 1676 eos
1131 1644 1186 1684 qui

224 1688 265 1720 ad
287 1689 395 1728 ipsum
420 1686 622 1727 confugiunt,
646 1693 677 1717 et
700 1687 733 1717 in
757 1687 826 1726 ipso
850 1687 916 1718 solo
939 1687 1185 1728 conquiescunt:

224 1743 261 1764 ae
284 1729 419 1771 proinde
443 1739 507 1760 non
532 1729 645 1760 habeat
668 1740 869 1769 persuasum,
893 1729 1003 1761 fideles
1026 1729 1065 1761 ad
1078 1731 1187 1762 Deum

225 1773 448 1813 confugientes
471 1782 530 1803 sua
552 1783 608 1812 spe
632 1782 800 1812 nunquam
826 1772 1013 1804 excisuros‘?
1049 1772 1102 1805 Sic
1124 1773 1187 1804 ita-

225 1828 287 1858 que
306 1815 414 1847 David
434 1813 530 1845 fidem
555 1826 645 1846 suam
669 1815 849 1854 roborabat,
872 1815 1028 1846 memoria
1050 1816 1187 1856 insignis

225 1860 315 1892 illius
349 1858 450 1889 divini
485 1867 562 1898 erga
596 1869 629 1889 se
664 1858 820 1895 beneficii,
860 1868 922 1898 quo
956 1868 1019 1889 non
1059 1863 1187 1889 tantum

224 1906 374 1935 evaserat
397 1900 499 1932 leonis
518 1906 549 1930 et
569 1901 636 1931 ursi
655 1911 779 1941 ungues
799 1907 829 1931 et
849 1901 964 1938 fauces,
986 1901 1039 1932 sed
1059 1902 1186 1933 eosdem

224 1947 450 1978 interemerat:
482 1942 574 1974 cuius
597 1944 642 1974 rei
667 1944 762 1974 fidem
786 1943 864 1974 facit
887 1944 1087 1984 potissimum
1111 1955 1186 1976 con-

224 1988 325 2023 clusio
347 1988 448 2027 ipsius
479 1986 529 2016 his
553 1986 673 2017 verbis:
705 1986 863 2018 Dominus
890 1987 944 2026 qui
970 1987 1051 2018 eruit
1078 1998 1125 2019 me
1151 1988 1188 2019 de

225 2041 322 2064 manu
345 2030 450 2067 leonis,
480 2031 507 2060 et
540 2029 576 2060 de
605 2039 701 2060 manu
731 2030 810 2066 ursi,
835 2029 901 2069 ipse
923 2039 968 2060 me
990 2029 1130 2061 liberabit
1151 2031 1187 2061 de

224 2084 322 2108 manu
342 2072 512 2103 Philistaei
532 2071 635 2103 liuius.
683 2072 809 2110 Quibus
843 2072 992 2103 docemur
1021 2072 1187 2104 benefacta

224 2118 288 2150 Dei
318 2126 395 2156 erga
426 2125 484 2145 nos
513 2115 682 2145 referenda
712 2125 781 2145 esse
810 2115 840 2145 in
873 2115 1016 2146 futurum
1039 2120 1186 2156 tempus:

224 2161 316 2192 Deus
340 2159 425 2189 enim
449 2157 497 2188 sui
522 2168 651 2197 semper
674 2162 722 2188 est
752 2157 876 2195 similis,
910 2168 1012 2197 neque
1036 2159 1103 2190 eius
1126 2170 1185 2190 un-

224 2213 322 2245 quam
356 2199 562 2232 imminuitur
595 2200 755 2240 potentia:
791 2205 822 2230 et
850 2200 884 2230 in
915 2211 968 2231 eos
998 2201 1052 2241 qui
1081 2203 1186 2242 ipsum

224 2247 381 2278 invocant
404 2243 585 2274 misericors
608 2249 638 2274 et
662 2243 695 2273 in
719 2243 877 2273 auxilium
897 2244 1039 2283 ipsorum
1060 2255 1187 2284 promp-

224 2294 285 2320 tus,
331 2285 598 2326 Quandoquidem
630 2285 730 2325 igitur
758 2290 913 2326 perpetua
942 2291 991 2317 est
1013 2287 1075 2318 Dei
1099 2287 1187 2318 boni-

224 2336 275 2363 tas
298 2334 331 2361 et
353 2330 458 2360 virtus
481 2337 517 2358 30
540 2329 691 2368 potentia,
722 2333 754 2359 et
783 2328 995 2360 immutabilis
1024 2330 1185 2368 voluntas,

223 2374 317 2407 facile
340 2381 513 2412 possumus
544 2370 735 2402 concludere
765 2371 832 2402 fore
856 2376 893 2402 ut
916 2373 1186 2412 quemadmodum

225 2428 284 2449 nos
306 2415 463 2446 hactenus
486 2414 520 2444 in
544 2414 663 2444 nostris
687 2414 931 2445 difficultatibus
956 2420 987 2445 et
1009 2415 1105 2447 rebus
1129 2427 1185 2447 an-

225 2460 329 2501 gustis
352 2457 485 2492 adiuvit,
511 2456 648 2487 eundem
673 2467 706 2487 se
731 2467 807 2497 erga
829 2467 888 2487 nos
911 2457 944 2488 in
967 2458 1063 2489 finem
1085 2469 1186 2499 usque

223 2502 388 2544 praebeat.
433 2499 504 2530 Nae
527 2499 553 2529 si
578 2499 672 2530 rebus
696 2500 812 2530 creatis
836 2499 924 2531 Deus
955 2505 1038 2532 esset
1061 2502 1185 2539 similis,

224 2546 263 2577 de
286 2544 386 2585 ipsius
410 2542 593 2574 constantia
616 2547 648 2572 et
670 2542 733 2573 fide
755 2542 871 2573 merito
895 2542 1124 2579 dubitaremus.
1155 2551 1186 2576 et-

223 2589 251 2620 si
274 2587 368 2619 hodie
392 2586 495 2625 potuit
526 2590 557 2615 et
587 2585 698 2622 voluit,
729 2595 842 2617 crasne
872 2586 973 2626 possit
995 2591 1027 2617 et
1048 2587 1129 2619 velit
1151 2588 1186 2619 in

224 2631 357 2663 dubium
378 2638 504 2661 vocare.
549 2627 634 2659 Nam
658 2627 805 2660 homines
828 2639 892 2660 non
916 2629 1036 2661 habent
1058 2641 1186 2672 semper

894 182 940 215 IN
962 183 988 215 Ι.
1013 183 1100 214 LIB.
1125 183 1324 215 SAMUEL.
1348 183 1444 216 CAP.
1468 183 1578 215 XVII.

2136 187 2196 217 222

1242 283 1442 310 constantem
1475 278 1682 317 voluntatem,
1715 291 1817 320 neque
1848 282 2023 321 potentiam
2056 287 2087 312 et
2111 281 2196 312 vires

1240 320 1456 352 immutabiles
1480 326 1514 350 et
1534 322 1715 353 continuas:
1741 324 1846 363 itaque
1867 325 1892 355 si
1913 330 1996 355 essct
2015 324 2093 364 ipsis
2106 323 2197 354 Deus

1240 364 1370 402 similis,
1402 363 1562 394 diceretur
1596 375 1659 394 non
1695 367 1844 397 omnibns
1878 378 1970 407 posse
2003 367 2196 404 satisfacere,

1240 407 1318 437 alios
1341 407 1435 437 etiam
1467 416 1534 436 0550
1559 407 1610 445 qui
1634 418 1667 437 sc
1693 408 1838 439 adiuvari
1862 411 1900 440 ab
1925 411 1992 449 ipso
2016 410 2196 449 postulent:

1240 459 1275 480 ac
1299 448 1432 489 proinde
1456 448 1542 479 dubii
1566 459 1691 488 semper
1719 451 1959 488 haesitaremus,
1991 451 2196 491 quemadmo-

1240 491 1315 522 dum
1341 492 1395 531 qui
1426 491 1465 521 ab
1496 491 1678 522 hominibus
1709 494 1847 532 pendent
1876 495 1954 525 nihil
1987 497 2114 525 firmum
2141 494 2196 525 lia-

1240 534 1317 565 bent
1340 545 1443 573 neque
1468 533 1590 564 stabile.
1636 535 1699 565 »Sed
1724 536 1756 566 in
1781 538 1884 567 Deum
1910 537 1989 568 nihil
2014 537 2077 568 tale
2101 536 2194 567 cadit.

1238 577 1322 608 Nam
1351 577 1406 617 qui
1436 576 1506 607 heri
1536 582 1648 615 potens
1678 578 1747 616 fuit,
1781 580 1889 610 eadem
1926 580 2019 610 hodie
2054 580 2197 620 potentia

1239 620 1402 659 praeditus
1426 624 1490 650 est:
1515 619 1566 658 qui
1588 618 1696 656 bonus,
1717 621 1826 652 eadem
1847 623 2003 654 bonitate:
2026 633 2124 662 quare
2144 623 2197 661 qui

1239 674 1295 702 pro
1324 673 1382 694 sua
1412 672 1488 702 erga
1517 672 1574 692 1105
1607 662 1768 694 voluntate
1794 665 1893 695 voluit
1918 666 2016 696 nostri
2041 665 2196 702 misereri,

1239 716 1404 745 nunquam
1428 704 1546 735 mutari
1570 709 1682 744 potest,
1713 706 1766 736 sed
1792 708 1925 738 eandem
1950 718 2076 747 semper
2100 707 2195 738 fidem

1239 754 1270 778 et
1293 747 1505 779 constantiam
1532 748 1657 778 retinet.
1704 749 1755 778 Ex
1779 750 1910 780 istorum
1935 751 2034 790 igitur
2057 761 2195 781 comme-

1239 791 1416 821 moratione
1438 789 1529 820 facilc
1553 790 1741 830 colligimus,
1766 792 1825 823 Dei
1850 794 2006 824 auxilium
2030 804 2196 832 nunquam

1239 833 1330 864 nobis
1371 832 1569 863 defuturum:
1612 833 1665 863 sed
1707 836 1972 873 quemadmodum
2014 836 2196 876 praeteritis

1239 876 1437 916 temporibus
1470 875 1566 914 iuvit,
1609 877 1703 906 etiam
1739 877 1769 907 in
1806 880 1963 916 praesenti
1999 879 2195 916 adiuturum,

1239 919 1332 950 modo
1362 929 1404 949 ne
1434 919 1495 958 ipsi
1526 918 1754 957 impedimento
1785 922 1892 951 simus.
1938 922 2006 952 Nae
2037 922 2081 952 510
2106 921 2196 952 decet

1239 973 1297 993 nos
1320 971 1444 992 sacram
1468 961 1659 1000 scripturam
1684 962 1715 992 in
1738 973 1830 992 usum
1852 968 1996 994 nostrum
2017 964 2145 1000 referre,
2165 968 2198 995 et

1240 1004 1301 1036 Dei
1331 1003 1486 1035 beneficia
1516 1004 1688 1043 praeterita
1718 1005 1749 1034 in
1774 1007 2047 1037 confirmationem
2072 1008 2196 1037 futuro-

1239 1058 1311 1078 rum
1347 1056 1519 1078 assumere.
1572 1046 1655 1077 Nam
1690 1054 1719 1077 et
1754 1048 1881 1078 firmum
1915 1049 1996 1079 illud
2030 1050 2061 1080 in
2098 1050 2196 1081 sacris

1238 1091 1372 1130 ponitur
1402 1088 1661 1125 fundamentum,
1693 1090 1795 1120 Deum
1828 1102 1990 1131 nunquam
2014 1093 2196 1132 relinquere

1238 1133 1464 1172 imperfectum
1483 1142 1561 1171 opus
1575 1142 1728 1163 manuum
1749 1144 1894 1163 suarum:
1919 1134 1973 1165 sed
1993 1135 2073 1174 quod
2097 1134 2194 1166 semel

1237 1176 1358 1215 incepit
1396 1174 1435 1205 ad
1479 1185 1575 1205 suum
1612 1175 1708 1205 finem
1740 1175 1924 1215 perducere.
1977 1177 2195 1216 Quamobrem

1238 1218 1336 1250 semel
1366 1217 1398 1248 in
1429 1227 1520 1248 suam
1544 1217 1727 1248 clientelam
1750 1224 1780 1249 et
1804 1220 1937 1250 tutelam
1962 1227 2103 1260 receptos
2127 1230 2195 1251 cer-

1239 1266 1308 1291 tum
1332 1266 1381 1291 est
1404 1270 1569 1299 nunquam
1594 1260 1831 1297 derelicturum,
1856 1267 1886 1293 et
1910 1263 2006 1293 semel
2026 1269 2120 1302 atque
2140 1263 2195 1293 ite-

1239 1315 1310 1334 rum
1334 1308 1459 1342 ereptos
1483 1314 1522 1333 ex
1545 1303 1698 1343 periculis
1722 1314 1887 1343 nunquam
1906 1304 2119 1342 deserturum,
2139 1305 2195 1336 sed

1239 1357 1365 1386 semper
1388 1350 1568 1376 tutaturum
1590 1352 1619 1376 et
1640 1346 1844 1377 defensurum
1867 1348 1964 1379 donce
1984 1349 2016 1378 in
2030 1354 2196 1379 aeternam

1239 1389 1377 1420 salutem
1402 1388 1532 1419 tandem
1558 1388 1733 1419 incolumes
1758 1389 1933 1421 deduxerit.
1979 1391 2065 1422 Hinc
2096 1391 2197 1431 igitur

1240 1436 1375 1473 apparet
1407 1431 1493 1462 unde
1527 1436 1679 1462 nascatur
1718 1431 1773 1462 illa
1806 1433 1838 1462 in
1879 1433 1969 1464 nobis
2009 1433 2196 1470 diffidentia,

1239 1485 1339 1515 quum
1370 1474 1519 1514 periculis
1550 1473 1625 1505 hinc
1656 1474 1729 1505 inde
1752 1485 1912 1514 urgemur,
1935 1487 2034 1516 quum
2058 1476 2197 1507 rumori-

1239 1519 1299 1549 bus
1323 1522 1493 1557 terremur,
1517 1527 1614 1556 quum
1638 1516 1783 1548 hostibus
1806 1519 2002 1550 saevissimis
2025 1519 2196 1559 cingimur,

1239 1571 1338 1601 quum
1363 1560 1500 1600 denique
1523 1564 1611 1590 metu
1635 1560 1832 1591 imminentis
1862 1562 1951 1592 exitii
1979 1562 2196 1602 percellimur,

1240 1614 1355 1643 nempe
1378 1614 1418 1634 ex
1442 1602 1604 1634 oblivione
1627 1602 1812 1633 divinorum
1835 1603 2060 1635 beneficiorum
2081 1605 2198 1644 quibus

1239 1651 1334 1677 antea
1363 1646 1481 1676 fuimus
1512 1645 1628 1681 affecti,
1661 1646 1716 1676 sed
1752 1656 1831 1685 quac
1866 1647 1973 1677 statim
2007 1647 2198 1678 exciderunt

1239 1689 1333 1720 nobis
1357 1694 1388 1719 et
1417 1688 1520 1720 veluti
1551 1687 1685 1728 pedibus
1715 1689 1896 1720 conculcata
1927 1694 2011 1721 sunt.
2057 1690 2141 1721 Nam
2170 1689 2197 1721 si

1239 1731 1278 1763 de
1301 1731 1364 1762 illis
1388 1732 1479 1769 serio,
1510 1735 1547 1761 nt
1570 1741 1628 1770 par
1656 1736 1713 1769 est,
1747 1732 1970 1771 cogitaremus,
2002 1737 2125 1764 eertum
2149 1736 2198 1764 est

1239 1785 1298 1806 nos
1321 1775 1354 1805 in
1378 1774 1517 1805 Davidis
1539 1774 1732 1804 sententiam
1762 1775 1980 1813 eonclusuros,
2010 1775 2118 1806 Deum
2142 1775 2198 1816 qui

1240 1823 1336 1849 antea
1359 1817 1450 1848 nobis
1473 1817 1507 1847 in
1532 1816 1627 1847 rebus
1650 1817 1794 1857 angustis
1813 1817 1923 1855 adfuit⁷
1947 1818 2044 1849 etiam
2063 1818 2198 1850 adverso

1240 1865 1386 1900 tempore
1410 1859 1607 1897 adfuturum,
1627 1870 1666 1890 ex
1686 1859 1835 1899 periculis
1855 1865 2049 1899 erepturum,
2070 1873 2109 1892 ex
2129 1861 2198 1892 luto

1239 1912 1271 1934 et
1304 1913 1401 1935 coeno
1435 1903 1503 1943 ipso
1537 1908 1769 1940 retracturum;
1816 1908 1845 1933 ct
1892 1903 2047 1934 adversus
2088 1904 2198 1935 hostes

1240 1952 1367 1977 nostros
1391 1945 1628 1982 dimicaturum,
1659 1950 1691 1976 et
1720 1945 1826 1985 clype*
1862 1947 1984 1985 gratiae
2008 1947 2108 1986 ipsius
2133 1951 2195 1977 tec-

1240 1994 1289 2020 tos
1312 1989 1503 2020 miraculose
1527 1999 1566 2018 ex
1590 1988 1732 2027 ipsorum
1756 1989 1898 2019 faucibus
1921 1994 2118 2029 erepturum.
2163 1989 2197 2020 Is

1239 2033 1327 2063 enirn
1351 2036 1399 2063 est
1421 2032 1476 2072 qui
1499 2031 1710 2062 afflictionum
1735 2031 1982 2062 amaritudinem
2005 2042 2063 2063 503
2088 2032 2198 2063 dulce-

1240 2075 1315 2105 dine
1350 2075 1429 2105 lenit
1463 2073 1619 2114 siquidem
1653 2073 1755 2104 bonus
1789 2080 1846 2111 est,
1881 2078 1911 2104 et
1942 2074 2065 2106 bonitas
2095 2075 2198 2115 ipsius

1239 2128 1316 2158 erga
1340 2128 1415 2148 suos
1439 2122 1615 2157 permanet.
1660 2116 1768 2155 Quare
1792 2116 1949 2148 diseamus
1979 2117 2024 2148 ita
2048 2118 2197 2149 meditari

1240 2160 1324 2191 bona
1342 2171 1424 2200 quae
1437 2160 1497 2191 Dei
1517 2169 1616 2190 manu
1636 2160 1845 2199 percepimus,
1870 2165 1904 2190 ut
1928 2170 1991 2190 non
2015 2159 2197 2192 dubitemus

1240 2203 1318 2243 quin
1342 2204 1367 2234 si
1392 2213 1451 2234 nos
1474 2203 1507 2233 in
1531 2202 1570 2233 iis
1593 2202 1841 2238 exercuerimus,
1875 2206 1905 2233 et
1936 2213 2029 2233 omne
2053 2203 2197 2234 studium

1240 2251 1384 2277 nostrum
1410 2245 1621 2286 posuerimus,
1653 2255 1729 2275 vera
1752 2244 1867 2276 fiducia
1891 2255 1961 2276 eum
1987 2256 2064 2276 vera
2088 2257 2198 2277 conso-

1238 2288 1358 2320 latione
1389 2289 1560 2320 coniuncta
1589 2289 1772 2318 muniamur
1803 2293 1834 2318 et
1857 2298 2020 2319 armemur
2042 2288 2197 2320 adversus

1239 2342 1448 2372 quaecunque
1471 2331 1655 2371 ingruerint
1685 2331 1717 2360 in
1741 2341 1798 2361 nos
1820 2330 1970 2369 pericula,
1995 2337 2117 2362 certum
2142 2342 2196 2362 ex—

1239 2380 1421 2415 spectantes
1445 2374 1483 2405 ab
1506 2374 1575 2413 ipso
1599 2373 1766 2410 auxilium,
1795 2379 1826 2403 et
1849 2373 1950 2404 veluti
1974 2374 2038 2404 iam
2062 2379 2197 2405 stratam

1238 2418 1278 2448 ad
1301 2418 1408 2457 ipsum
1432 2416 1648 2448 invocandum
1674 2416 1758 2446 viam
1782 2415 1946 2454 habentes,
1966 2427 2006 2447 ne
2029 2427 2200 2448 vereamur

1238 2462 1347 2500 ipsum
1375 2460 1522 2500 precibus
1550 2458 1755 2502 interpellare
1792 2458 1878 2489 dubii
1909 2463 1941 2490 ct
1971 2459 2086 2490 incerti
2116 2459 2200 2491 sitne

1238 2515 1297 2534 nos
1328 2503 1497 2534 auditurus
1527 2510 1644 2532 annon.
1691 2502 1776 2532 Sane
1810 2502 1910 2533 fateor
1940 2512 1998 2532 nos
2032 2513 2095 2533 non
2129 2513 2199 2534 esse

1237 2546 1316 2577 adeo
1340 2546 1437 2577 duros
1460 2550 1491 2576 et
1514 2544 1652 2581 hebetes,
1683 2549 1717 2574 ut
1747 2554 1877 2575 sensum
1909 2554 2038 2575 omnem
2069 2546 2198 2577 exueri-

1238 2600 1326 2620 mus:
1358 2600 1433 2620 nam
1466 2588 1491 2619 si
1521 2586 1670 2627 periculis
1700 2586 1796 2618 nullis
1820 2588 2029 2625 afficeremur,
2053 2588 2142 2619 nulla
2164 2588 2199 2619 in

1239 2631 1347 2664 Deum
1378 2631 1494 2664 fiducia
1524 2633 1634 2661 nostra
1657 2634 1749 2667 esset,
1780 2630 1835 2661 sed
1861 2636 2012 2671 tanquam
2038 2631 2145 2663 trunci
2169 2635 2201 2662 et
