2551 3044
185 218 247 251 633

188 313 270 345 scire
301 323 357 344 nos
388 312 525 345 volucrit
548 311 586 341 de
608 310 704 341 rebus
727 309 854 340 futuris.
896 308 978 338 Nam
1004 306 1086 347 quod
1112 306 1151 338 ad

189 357 371 387 animarum
404 359 587 386 nostrarum
619 352 760 392 regimen
787 352 911 387 attinet,
944 350 1056 390 legem,
1080 360 1151 389 pro-

190 398 303 439 phetas
335 402 368 428 et
388 396 589 435 evangelium
614 395 768 424 habemus
793 398 912 424 eci-tam
938 397 967 422 ct
992 391 1153 422 indubita-

190 449 255 472 tam
291 440 452 480 rogulam,
486 448 547 477 qua
581 436 619 467 ad
647 436 752 466 Deum
786 435 991 465 deducamur.
1046 436 1153 473 Atque

189 483 286 514 etiam
301 481 421 514 accedit
436 479 634 516 beneficium,
660 484 736 518 puta
756 478 858 508 divini
882 477 971 507 verbi
995 477 1153 517 expositio

189 537 229 556 cx
254 535 315 565 qua
338 523 413 564 quid
439 522 514 553 utile
537 522 577 551 sit
602 521 701 558 nobis,
726 520 803 560 quid
827 519 1046 551 necessarium
1072 519 1153 550 scire

189 576 370 608 possumus.
394 563 491 604 Quod
516 568 623 594 autem
647 563 790 603 politiam
815 567 847 593 et
871 561 1064 602 reipublicae
1089 567 1152 592 sta-

190 616 259 641 tum
288 609 411 644 attinet,
443 606 649 638 scientiarum
675 606 889 636 humanarum
915 604 1060 635 notitiam
1094 604 1150 634 ha-

189 653 318 688 bemus,
359 660 398 681 ex
433 648 547 689 quibus
581 648 656 688 quid
691 649 775 679 facto
809 648 850 679 sit
881 657 960 687 opus
991 647 1152 678 discimus.

190 693 317 733 Quibus
348 691 498 722 omnibus
528 696 693 722 contentos
724 693 849 730 oportet
874 700 930 720 nos
952 700 1153 729 summopere

190 746 303 767 cavere
334 745 374 765 ne
405 738 558 773 tanquam
584 734 655 773 equi
678 734 803 764 efferati
827 732 1042 772 lasciviamus,
1065 738 1095 763 et
1120 732 1152 762 in

189 789 227 809 ea
255 787 336 818 quae
367 786 460 808 nosse
491 787 547 807 nos
579 775 659 807 nihil
689 776 803 806 attinet
830 775 986 806 curiosius
1009 774 1153 814 inquira-

189 829 276 852 mus:
301 819 383 860 quod
404 824 511 849 tamen
537 819 650 849 vitium
676 818 770 849 hodie
794 828 989 857 magnopere
1013 817 1045 847 in
1070 817 1153 847 mul-

189 863 230 894 tis
264 862 396 899 obtinet,
431 867 462 892 et
496 861 623 901 quidem
655 861 732 892 viris
764 860 970 901 principibus
1002 860 1054 899 qui
1079 870 1154 891 suos

189 905 361 946 aruspices,
381 915 455 935 suos
475 903 603 935 divinos
615 914 722 935 secum
743 903 862 934 ducunt
882 907 913 933 et
932 903 1153 933 coniuratores

190 947 377 979 ordinarios.
424 946 519 985 Quod
542 947 662 978 crimen
686 946 915 986 gravissimum
941 955 1037 985 quum
1062 944 1153 976 Deus

189 995 255 1021 tam
278 990 435 1021 severiter
458 986 730 1026 condemnaverit,
755 999 818 1019 non
845 988 977 1019 dubium
1001 992 1051 1019 est
1074 987 1152 1027 quin

189 1033 244 1064 isti
273 1042 379 1064 coram
403 1032 473 1063 Deo
503 1032 548 1062 rei
577 1031 665 1062 illius
688 1031 761 1062 facti
786 1030 997 1072 gravissimas
1021 1030 1151 1061 tandem

189 1085 311 1116 poenas
339 1075 440 1106 luant.
485 1073 576 1105 Unus
606 1074 715 1113 itaque
738 1073 829 1104 Deus
857 1073 939 1104 vivis
963 1077 993 1103 et
1017 1072 1152 1103 mortuis

189 1118 337 1149 sufficiat.
382 1117 476 1148 Unus
499 1117 539 1147 sit
562 1121 670 1147 nostra
694 1116 781 1147 salus
805 1120 835 1147 et
861 1116 899 1147 ad
924 1115 1012 1146 illam
1038 1116 1098 1146 via.

274 1161 377 1191 Porro
387 1158 520 1191 Saulem
536 1159 650 1199 aliquis
664 1159 783 1190 dixerit
806 1159 939 1200 gravius
963 1158 1016 1189 hic
1040 1168 1058 1188 a
1080 1157 1151 1188 Deo

189 1203 297 1244 puniri
328 1212 424 1242 quam
448 1202 582 1232 meritus
606 1201 761 1239 videatur,
793 1202 876 1242 quod
900 1211 1000 1241 quum
1025 1200 1152 1232 divinos

190 1250 223 1277 et
245 1247 462 1277 incantatores
480 1255 497 1275 e
517 1248 603 1275 terra
625 1245 714 1275 iuxta
726 1244 787 1275 Dei
811 1248 1017 1284 praeceptum
1043 1247 1151 1274 sustu·

189 1288 287 1326 lisset,
319 1286 570 1318 misericordiam
601 1287 713 1318 saltem
739 1298 756 1318 a
779 1286 850 1318 Deo
873 1286 1023 1326 consequi
1047 1296 1150 1316 mere—

189 1335 286 1368 retur,
310 1336 346 1360 ut
369 1340 425 1370 pro
449 1330 624 1360 benefactis
644 1330 732 1360 Deus
756 1329 802 1360 illi
826 1339 915 1360 suam
940 1329 1079 1369 gratiam
1099 1339 1150 1359 re-

187 1373 351 1414 penderet.
404 1371 469 1403 Sed
498 1372 837 1409 animadvertendum,
872 1382 937 1403 non
971 1382 1040 1402 esse
1071 1371 1150 1402 satis

186 1415 268 1447 bene
310 1415 449 1455 aliquem
490 1415 630 1454 coepisse
664 1415 727 1445 nisi
761 1415 799 1445 ad
835 1419 1016 1446 extremum
1050 1423 1150 1454 usque

187 1458 378 1499 perrexerit.
408 1457 498 1488 Bene
520 1457 628 1498 itaque
651 1462 799 1498 coeperat
823 1457 902 1489 Saul
927 1457 1150 1488 exterminans

188 1500 314 1533 divinos
336 1505 367 1531 et
386 1500 602 1531 incantatores
621 1511 659 1531 ex
679 1500 810 1538 Iudaea,
834 1500 888 1531 sed
908 1510 974 1530 non
995 1500 1056 1530 fuit
1079 1499 1150 1530 diu-

188 1547 306 1574 turnus
329 1542 414 1573 zelus
437 1543 556 1583 ipsius:
580 1542 839 1583 quandoquidem
863 1553 964 1583 paene
987 1546 1150 1573 momento

189 1586 228 1617 ad
247 1585 417 1626 Pythones
435 1596 585 1617 reversus
608 1590 665 1622 est,
689 1596 768 1626 quos
791 1590 886 1617 antea
909 1584 1149 1621 exterminavit,

188 1628 235 1659 ita
257 1632 294 1659 ut
311 1638 384 1660 cum
404 1627 474 1659 Deo
494 1633 524 1659 et
546 1628 674 1668 impuro
697 1629 810 1669 spiritu
833 1628 958 1660 cultum
980 1627 1149 1668 partiatur.

188 1670 289 1711 Atqui
327 1681 386 1702 nos
415 1676 535 1702 rectam
559 1671 645 1702 viam
668 1675 795 1711 oportet
818 1671 966 1702 insistere
989 1680 1149 1710 nusquam

189 1724 292 1754 neque
328 1713 368 1745 ad
398 1713 523 1745 laevam
554 1724 656 1753 neque
685 1714 724 1745 ad
754 1713 901 1744 dextram
932 1713 1148 1745 deflectantes.

188 1756 361 1788 Caeterum
393 1755 468 1787 hinc
502 1757 597 1787 etiam
632 1756 884 1797 observandum,
922 1757 1034 1796 positis
1075 1755 1150 1786 licet

187 1799 280 1830 bonis
309 1799 448 1840 legibus,
487 1809 650 1839 nunquam
687 1803 794 1830 tamen
825 1799 973 1830 homines
1002 1799 1046 1830 sic
1076 1798 1149 1829 illas

187 1841 359 1873 observare
382 1841 458 1881 quin
483 1841 597 1882 aliquis
621 1852 746 1883 semper
768 1842 855 1873 inter
877 1852 930 1873 eos
952 1841 1069 1873 abusus
1094 1840 1150 1871 ob-

188 1884 299 1915 tineat.
336 1884 487 1924 Exempli
510 1884 623 1925 gratia,
648 1883 727 1916 Saul
750 1885 783 1916 in
807 1890 873 1916 tota
896 1884 1016 1915 Iudaea
1039 1883 1148 1924 prohi-

186 1927 259 1959 buit
287 1926 327 1957 ad
350 1926 478 1958 divinos
501 1933 555 1958 aut
579 1927 796 1959 incantatores
819 1927 1001 1968 confugere,
1025 1932 1056 1958 et
1080 1926 1147 1966 qui-

187 1968 260 2001 dem
273 1970 432 2001 veneficos
445 1976 478 2000 et
490 1971 648 2002 veneficas
667 1971 761 2002 iussit
784 1970 881 2001 etiam
905 1975 1008 2001 morte
1032 1969 1148 2009 puniri,

187 2017 224 2043 ut
255 2011 403 2043 videatur
432 2017 497 2043 tam
527 2013 697 2053 flagitiosis
727 2013 912 2044 hominibus
943 2018 1029 2043 terra
1052 2012 1150 2043 fuisse

189 2059 379 2096 repurgata:
416 2054 472 2085 sed
502 2061 612 2086 tamen
640 2055 771 2095 ipsimet
800 2055 940 2086 ministri
970 2058 1150 2096 suggerunt

189 2098 251 2138 ipsi
274 2108 342 2128 esse
365 2098 399 2128 in
422 2097 535 2128 Endor
558 2098 719 2138 quandam
744 2097 987 2138 Pythonissam.
1018 2097 1149 2138 Annon,

187 2140 327 2178 obsecro,
350 2140 570 2172 ministrorum
585 2141 671 2181 regis
695 2141 834 2172 officium
859 2145 928 2171 erat
950 2141 1054 2180 legem
1078 2140 1150 2171 dili-

188 2186 302 2223 genter
332 2183 504 2214 observare
533 2188 565 2214 et
596 2183 750 2214 adversus
773 2193 842 2214 eam
865 2182 1086 2223 delinquentes
1110 2182 1149 2214 ad

188 2235 298 2265 regem
310 2224 457 2256 deferre?
482 2225 652 2265 Quomodo
673 2226 773 2267 igitur
793 2226 933 2257 ministri
953 2225 1000 2256 illi
1020 2225 1149 2266 publici,

189 2268 245 2308 qui
268 2267 348 2305 legis
372 2268 576 2299 autoritatem
601 2268 684 2300 tueri
709 2268 877 2306 debebant,
906 2269 1084 2300 veneficam
1109 2268 1149 2299 il-

187 2310 253 2341 lam
265 2309 498 2350 Pythonissam
512 2311 681 2342 tulerunt?
706 2310 760 2343 Sic
780 2321 856 2342 sane
880 2311 982 2342 solent
1006 2311 1148 2351 plerum-

187 2363 249 2393 que
262 2352 433 2383 autoritate
451 2353 609 2393 pollentes
628 2354 667 2385 ad
684 2354 867 2385 istiusmodi
880 2354 960 2385 vitia
978 2354 1148 2392 caecutire,

187 2401 219 2427 et
242 2395 316 2426 licet
335 2406 390 2425 ore
408 2406 442 2426 se
464 2396 677 2435 profiteantur
690 2396 753 2427 Dei
776 2397 912 2437 gloriam
937 2400 968 2427 et
991 2396 1149 2427 honorem

187 2448 246 2479 pro
260 2437 382 2468 viribus
396 2448 583 2477 promovere
602 2439 696 2478 velle,
719 2439 893 2480 populique
916 2439 1052 2470 salutem
1076 2450 1149 2479 pro-

186 2491 310 2521 curare,
330 2491 364 2511 re
377 2480 446 2520 ipsa
460 2485 566 2512 tamen
581 2481 705 2513 vultum
719 2482 886 2513 simulasse
898 2481 1148 2522 comperiantur,

187 2528 219 2555 et
253 2522 293 2554 ad
325 2523 405 2554 vitia
439 2524 610 2555 manifesta
643 2524 812 2565 caligasse,
847 2529 878 2555 et
913 2525 945 2555 in
976 2530 1148 2564 utramque

187 2571 312 2606 partem
332 2566 516 2597 fluctuasse.
543 2566 606 2598 Hic
629 2566 718 2598 locus
740 2567 841 2608 igitur
863 2566 1015 2598 admonet
1037 2577 1148 2598 omnes

188 2618 242 2640 eos
273 2608 326 2648 qui
357 2608 396 2639 ad
427 2619 534 2640 rerum
567 2609 787 2649 gubernacula
809 2609 931 2647 sedent,
958 2616 993 2640 ut
1017 2609 1148 2641 videant

187 2662 229 2683 ne
251 2650 402 2682 simulate
425 2662 493 2683 sese
517 2652 549 2682 in
573 2651 636 2682 Dei
659 2652 789 2693 negotio
812 2656 941 2692 gerant:
961 2653 1015 2683 sed
1040 2652 1147 2692 potius

802 216 850 247 IN
873 216 900 246 Ι.
923 215 1011 246 LIB.
1035 213 1232 245 SAMUEL.
1258 213 1355 246 CAP.
1375 215 1539 246 XXVIII.
2097 211 2160 241 634

1176 307 1331 338 wandalo
1350 308 1456 338 omnia
1477 308 1712 348 administrent,
1736 318 1775 338 nc
1800 307 1932 348 spiritus
1956 305 2055 336 divini
2080 315 2153 335 sen-

1176 332 1295 380 itcvria
1321 350 1512 380 iudicentur.
1547 350 1827 389 wanadnmdum
1852 350 1936 380 enim
1963 348 2070 380 Saulis
2094 348 2151 377 mi-

1198 392 1290 422 nistri
1322 398 1475 423 notantur
1508 393 1615 423 diviua
1647 394 1807 423 sententia
1839 393 1883 424 sic
1914 399 1943 423 et
1975 392 2052 422 istos
2076 390 2151 420 olim

1198 435 1266 465 Deo
1299 435 1453 465 rationem
1486 446 1552 465 esse
1584 436 1764 466 reddituros
1795 440 1915 466 certum
1941 440 1997 465 est.
2044 432 2153 472 Quare

1197 477 1282 507 enim
1303 479 1424 518 positae
1448 483 1521 508 sunt
1543 478 1638 518 leges,
1662 479 1721 508 nisi
1746 484 1781 508 ut
1805 478 1842 508 ad
1868 477 2021 508 amussim
2045 475 2152 506 obser-

1198 519 1338 550 ventur?
1386 520 1452 550 Nae
1484 531 1627 551 summus
1649 520 1709 550 Dei
1738 524 1939 560 contemptus
1960 524 2007 550 cst
2031 519 2151 558 positas

1197 562 1283 601 leges
1307 562 1497 601 abrumpere
1521 568 1551 593 et
1575 563 1705 593 violare.
1730 563 1875 593 Profecto
1899 563 1952 602 qui
1976 562 2035 592 iuri
2061 571 2151 601 prae-

1178 596 1270 635 lfecti
1301 610 1385 642 sunt,
1417 605 1492 635 dare
1511 616 1639 644 operam
1665 605 1779 636 debent
1805 612 1839 635 ut
1863 605 1989 644 ipsimet
2014 604 2076 634 sint
2100 603 2152 634 lex

1197 646 1320 687 populis
1350 646 1465 686 quib··.s
1496 647 1661 678 nulladum
1695 648 1745 678 lex
1770 648 1930 688 proposita
1955 651 2012 677 est.
2042 645 2104 676 Sed
2125 645 2151 676 si

1198 690 1318 730 positae
1338 695 1413 720 sunt
1437 690 1522 730 leges
1547 691 1584 720 acl
1610 690 1653 720 rei
1678 691 1822 730 publicae
1842 690 1891 721 vel
1916 689 2055 730 regionis
2075 698 2150 719 con-

1197 732 1423 769 servationem,
1453 743 1492 763 ne
1516 733 1570 772 pili
1593 733 1718 772 quidem
1744 732 1905 763 faciendae
1927 736 2002 763 sunt
2026 731 2086 762 nisi
2111 730 2151 761 ad

1198 775 1353 805 amussim
1386 775 1604 805 observentur.
1652 774 1817 806 Summam
1850 775 1934 805 enim
1966 773 2152 805 confusione

1198 817 1309 848 invehi
1331 828 1461 848 necesse
1481 823 1527 847 est
1552 819 1584 848 in
1609 817 1802 857 respublicas
1826 822 1879 847 aut
1903 827 2012 857 regna,
2035 817 2067 846 in
2087 816 2153 855 qui-

1195 860 1254 890 bus
1264 860 1473 900 magistratus
1487 872 1549 890 non
1564 860 1726 896 timentur,
1748 866 1801 890 aut
1822 860 1859 890 ad
1875 860 1952 890 vitia
1968 859 2149 890 connivent.

1198 902 1262 933 Sed
1292 903 1442 942 quoniam
1473 903 1525 933 isti
1556 902 1702 934 homines
1725 902 1785 933 Dei
1817 903 1944 933 nomine
1975 902 2152 932 abutuntur

1198 945 1236 975 ad
1254 955 1343 975 suam
1364 945 1599 985 turpitudinem
1623 945 1852 979 occultandam,
1877 944 1945 975 ideo
1970 955 2047 984 quas
2071 943 2152 974 tule-

1197 987 1261 1017 rint
1299 988 1385 1028 lcges
1424 987 1579 1018 adversus
1610 999 1642 1018 se
1670 988 1755 1028 ipsos
1787 987 1904 1027 positas
1935 986 2152 1027 experientur,

1196 1030 1307 1070 Neque
1344 1041 1419 1061 vero
1451 1034 1576 1061 tantum
1601 1030 1679 1061 haec
1710 1029 1748 1060 ad
1777 1030 1895 1061 iudices
1925 1036 1955 1060 et
1979 1029 2147 1069 primarios

1197 1073 1380 1103 autoritatis
1412 1073 1495 1103 viros
1525 1073 1702 1112 pertinent,
1734 1072 1787 1103 sed
1820 1073 1914 1102 etiam
1946 1071 1984 1102 ad
2008 1071 2150 1111 ipsorum

1196 1115 1374 1153 ministros,
1406 1119 1438 1145 et
1468 1115 1507 1146 ad
1538 1126 1648 1146 omncs
1678 1114 1811 1154 denique
1843 1115 1939 1154 cives,
1970 1124 2048 1154 quos
2071 1114 2150 1145 scire

1196 1162 1321 1198 oportet
1354 1158 1462 1189 Deum
1503 1158 1640 1188 latarum
1671 1158 1775 1197 logum
1807 1157 1939 1188 abusum
1968 1167 2031 1187 non
2065 1155 2150 1186 inul-

1196 1205 1264 1231 tum
1289 1201 1487 1232 relicturum.
1511 1201 1612 1231 Porro
1636 1200 1766 1230 minime
1790 1199 1996 1230 metuendum
2021 1204 2077 1235 est,
2110 1209 2150 1229 ne

1196 1243 1294 1274 nimia
1328 1244 1369 1274 sit
1402 1244 1434 1273 in
1466 1243 1594 1273 iudiciis
1623 1243 1785 1280 severitas,
1819 1253 1915 1282 quum
1947 1241 2154 1281 reprimenda

1196 1291 1270 1317 sunt
1284 1286 1442 1317 maleficia
1454 1286 1493 1316 ad
1513 1296 1593 1325 quae
1618 1291 1731 1316 natura
1754 1295 1862 1315 omnes
1886 1290 1960 1315 sunt
1985 1284 2154 1324 proclives.

1204 1328 1282 1360 Saul
1320 1329 1417 1369 igitur
1451 1329 1512 1359 hoc
1545 1328 1613 1359 loco
1647 1328 1691 1359 sic
1720 1327 1961 1358 commendatur
1991 1337 2007 1356 a
2039 1326 2154 1366 spiritu

1203 1376 1323 1408 sancto,
1354 1370 1436 1411 quod
1467 1372 1624 1402 veneficos
1655 1377 1684 1401 et
1715 1370 1840 1400 divinos
1864 1369 2096 1406 exterminarit,
2119 1374 2154 1398 ut

1202 1414 1332 1445 interim
1362 1414 1424 1444 alia
1447 1424 1486 1445 ex
1510 1418 1598 1453 parte
1622 1413 1852 1444 condemnetur
1875 1423 1946 1442 cum
1971 1412 2036 1442 suis
2059 1411 2154 1441 mini-

1203 1458 1288 1496 stris,
1312 1456 1394 1497 quod
1419 1456 1648 1497 Pythonissam
1673 1455 1816 1493 tulerint,
1848 1454 1886 1485 ad
1910 1455 2000 1485 cuius
2024 1453 2154 1484 oracula

1203 1500 1298 1530 multi
1329 1498 1565 1539 confugiebant,
1595 1498 1677 1538 quod
1707 1508 1769 1528 non
1793 1498 1862 1528 sine
1886 1507 2010 1528 summo
2033 1496 2153 1537 flagitio

1202 1543 1270 1573 fieri
1294 1546 1429 1582 poterat,
1455 1552 1553 1582 quum
1578 1541 1705 1581 impune
1728 1540 1766 1570 ad
1790 1540 1876 1570 illam
1901 1539 1996 1570 multi
2020 1549 2152 1570 concur-

1202 1590 1319 1616 rerent.

1286 1627 1388 1658 Porro
1411 1626 1492 1666 quod
1517 1626 1593 1658 Saul
1618 1625 1792 1656 Dominum
1817 1624 1986 1661 consuluit,
2018 1623 2151 1664 dignum

1201 1669 1295 1702 laude
1318 1669 1445 1710 quidem
1469 1669 1545 1700 fuit:
1573 1669 1655 1708 quod
1681 1678 1754 1698 vero
1778 1668 1866 1698 Deus
1891 1677 1953 1697 non
1977 1665 2152 1706 respondit,

1201 1713 1286 1744 iusta
1299 1713 1359 1744 fuit
1371 1712 1496 1753 punitio
1515 1715 1714 1752 peccatorum
1729 1720 1808 1749 quae
1822 1714 1915 1740 antea
1938 1709 2151 1749 commiserat,

1201 1755 1254 1787 sed
1280 1756 1313 1786 in
1338 1755 1450 1796 primis
1473 1753 1703 1786 consideranda
1725 1753 1779 1783 illa
1803 1752 1898 1783 verba
1922 1756 2006 1789 sunt,
2039 1751 2153 1791 quibus

1201 1798 1318 1829 dicitur
1330 1798 1409 1829 Saul
1430 1798 1606 1837 conspectis
1624 1795 1899 1827 Philisthaeorum
1922 1794 2035 1825 castris
2059 1793 2153 1824 vehe-

1201 1845 1327 1872 menter
1358 1841 1514 1877 timuisse,
1546 1844 1576 1870 et
1600 1839 1768 1879 expavisse
1792 1847 1844 1868 cor
1867 1837 1935 1868 eius
1959 1836 2065 1867 nimis.
2100 1835 2152 1866 Ti-

1200 1894 1288 1914 mere
1317 1884 1403 1914 enim
1434 1883 1538 1923 potius
1568 1882 1621 1912 ille
1644 1880 1780 1921 quidem,
1804 1879 1857 1910 sed
1882 1889 1946 1910 non
1970 1883 2075 1909 tamen
2101 1888 2154 1909 ex-

1201 1937 1370 1967 pavescere
1401 1925 1519 1957 debuit.
1564 1924 1649 1963 Quid
1679 1923 1747 1954 ita‘?
1793 1922 1916 1962 Nempe
1946 1921 2067 1952 iustum
2091 1921 2152 1952 Dei

1201 1969 1356 2001 iudicium
1388 1975 1434 1999 est
1464 1969 1497 1998 in
1527 1967 1614 1998 verbi
1643 1966 1690 1998 sui
1721 1970 1955 2004 contemptores
1978 1974 2078 2004 pavor
2100 1963 2154 1995 ille

1200 2016 1232 2042 et
1245 2011 1426 2052 trepidatio,
1450 2012 1553 2050 utqui
1567 2010 1671 2040 Deum
1692 2019 1756 2038 non
1775 2008 1900 2043 timent,
1924 2007 1971 2037 illi
1991 2006 2149 2043 homines,

1201 2055 1265 2085 imo
1305 2054 1452 2085 umbram
1493 2063 1582 2084 suam
1617 2055 1846 2091 expavescant:
1887 2048 1964 2081 Saul
1999 2048 2154 2079 adversus

1201 2097 1306 2128 Deum
1339 2097 1450 2128 insana
1480 2095 1614 2136 quadam
1646 2093 1831 2134 arrogantia
1861 2103 1933 2123 cum
1964 2090 2154 2122 crudelitate

1202 2140 1370 2171 coniuncta
1405 2139 1623 2170 insurrexerat
1652 2142 1683 2167 et
1713 2135 1862 2167 cornibus
1892 2135 1997 2174 ipsum
2027 2134 2152 2164 coelum

1201 2187 1318 2222 petere,
1344 2182 1484 2222 Deoque,
1516 2180 1616 2211 veluti
1640 2179 1758 2210 bellum
1782 2177 1901 2208 inferre
1924 2177 2014 2207 visus
2037 2175 2152 2207 fuerat.

1201 2225 1295 2256 Nunc
1325 2225 1424 2266 igitur
1452 2224 1540 2254 illum
1573 2227 1699 2263 oportet
1722 2221 1812 2252 istius
1837 2219 2038 2259 arrogantiae
2061 2229 2153 2258 prae-

1200 2268 1301 2299 mium
1331 2267 1465 2304 auferre,
1497 2271 1527 2296 et
1557 2264 1734 2305 conspectis
1762 2262 1906 2293 hostibus
1930 2271 2152 2302 expavescere.

1200 2310 1359 2351 Equidem
1377 2310 1478 2340 fateor
1497 2307 1606 2339 fideles
1626 2307 1663 2337 ad
1683 2305 1899 2346 periculorum
1923 2305 2048 2335 obiecta
2068 2313 2153 2334 com-

1200 2353 1339 2390 moveri,
1370 2350 1624 2392 quandoquidem
1648 2349 1718 2390 [non
1750 2352 1824 2378 sunt
1855 2346 2066 2379 insensibiles.
2097 2345 2152 2377 sed

1200 2400 1320 2426 metum
1344 2395 1485 2435 ipsorum
1504 2393 1592 2423 Deus
1616 2393 1659 2423 ita
1682 2395 1846 2430 temperat,
1868 2395 1905 2420 ut
1927 2390 1960 2419 in
1984 2389 2054 2429 ipso
2078 2399 2152 2419 eon—

1200 2439 1383 2478 quiescant,
1419 2442 1503 2468 certo
1533 2434 1676 2476 persuasi
1705 2443 1868 2473 nunquam
1898 2431 1976 2472 ipsis
2005 2430 2152 2461 divinum

1200 2480 1357 2511 auxilium
1390 2479 1581 2514 defuturum,
1612 2476 1743 2516 ideoque
1767 2485 1862 2515 seque
1884 2484 1997 2514 resque
2019 2483 2096 2505 suas
2117 2473 2153 2504 in

1199 2523 1300 2564 ipsius
1335 2522 1484 2553 manibus
1515 2524 1682 2560 reponunt.
1734 2518 1786 2548 En
1817 2528 1879 2557 qua
1910 2516 2034 2547 ratione
2064 2515 2152 2547 Deus

1199 2575 1367 2597 servorum
1387 2568 1506 2595 metum
1526 2562 1660 2602 mitigat,
1685 2564 1715 2592 et
1733 2561 1766 2591 in
1789 2560 1902 2591 mediis
1926 2557 2152 2590 afflictionibus

1200 2613 1233 2639 et
1256 2606 1499 2638 difficultatibus
1519 2614 1662 2635 summae
1686 2602 1912 2635 consolationis
1938 2606 1970 2632 et
1993 2601 2151 2640 tranquil-

1200 2651 1300 2682 litatis
1324 2654 1546 2691 argumentum
1571 2647 1648 2686 ipsis
1671 2645 1855 2686 suppeditat
1877 2645 1910 2676 in
1928 2644 1998 2674 Deo
2021 2653 2152 2683 speran-
