2551 3044
431 222 493 256 539

430 330 498 360 erqo
527 319 733 350 adscendisset
760 319 886 350 asinum
917 321 942 349 et
971 319 1162 350 descenderet
1189 319 1232 350 ad
1260 319 1398 350 radicem

429 363 550 400 nnontis,
576 361 682 392 David
711 364 738 392 et
768 361 829 392 riri
859 361 927 392 eius
949 361 1165 392 descendebant
1187 362 1218 392 in
1240 371 1398 393 occursum

429 406 506 443 eius,
528 403 640 444 quibus
663 406 690 434 et
712 404 767 435 illa
791 404 931 435 occurrit.
960 403 1011 435 21.
1035 404 1077 435 Et
1100 405 1144 435 ait
1167 403 1292 436 David.-
1324 404 1399 435 Vere

426 448 546 487 frustra
576 447 698 478 servavi
727 457 806 487 quac
835 446 929 477 leuius
958 450 1046 478 erant
1074 447 1108 478 in
1132 447 1258 484 deserto,
1289 450 1315 478 et
1339 457 1398 478 non

424 490 522 531 periit
551 489 721 529 quidquam
744 490 779 520 cle
802 490 918 521 cunctis
940 500 1022 529 quae
1044 490 1086 521 acl
1108 500 1178 520 eum
1194 484 1423 530 pertinebant,

428 536 454 562 e!
484 532 619 563 reddidit
648 532 725 563 mihi
752 532 871 563 malum
895 542 955 572 pro
984 532 1068 564 bono.

425 663 541 702 yentem
572 661 614 692 ad
638 661 799 700 parietem.
844 660 894 692 23.
923 660 1024 700 Quum
1041 664 1145 692 autem
1166 661 1292 692 vidisset
1315 659 1393 690 Abi-

426 703 495 744 9nil
506 703 624 741 David,
645 703 813 742 festinavit.
837 706 863 734 et
874 704 1029 735 descendit
1047 704 1084 735 de
1103 705 1199 739 asine,
1220 706 1246 734 et
1261 703 1395 742 procidit
1418 697 1421 714 ³

427 757 530 778 coram
553 746 662 778 David
691 756 784 786 super
811 746 923 785 facicm
954 757 1046 778 suam
1074 750 1099 777 e!
1129 746 1271 777 adorat-it
1300 755 1394 784 super

427 793 551 821 terram.
597 788 647 820 24.
672 788 715 820 Et
742 789 849 820 cecidit
878 789 920 821 ad
942 789 1040 829 pedes
1070 790 1146 829 eius,
1177 791 1202 819 et
1232 787 1330 818 dixit.-
1352 787 1393 818 In

426 842 472 863 me
501 833 550 869 sit,
580 832 702 863 domine
732 832 784 868 mi,
814 831 885 864 baec
914 832 1075 872 iniquitas,
1103 833 1247 871 loquatur
1275 830 1394 861 obsecro

425 874 539 906 ancilla
570 877 623 905 tua
657 875 688 905 in
717 874 850 906 auribus
879 875 959 914 tuis,
988 878 1015 906 et
1044 875 1121 906 audi
1146 874 1233 904 verba
1254 872 1393 912 famulae

425 920 504 949 tuae.
561 917 611 948 25.
648 917 696 948 Nc
724 920 831 956 ponat,
867 927 930 954 oro,
965 918 1110 949 dominus
1142 926 1229 947 meus
1258 926 1312 947 ret·
1340 925 1393 947 cor

424 970 517 991 sumn
534 970 630 999 super
648 961 750 991 virum
772 960 867 991 istum
888 961 1029 999 iniquam
1054 959 1165 998 Nabal,
1189 959 1264 999 quia
1286 968 1392 990 secun-

425 1003 499 1034 dum
526 1013 633 1033 nomen
662 1013 756 1034 suum
777 1003 890 1034 stultus
911 1005 962 1040 est,
993 1006 1020 1034 et
1041 1002 1175 1034 stultitia
1196 1004 1240 1033 est
1261 1011 1329 1033 cum
1351 1010 1391 1032 ee.

428 1045 497 1086 Eyo
525 1048 626 1076 autem
649 1045 764 1077 ancilla
789 1049 843 1077 tua
865 1056 925 1077 non
948 1046 1013 1077 vidi
1032 1055 1150 1084 pueros
1172 1047 1248 1085 tuos,
1272 1044 1393 1075 domine

426 1089 479 1125 mi,
509 1098 586 1128 quos
615 1089 740 1120 misisti.
786 1089 836 1119 26.
864 1088 953 1119 Nunc
983 1098 1062 1128 erqo,
1091 1088 1211 1119 domine
1233 1087 1287 1125 nn}
1318 1087 1394 1117 vivit

425 1131 593 1170 Dominus,
627 1133 653 1162 et
682 1131 758 1163 civit
789 1132 898 1162 anima
931 1134 986 1162 tua
1019 1131 1075 1170 qui
1102 1130 1265 1170 prohibuit
1298 1132 1324 1160 te
1356 1139 1393 1160 ne

425 1174 546 1205 venires
575 1175 606 1205 in
630 1174 824 1214 sanquinem,
855 1176 882 1205 et
904 1174 1037 1205 salvavit
1057 1183 1185 1205 manum
1207 1176 1302 1211 tuam,
1325 1172 1391 1209 tibi,

425 1220 452 1248 et
470 1227 552 1248 nunc
571 1216 651 1256 fiant
673 1218 753 1248 sicut
768 1216 873 1248 Nabal
895 1217 1016 1248 inimici
1038 1217 1092 1253 tui,
1116 1219 1142 1247 et
1164 1217 1217 1255 qui
1241 1217 1393 1255 quaerunt

425 1260 546 1291 domino
580 1270 644 1291 meo
677 1260 802 1290 malum.
850 1259 901 1290 ⁴27.
934 1260 1127 1298 Quapropter
1153 1259 1276 1297 suscipe
1305 1257 1392 1288 beno—

424 1302 585 1334 diclionem
612 1302 690 1333 hanc
718 1312 811 1342 quam
833 1302 936 1333 attulit
958 1302 1071 1333 ancilla
1095 1301 1150 1333 tibi
1173 1301 1295 1332 domino
1317 1311 1389 1340 meo,

428 1348 454 1376 et
492 1346 533 1377 da
572 1345 681 1385 pueris
721 1346 775 1384 qui
816 1347 990 1384 sequuntur
1028 1347 1055 1376 te
1085 1344 1247 1375 dominum
1280 1353 1389 1374 meum.

427 1388 478 1419 28.
512 1389 614 1422 Aufer
645 1388 837 1427 iniquitatem
869 1387 1010 1427 famulae
1042 1390 1127 1418 tuae:
1158 1387 1276 1425 faciens
1311 1387 1391 1417 enim

423 1431 515 1470 faciet
537 1431 692 1463 Dominus
714 1431 771 1461 tibi
793 1431 915 1461 domino
938 1440 1000 1461 meo
1021 1430 1145 1461 domum
1165 1430 1297 1468 fidelem.

511 1516 584 1555 Quo
604 1516 758 1546 maiorem
784 1515 900 1555 aliquis
924 1515 1114 1556 dignitatem
1139 1515 1308 1555 ademptus
1331 1519 1390 1554 est,

425 1564 458 1590 ct
481 1559 519 1590 ad
546 1557 681 1599 gradum
705 1559 902 1598 superiorem
927 1563 1066 1596 evectus,
1090 1569 1126 1589 eo
1150 1557 1389 1598 prudentiorem

426 1612 495 1633 csse
518 1606 642 1641 oportet
665 1601 699 1631 in
724 1601 760 1631 iis
783 1601 932 1641 regendis
956 1601 1009 1640 qui
1034 1602 1093 1641 ipsi
1117 1601 1279 1632 commissi
1303 1606 1389 1631 sunt.

427 1644 572 1675 Naturae
603 1644 688 1674 enim
719 1644 915 1674 contrarium
946 1649 994 1674 est
1029 1651 1061 1674 et
1084 1654 1270 1691 repugnans
1293 1648 1391 1682 caput

426 1697 491 1717 non
526 1696 617 1726 posse
652 1686 814 1717 residuum
845 1697 960 1735 corpus
992 1697 1120 1726 regere.
1159 1687 1184 1717 si
1212 1686 1282 1725 quis
1313 1696 1390 1716 vero

425 1729 597 1770 prudentia
627 1733 723 1765 caret,
757 1734 787 1759 et
811 1729 934 1759 ratione
957 1728 997 1759 ad
1020 1740 1073 1759 cos
1097 1728 1253 1769 regendos
1276 1728 1392 1768 quibus

426 1777 562 1812 praeest,
587 1770 734 1812 precibus
757 1771 796 1802 ad
810 1772 917 1802 Deum
941 1772 1056 1811 consu„
1049 1772 1113 1807 iat,
1138 1783 1156 1802 a.
1178 1781 1241 1811 quo
1264 1771 1295 1802 in
1321 1781 1391 1801 cam

427 1815 616 1855 dignitatem
651 1819 780 1845 evectus
815 1821 871 1846 est.
924 1814 1008 1845 Nam
1043 1825 1060 1845 a
1091 1815 1157 1845 solo
1187 1814 1248 1844 Dei
1276 1814 1391 1853 spiritu

427 1858 547 1889 scimus
573 1856 785 1888 hauriendam
808 1862 961 1897 tanquam
986 1867 1004 1888 a
1028 1857 1116 1888 fonte
1139 1862 1172 1887 et
1195 1857 1391 1896 scaturigine

427 1907 570 1932 nostram
602 1910 728 1930 omnem
761 1900 998 1931 sufficientiam.
1053 1899 1123 1931 Hoc
1153 1899 1284 1935 adduco,
1316 1909 1391 1939 quo-

427 1943 516 1974 niam
546 1943 577 1974 in
609 1942 670 1973 hoc
701 1947 854 1973 context-u
886 1943 977 1973 nobis
1008 1942 1198 1983 proponitur
1230 1942 1330 1973 Nabal
1360 1948 1391 1972 et

427 1986 518 2017 dives
537 1991 569 2017 et
588 1985 728 2025 amplam
751 1984 872 2016 habens
897 1985 1067 2016 familiam:
1091 1984 1145 2016 scd
1171 1992 1276 2015 tamen
1301 1986 1391 2015 cuius

427 2039 511 2059 uxor
541 2035 571 2059 et
602 2038 703 2068 aequa
733 2034 765 2059 et
795 2029 936 2068 prudens
965 2027 1072 2065 fuerit,
1104 2029 1170 2068 ipse
1194 2037 1271 2058 vero
1295 2027 1390 2058 homo

426 2082 548 2112 pravus
579 2076 610 2102 et
641 2071 781 2111 iniquus.
827 2071 924 2101 Illum
957 2071 1056 2111 igitur
1086 2082 1104 2102 a
1128 2071 1196 2101 Deo
1219 2070 1390 2110 opprobrio

425 2121 458 2145 et
493 2114 668 2155 ignominia
702 2114 869 2152 obrutum,
905 2118 937 2144 et
969 2114 1002 2144 in
1037 2114 1163 2144 theatro
1197 2113 1388 2144 collocatum

426 2156 580 2191 videmus.
612 2164 646 2187 ut
678 2167 714 2187 eo
744 2157 847 2187 maior
878 2157 920 2187 sit-
943 2157 1010 2187 eius
1036 2156 1220 2197 ignominia,
1243 2166 1305 2195 quo
1329 2155 1389 2185 fuit

425 2200 623 2239 locupletior.
668 2199 799 2230 Interea
829 2204 950 2239 tamen,
980 2199 1149 2230 stultitiam
1177 2205 1208 2229 et
1232 2198 1389 2229 malitiam

426 2254 516 2273 suam
531 2243 596 2279 alit,
617 2247 648 2272 ct
660 2242 810 2282 quamvis
831 2241 965 2280 bulluae,
986 2248 1021 2272 ut
1040 2243 1085 2273 ita
1106 2241 1218 2278 dicam,
1240 2248 1388 2272 naturam

427 2286 577 2323 induerit,
601 2292 633 2315 et
652 2284 750 2316 hebes
771 2285 811 2315 sit
836 2296 871 2316 ac
896 2285 1012 2322 fatuus,
1038 2284 1158 2315 nullius
1182 2289 1291 2315 tamen
1315 2294 1388 2315 con-

426 2329 498 2360 silio
511 2338 623 2368 parere
636 2328 750 2368 potuit.
776 2328 970 2358 Extremum
990 2338 1065 2358 san(
1085 2326 1169 2358 istud
1191 2332 1238 2358 est
1256 2326 1388 2363 malum,

425 2372 549 2412 quoties
568 2370 685 2410 aliquis
706 2370 807 2402 fictas
826 2371 885 2402 sibi
905 2370 1140 2401 admonitiones
1160 2376 1192 2400 et
1214 2369 1388 2417 reprehen-

426 2415 533 2445 siones
552 2413 696 2453 despicit.
720 2413 790 2444 Nae
808 2414 860 2453 qui
881 2424 914 2444 se
933 2414 1037 2454 ipsum
1059 2414 1139 2444 bene
1158 2423 1268 2453 regere
1288 2412 1388 2449 novit,

427 2457 545 2497 dignus
576 2461 623 2487 cst
653 2456 706 2496 qui
737 2455 808 2487 aliis
838 2456 1021 2496 praecellat,
1051 2455 1106 2487 sed
1131 2455 1156 2486 si
1179 2460 1291 2486 contra
1314 2465 1388 2495 pru-

427 2499 537 2530 dentia
561 2499 766 2535 destituatur,
789 2498 932 2530 modeste
956 2504 1065 2530 tamen
1091 2499 1129 2529 de
1152 2508 1185 2529 se
1208 2498 1335 2536 sentiat,
1358 2504 1389 2528 et

425 2553 489 2573 non
524 2553 581 2572 suo
617 2542 708 2579 genio
742 2541 837 2579 fidat,
879 2542 950 2581 plus
984 2552 1017 2572 se
1053 2541 1236 2572 videntibus
1269 2541 1388 2576 credat,

427 2585 567 2625 speciem
608 2594 676 2615 esse
719 2583 908 2624 prudentiae
950 2585 1064 2615 morito
1104 2584 1290 2615 dixerimus.
1346 2583 1389 2614 Et

414 2634 548 2665 ,cuntra,
580 2634 614 2657 ut
645 2627 720 2664 dixi,
751 2627 803 2667 qui
829 2637 931 2667 neque
954 2638 987 2658 se
1013 2627 1111 2665 novit,
1143 2637 1245 2666 neque
1268 2625 1389 2657 iudicat

428 2670 466 2701 do
496 2671 591 2701 rebus
621 2669 755 2708 sincere,
789 2674 821 2700 et
850 2676 957 2701 tamen
984 2669 1162 2701 obduratur
1192 2670 1223 2700 in
1255 2669 1386 2705 malitia,

1292 225 1493 256 HOMILIA
1517 226 1588 257 XC.

1111 533 1162 564 22.
1191 532 1278 564 Haec
1314 533 1397 563 aciat
1422 552 1423 558 ι

429 575 518 607 Deus
540 575 677 606 inimicis
700 575 808 607 David
839 577 865 605 et
888 575 963 606 baec
991 575 1096 614 addat,
1125 576 1155 607 si
1184 533 1338 615 reliquefro
1360 575 1396 605 de
1420 592 1422 617 3

427 618 568 649 omnibus
595 627 673 657 quae
703 618 744 649 ad
774 619 876 657 ipsum
901 618 1055 658 pertinent
1082 629 1178 658 usquc
1200 628 1290 649 manc
1314 618 1394 648 min·
1420 618 1422 644 ξ

1414 2433 1416 2455 l
1442 2414 1483 2444 sit
1515 2415 1734 2447 intolerabilis.

1414 2470 1415 2478 ι
1443 2457 1645 2495 prudentes
1637 2469 1670 2489 111
1690 2457 1831 2506 regenda
1850 2457 1982 2494 familia,
2007 2462 2113 2488 tamen
2139 2457 2222 2488 velle
2244 2457 2278 2488 in
2301 2457 2406 2498 pretio

2355 228 2420 260 540

1453 330 1555 359 neque
1584 321 1707 360 patitur
1735 330 1768 351 se
1798 319 2001 360 reprehendi¹
2032 319 2087 351 sed
2111 331 2226 352 sanum
2249 321 2419 353 consilium

1451 362 1564 400 reiicit,
1585 363 1700 394 merito
1713 363 1821 394 fatuus
1840 364 1939 393 immo
1959 373 2069 394 amens
2088 362 2224 401 dicetur,
2243 369 2274 394 et
2293 374 2419 396 summa

1451 405 1598 436 confusio
1628 412 1802 437 metuetur.
1848 405 1982 436 Nabalis
2004 406 2104 446 igitur
2127 407 2179 446 qui
2203 406 2276 438 talis
2299 406 2418 438 descri-

1422 448 1538 480 bitur
1561 448 1709 488 exemplo
1733 447 1826 480 docet
1849 458 1905 479 nos
1930 448 2100 485 Dominus,
2132 454 2255 480 attente
2278 450 2419 482 actiones

1422 511 1423 526 i
1451 497 1575 521 nostras
1608 501 1721 522 omnes
1753 490 1976 527 considerare,
2017 496 2053 522 ut
2086 492 2141 532 qni
2175 492 2419 524 matrimonium

1448 539 1691 572 contraxerunt,
1725 544 1859 565 uxorem
1884 540 1917 564 et
1941 532 2059 565 liberos
2083 544 2195 575 regere
2218 535 2339 573 norint,
2363 535 2419 575 qui

1448 575 1585 607 famulos
1620 576 1821 617 famulasque
1856 575 1995 613 habent,
2030 576 2182 616 videant,
2217 583 2252 608 ut
2286 588 2319 609 se
2354 577 2418 610 illis

1447 624 1543 658 caput
1556 626 1587 649 et
1600 619 1712 650 ducem
1726 620 1917 650 constitutos
1929 619 2042 659 sciant,
2062 625 2095 651 ut
2109 620 2238 661 singula
2250 621 2310 652 sub
2323 619 2418 652 disei-

1447 661 1534 700 plina
1557 668 1780 693 coerceantur.
1813 661 1930 702 quibus
1953 643 2103 694 omnibus
2127 663 2222 695 rebus
2246 664 2300 703 qui
2323 673 2418 704 pares

1447 713 1511 734 non
1543 704 1674 741 fuerint,
1698 704 1805 736 Deum
1838 710 1873 735 ut
1904 704 2047 736 defectus
2080 706 2222 746 ipsorum
2255 711 2356 747 tegat,
2385 711 2419 738 et

1446 746 1534 777 vires
1559 753 1722 788 suggerat,
1745 752 1870 787 rogent.
1921 747 1965 778 Et
1989 747 2028 778 de
2052 747 2156 779 Nabal
2182 748 2349 780 hactenus.

1531 790 1748 822 Transeamus
1768 790 1806 821 ad
1822 789 2004 829 Abigailem
2027 800 2125 830 quam
2150 791 2319 822 mulierem
2337 802 2416 832 pru-

1445 831 1585 870 dentem,
1611 838 1642 864 et
1666 832 1839 864 virtutibus
1863 832 2022 864 illustrem
2041 833 2158 864 Nabali
2183 834 2251 864 viro
2275 833 2416 875 maligno

1445 879 1478 905 et
1507 874 1685 907 inhumano
1715 875 1838 906 nubere
1862 875 1952 906 Deus
1984 875 2094 912 voluit,
2125 882 2163 907 ut
2185 887 2222 908 eo
2243 876 2416 909 doceamur

1445 928 1680 959 nonnunquam
1701 918 1878 949 Dominum
1902 928 2034 949 suorum
2061 920 2211 950 virtutem
2235 919 2414 962 explorare,

1445 972 1543 1001 quum
1575 960 1780 993 instiusmodi
1810 961 1951 992 examini
1982 961 2067 1008 ipsos
2096 961 2242 993 subiicit:
2273 961 2415 1002 quando-

1445 1004 1573 1044 quidem
1598 1005 1684 1036 enim
1699 1003 1828 1044 Abigail
1852 1009 1899 1035 tot
1923 1004 2087 1043 tantisque
2110 1004 2202 1036 donis
2225 1005 2414 1042 excellebat,

1445 1056 1545 1086 quare
1558 1047 1647 1078 Deus
1671 1047 1918 1078 convenientem
1941 1047 2002 1087 ipsi
2027 1047 2179 1078 maritum
2203 1057 2268 1078 non
2292 1047 2413 1079 dabat?

1446 1099 1520 1120 nam
1552 1090 1761 1121 matrimonia
1789 1090 1909 1120 scimus
1940 1100 2002 1120 non
2034 1100 2110 1121 casu
2141 1089 2248 1130 aliquo
2270 1089 2414 1130 fortuito,

1445 1131 1500 1162 sed
1533 1131 1603 1163 Deo
1639 1138 1752 1164 autore
1781 1132 1862 1163 fieri.
1916 1132 1985 1163 Cur
2015 1133 2115 1173 igitur
2144 1132 2290 1165 mulieris
2320 1133 2415 1165 istius

1445 1185 1509 1205 non
1533 1174 1770 1207 miserebatur?
1818 1176 1926 1214 Atque
1950 1174 2010 1206 hoc
2033 1175 2168 1216 dignum
2192 1181 2240 1207 est
2261 1176 2414 1208 observa-

1445 1218 1542 1254 tione,
1575 1225 1610 1248 ut
1641 1218 1666 1249 si
1696 1217 1823 1258 quando
1851 1217 2004 1249 mulieres
2034 1218 2207 1259 contigerit
2238 1229 2301 1250 non
2332 1218 2414 1251 tales

1445 1260 1564 1291 habere
1583 1261 1716 1292 maritos
1735 1260 1846 1300 quales
1864 1265 2023 1300 optarent,
2047 1267 2103 1291 aut
2126 1261 2275 1301 qualibus
2297 1261 2414 1303 dignae

1445 1308 1562 1340 essent,
1587 1313 1656 1334 sese
1680 1314 1787 1335 coram
1811 1303 1880 1334 Deo
1903 1303 2063 1341 deficiant,
2094 1309 2126 1334 et
2149 1310 2327 1345 agnoscant
2347 1305 2415 1336 suis

1445 1345 1590 1377 humeris
1622 1356 1703 1377 onus
1737 1356 1756 1377 a
1790 1346 1859 1376 Deo
1893 1346 2099 1386 impositum,
2132 1351 2168 1377 ut
2201 1357 2309 1378 coram
2343 1347 2414 1388 ipso

1445 1389 1584 1428 primum
1631 1388 1757 1420 discant
1801 1388 1985 1426 humiliari,
2029 1388 2144 1420 deinde
2190 1394 2227 1420 ut
2270 1390 2412 1430 ipsorum

1445 1431 1602 1471 patientia
1621 1437 1654 1463 et
1671 1430 1854 1462 obedientia
1873 1431 2067 1471 exploretur,
2092 1431 2258 1463 humiliari
2281 1432 2413 1473 quidem

1445 1474 1516 1505 illas
1536 1475 1605 1505 vult
1624 1485 1663 1505 ne
1682 1473 1743 1505 sibi
1766 1473 1844 1514 ipsis
1868 1474 2018 1514 placeant
2041 1478 2070 1504 et
2094 1474 2197 1514 gloria
2219 1475 2412 1508 efferantur:

1444 1517 1634 1557 patientiam
1666 1523 1775 1547 autem
1805 1517 1951 1557 explorat
1977 1521 2014 1547 ut
2042 1517 2113 1548 aliis
2142 1516 2334 1549 mulieribus
2357 1529 2413 1550 ex-

1444 1559 1551 1599 emplo
1588 1570 1646 1591 suo
1676 1564 1839 1600 praeeant.
1892 1559 1948 1591 Sic
1975 1558 2159 1600 Abigailem
2189 1570 2263 1591 cum
2294 1561 2412 1592 marito

1444 1603 1564 1634 vixisse
1577 1602 1734 1641 videmus,
1754 1607 1788 1633 ut
1801 1612 1874 1633 eum
1891 1607 1998 1633 tamen
2018 1603 2151 1633 minime
2171 1604 2412 1644 contempserit,

1444 1645 1505 1677 etsi
1534 1645 1619 1686 apud
1642 1645 1802 1676 Davidem
1833 1645 2004 1676 stultitiam
2033 1645 2136 1685 ipsius
2165 1656 2228 1676 non
2261 1645 2411 1678 dissimu-

1445 1688 1528 1719 larit.
1575 1687 1640 1720 Sed
1665 1689 1710 1719 ita
1734 1688 1803 1719 fieri
1815 1688 2000 1736 oportebat,
2025 1698 2100 1718 nam
2124 1689 2150 1719 si
2175 1688 2331 1720 Nabalem
2355 1699 2412 1720 ex-

1443 1741 1557 1762 cusare
1587 1741 1783 1771 causamque
1813 1730 1915 1779 ipsius
1946 1730 2030 1779 apud
2054 1730 2215 1762 Davidem
2239 1731 2412 1764 defendere

1444 1778 1560 1806 conata
1592 1774 1723 1812 fuisset,
1758 1774 1861 1814 magis
1894 1773 1934 1804 ad
1969 1774 2049 1805 iram
2084 1784 2158 1805 eum
2192 1778 2411 1824 provocasset,

1444 1828 1539 1857 quem
1560 1816 1687 1848 blandis
1706 1817 1815 1847 verbis
1832 1815 1999 1857 oportebat
2017 1815 2149 1856 placari.
2175 1815 2286 1855 Quum
2309 1817 2412 1858 igitur

1444 1860 1598 1891 maritum
1619 1860 1737 1890 fatetur
1760 1859 1882 1890 fatuum
1907 1869 1976 1890 esse
1999 1864 2031 1890 et
2054 1859 2156 1899 ipsius
2178 1859 2303 1891 nomini
2326 1860 2412 1892 facta

1444 1902 1650 1942 respondere,
1680 1913 1742 1933 non
1771 1901 1846 1932 inde
1875 1901 2020 1942 sequitur
2050 1902 2153 1942 ipsam
2184 1902 2311 1933 solitam
2335 1913 2412 1934 con-

1445 1945 1535 1977 viciis
1565 1952 1597 1976 et
1620 1945 1822 1976 contumeliis
1846 1945 1998 1975 maritum
2023 1955 2167 1981 onerare,
2191 1945 2247 1976 sed
2271 1946 2412 1977 necessi-

1444 1992 1509 2019 tate
1550 1988 1722 2028 impulsam
1761 1987 1870 2018 mariti
1911 1987 2084 2018 stultitiam
2119 1998 2187 2019 esse
2221 1988 2410 2028 professam.

1443 2031 1525 2061 Nam
1561 2041 1601 2062 ex
1634 2031 1673 2062 iis
1707 2040 1787 2070 quae
1821 2029 1978 2068 diximus,
2013 2035 2046 2060 et
2077 2029 2227 2071 deinceps
2261 2030 2409 2071 pluribus

1444 2073 1642 2111 videbimus,
1683 2079 1816 2114 apparet
1850 2073 1939 2103 illam
1973 2073 2044 2103 miti
2079 2073 2210 2114 ingenio
2245 2073 2342 2105 fuisse
2376 2077 2410 2105 et

1443 2126 1567 2147 summa
1599 2116 1773 2156 prudentia
1801 2126 1873 2147 cum
1904 2115 2021 2146 marito
2054 2120 2225 2147 versatam.
2270 2115 2324 2147 Ex
2346 2125 2409 2156 quo

1442 2169 1593 2199 magnam
1614 2159 1784 2190 utilitatem
1803 2158 2008 2198 percipimus,
2031 2158 2058 2189 si
2078 2157 2118 2189 ad
2143 2163 2290 2189 nostrum
2311 2168 2409 2190 usum

1443 2202 1627 2241 exemplum
1659 2201 1745 2233 istud
1777 2211 1934 2241 usurpare
1963 2201 2112 2232 sciamus.
2157 2200 2240 2232 Nam
2271 2201 2338 2232 fere
2371 2202 2410 2233 fit

1443 2245 1544 2284 utqui
1558 2244 1649 2276 donis
1673 2243 1907 2275 excellentibus
1925 2244 2030 2274 ornati
2053 2249 2131 2274 sunt
2153 2243 2342 2275 existiment
2363 2254 2408 2282 se,

1443 2286 1517 2317 licet
1530 2287 1563 2317 in
1578 2287 1701 2318 abiecta
1720 2292 1752 2318 et
1774 2286 1827 2318 vili
1847 2285 2030 2317 conditione
2046 2287 2179 2324 vivant,
2203 2297 2266 2317 non
2292 2286 2408 2318 debere

1443 2334 1548 2360 tamen
1570 2330 1769 2370 superiorem
1788 2330 1964 2369 potentiam
1985 2339 2167 2369 agnoscere.
2192 2328 2248 2360 Sic
2264 2329 2408 2370 plerum-

1442 2382 1503 2411 que
1534 2373 1569 2403 fit
1599 2378 1634 2403 ut
1663 2372 1764 2404 felicis
1795 2372 1916 2412 ingenii
1941 2372 2056 2403 mulier
2080 2371 2158 2403 adeo
2179 2372 2341 2410 efferatur,
2370 2376 2408 2404 ut

1790 2414 1860 2445 Imo
1891 2413 2002 2446 videas
2032 2414 2201 2455 plerasque
2231 2425 2294 2445 non
2327 2414 2406 2446 adeo

1444 2498 1551 2530 haberi
1593 2506 1624 2531 et
1663 2501 1798 2532 maritos
1839 2500 2013 2541 despicere.
2070 2499 2125 2532 Sic
2158 2500 2253 2531 etiam
2289 2500 2406 2531 liberos

1444 2541 1551 2573 xidere
1571 2543 1644 2573 licet
1664 2554 1795 2575 suorum
1816 2548 1986 2583 parentum
2007 2553 2116 2574 curam
2136 2542 2257 2573 nullam
2277 2542 2404 2582 habere,

1443 2583 1496 2615 sed
1528 2596 1580 2615 cos
1599 2586 1706 2625 potius
1730 2586 1903 2626 despicere.
1948 2584 2002 2617 Sic
2025 2596 2135 2617 servos
2158 2590 2348 2626 arroganter
2371 2596 2405 2616 se

1442 2626 1598 2658 advorsus
1629 2628 1776 2660 dominos
1806 2639 1926 2669 gerere,
1957 2633 1988 2659 ot
2018 2627 2056 2659 de
2085 2639 2119 2659 se
2141 2628 2322 2668 opinionem
2347 2627 2404 2659 ali-

1442 2679 1537 2709 quam
1559 2670 1685 2702 habere.
1720 2670 1923 2712 Quapropter
1942 2670 2100 2712 Abigailis
2122 2671 2272 2711 exemplo
2294 2680 2406 2710 sapere
