2551 3044
364 198 405 227 55·
1174 190 1373 223 llOMILIA
1399 192 1524 223 XLIX.

368 291 552 321 memorant
582 288 719 327 populus
754 287 954 318 Ionathanem
991 290 1022 317 a!
1056 296 1115 317 nott
1150 287 1325 320 moreretur,

366 332 544 364 iudicantes
584 341 656 361 eum
700 340 762 361 non
803 337 950 370 oportere
991 328 1197 361 condemnari
1233 337 1325 366 quem

368 376 456 406 Deus
490 384 506 404 e
530 373 626 404 coelis
650 373 846 403 iustificaret.
891 372 954 403 Sed
981 373 1040 403 ista
1064 378 1135 402 sunt
1161 370 1324 410 sigillatim

366 415 587 457 expendenda,
621 421 655 446 ut
686 426 724 446 ex
749 415 885 456 singulis
909 416 1121 446 necessariam
1147 413 1324 443 doctrinam

366 470 525 495 eruamus,
555 466 584 489 et
616 457 654 488 ad
686 459 783 488 finem
814 458 847 488 in
877 468 970 498 quem
996 463 1218 497 proponuntur
1247 455 1325 485 refe·

367 513 484 534 ramus.
552 501 598 532 Ac
630 501 769 541 primum
795 500 934 541 quidem,
965 511 1063 540 quum
1088 499 1163 531 Saul
1191 508 1254 528 non
1278 508 1325 528 ac-

365 551 457 586 cepto
482 553 634 584 responso
663 543 791 584 collegit
816 543 920 574 Deum
948 543 1075 578 iratum,
1104 541 1325 581 quaesivitque

367 589 439 628 quis
463 588 495 618 in
521 586 636 626 populo
660 592 830 626 peccasset,
865 596 904 616 ex
928 587 1104 626 scripturae
1128 594 1236 615 sacrae
1259 583 1325 613 ins-

367 632 463 662 tituto
513 630 624 661 fecisse
668 639 890 669 agnoscamus,
935 628 1194 668 Quotiescunque
1239 625 1324 656 enim

366 674 454 704 Deus
484 674 550 703 irae
579 681 656 702 suae
687 671 844 711 quaedam
874 671 968 711 signa
999 670 1157 711 patefacit,
1187 669 1326 699 sciamus

367 716 460 747 nobis
494 714 594 745 veluti
629 714 713 745 diem
747 724 765 745 a
802 714 940 745 Domino
974 713 1044 751 dici,
1079 718 1114 743 ut
1149 711 1187 743 ad
1220 711 1324 751 ipsum

369 767 586 789 revertamur:
619 763 650 788 et
681 756 765 796 apud
794 767 851 787 nos
879 757 965 797 ipsos
995 756 1166 795 diligenter
1196 760 1326 794 peccata

368 802 579 836 excutiamus,
604 799 718 839 quibus
741 799 809 831 eius
832 799 912 830 iram
937 800 968 830 in
994 810 1050 830 nos
1068 797 1324 838 provocavimus.

369 846 414 875 Ae
438 854 533 883 saepo
557 841 696 882 quidem,
726 842 838 879 fateor,
869 841 960 873 Deus
991 852 1101 872 servos
1123 851 1198 871 suos
1221 839 1324 879 punit,

2294 193 2335 224 60

1380 286 1434 326 qui
1465 286 1577 326 opibus
1607 294 1637 317 et
1669 286 1790 317 divitiis
1814 285 2031 326 abundabunt,
2061 287 2176 327 quibus
2200 286 2336 327 denique

1381 328 1463 359 nihil
1494 328 1532 359 ad
1564 329 1746 360 felicitatem
1777 329 1886 360 deesse
1917 328 2095 360 videbitur:
2137 339 2193 360 nos
2229 336 2336 361 autem

1380 371 1509 402 interim
1535 371 1744 402 vehementer
1773 372 1963 411 laboremus,
1993 380 2022 403 et
2055 372 2085 402 in
2118 372 2251 403 summis
2280 382 2336 403 an-

1380 415 1494 454 gustiis
1518 424 1693 451 versemur,
1718 421 1748 445 et
1771 424 1897 445 amaras
1916 415 2059 454 potiones
2083 414 2279 452 hauriamus,
2301 424 2337 446 eo

1379 467 1479 496 usque
1513 463 1549 487 ut
1583 457 1615 487 in
1651 467 1720 488 eam
1752 458 1960 488 tentationem
1993 457 2180 493 incidamus,
2214 456 2252 488 de
2275 467 2338 496 qua

1380 499 1537 539 propheta
1567 499 1718 540 loquitur,
1750 499 1835 531 Psal.
1868 500 1916 531 73.
1947 500 2066 531 frustra
2090 500 2195 531 Deum
2220 499 2259 530 ab
2282 499 2338 530 ho-

1380 541 1520 573 minibus
1554 542 1614 581 piis
1648 542 1717 579 coli,
1753 542 1836 574 hanc
1870 542 2047 573 doctrinam
2083 543 2115 573 in
2150 542 2337 573 memoriam

1381 595 1564 616 revocemus
1598 589 1630 616 et
1664 595 1864 625 usurpemus.
1900 584 2005 616 Deum
2035 596 2100 616 non
2130 585 2247 616 ideirco
2278 594 2337 617 nos

1381 627 1479 658 variis
1503 626 1605 658 modis
1628 627 1780 667 affligere,
1814 634 1849 658 ut
1872 638 1890 658 a
1913 638 1946 658 se
1969 627 2107 666 reiiciat;
2138 638 2241 668 neque
2264 627 2338 659 inde

1352 670 1469 709 *sequi
1511 669 1660 709 graviora
1701 680 1770 701 esse
1811 669 1938 700 illorum
1974 677 2104 710 peccata
2137 671 2189 711 qui
2225 669 2338 701 durius

1379 711 1570 752 affliguntur
1605 719 1636 742 et
1679 712 1710 742 in
1752 713 1814 743 hoc
1847 712 1969 743 mundo
2015 713 2230 753 castigantur:
2282 711 2336 744 sed

1379 761 1491 785 eontra
1521 764 1616 794 saepe
1648 754 1717 785 Deo
1740 755 1942 786 carissimum
1966 765 2035 786 esse
2059 756 2111 795 qui
2136 755 2336 787 severissime

1379 797 1547 837 excipitur,
1578 797 1748 837 Deumque
1778 807 1836 829 sua
1859 797 1975 829 iudicia
2003 798 2144 838 incipere
2174 797 2212 828 ab
2235 797 2334 830 ecele-

1351 843 1353 874 j
1379 840 1426 871 sia
1449 850 1507 871 sua
1528 845 1561 870 et
1583 850 1601 870 a
1624 839 1707 877 filiis,
1742 845 1778 871 ut
1811 849 1866 871 eos
1899 840 2016 871 excitet
2049 850 2067 871 a
2102 847 2239 876 veterno,
2273 850 2334 880 quo

369 898 433 917 non
464 886 592 926 proprio
615 892 745 925 propter
768 885 908 925 ipsorum
932 890 1070 925 peccata,
1101 882 1154 913 scd
1179 892 1324 912 nonnun*
1351 895 1352 899 ¹

367 940 462 970 quam
494 939 528 958 111
559 938 677 969 genere
706 932 741 958 ut
772 937 825 958 eos
853 926 892 957 ad
924 926 1110 958 modestiam
1143 932 1173 955 ct
1195 924 1324 955 humili·
1350 931 1352 946 ³

367 979 467 1003 tatem
486 976 656 1011 componat
675 976 707 1001 et
725 976 883 1006 exerceat,
907 977 939 1000 et
959 980 992 1000 re
1013 970 1080 1009 ipsa
1099 968 1208 999 doceat
1227 977 1323 1007 quam

368 1025 496 1046 neeesse
526 1015 568 1045 sit
598 1014 677 1053 ipsis
705 1013 744 1044 ad
780 1013 836 1044 Dei
861 1012 1110 1043 misericordiam
1134 1011 1324 1050 confugere:

367 1066 601 1096 nonnunquam
633 1056 727 1086 otiam
761 1062 794 1086 ut
823 1054 968 1095 exploret
991 1062 1021 1086 et
1045 1060 1190 1085 exerceat
1213 1063 1324 1084 eorum

366 1100 580 1132 constantiam
611 1107 643 1129 et
667 1099 862 1138 patientiam,
892 1108 970 1137 quos
994 1097 1063 1128 aliis
1087 1096 1233 1136 exemplo
1255 1106 1324 1126 esse

368 1143 447 1174 vult.
494 1142 630 1173 Minime
659 1141 787 1181 quidem
817 1139 900 1181 quod
933 1151 993 1171 non
1026 1150 1150 1179 semper
1180 1138 1325 1169 inveniat

365 1186 400 1217 in
430 1184 614 1216 iustissimis
643 1183 823 1224 quibusque
852 1183 930 1214 satis
961 1184 1075 1214 iustam
1108 1191 1235 1213 causam
1267 1191 1324 1221 pu-

367 1228 475 1259 niendi
507 1233 637 1267 peccata
667 1226 808 1265 illorum,
838 1226 862 1256 si
894 1235 1020 1256 summo
1050 1226 1117 1256 iure
1147 1234 1217 1255 cum
1248 1223 1325 1263 ipsis

367 1281 463 1312 agere
494 1270 598 1301 vellet.

368 1325 408 1345 ne
439 1313 478 1344 ad
509 1312 763 1352 desperationem
796 1310 912 1351 adigat,
936 1311 1086 1350 quoniam
1110 1309 1324 1349 imperfectio-

369 1366 443 1387 nem
474 1356 616 1396 ipsorum
647 1354 742 1394 probe
773 1353 868 1384 habet
896 1354 1067 1393 cognitam.
1114 1353 1210 1392 Atqui
1234 1362 1324 1383 suam

367 1399 422 1430 ille
454 1398 545 1429 nobis
575 1397 774 1428 voluntatem
799 1396 988 1436 patefactam
1013 1396 1123 1433 voluit,
1153 1405 1267 1435 nempe
1290 1399 1326 1425 ut

367 1442 436 1473 sine
459 1442 529 1472 fuco
553 1446 584 1471 et
617 1439 826 1470 simulatione
859 1438 920 1478 ipsi
954 1439 1144 1476 serviamus,
1178 1444 1209 1468 et
1241 1437 1324 1468 altas

366 1484 489 1516 radices
512 1484 544 1514 in
570 1482 662 1513 nobis
685 1482 753 1512 eius
777 1482 873 1512 timor
896 1487 971 1522 agat
993 1486 1023 1512 et
1046 1486 1208 1521 propaget,
1232 1485 1267 1511 ut
1285 1479 1325 1511 ad

367 1528 465 1558 finem
487 1536 587 1566 usque
611 1530 796 1556 constanter
814 1524 847 1554 in
869 1534 905 1555 eo
925 1534 1177 1564 perseveremus.
1202 1523 1325 1554 Idcirco

367 1581 441 1609 ergo
477 1579 534 1600 nos
568 1567 678 1598 multis
711 1571 838 1598 exercet
871 1566 904 1597 in
939 1567 997 1598 hoc
1032 1566 1149 1597 mundo
1179 1566 1270 1597 malis
1294 1570 1326 1596 et

368 1611 613 1648 calamitatibus,
656 1620 695 1640 ne
733 1610 796 1640 otio
830 1614 862 1640 et
895 1609 1127 1649 tranquillitate
1161 1620 1195 1639 ac
1230 1609 1324 1640 rebus

368 1654 516 1687 secundis
539 1653 614 1684 elati
639 1663 657 1683 a
680 1658 766 1684 recta
801 1653 851 1682 via
883 1657 915 1683 et
949 1652 1072 1683 sincero
1106 1652 1192 1682 cultu
1226 1651 1324 1691 ipsius

368 1698 564 1729 aberremus.
597 1696 643 1727 Ac
661 1706 736 1726 sane
758 1695 832 1725 licet
848 1693 1034 1735 fugiendum
1050 1694 1180 1731 malum,
1206 1694 1326 1725 Deum-

367 1751 428 1780 que
462 1737 677 1771 invocandum
714 1737 935 1778 praedicamus
969 1736 1122 1776 quamdiu
1157 1737 1250 1767 rebus
1280 1747 1326 1768 sc-

367 1783 481 1815 cundis
510 1787 541 1812 et
571 1781 732 1822 prosperis
756 1781 891 1811 utimur:
923 1787 1029 1811 tamen
1053 1781 1079 1810 si
1105 1779 1191 1810 Deus
1214 1789 1325 1810 averso

366 1826 460 1856 vultu
495 1824 644 1865 flagellet,

367 1952 595 1985 invocandum.
641 1951 848 1991 Quapropter
875 1950 973 1982 variis
998 1959 1057 1982 nos
1081 1958 1208 1981 exercet
1228 1950 1325 1980 afflic-

366 1996 515 2032 tionibus,
541 2006 579 2026 ne
603 2005 700 2034 quum
724 1993 860 2035 flagellis
877 1993 978 2034 ipsius
996 1993 1142 2033 castigati
1162 1993 1324 2030 fuerimus,

367 2049 486 2070 novum
511 2038 542 2068 id
567 2037 658 2068 nobis
682 2036 837 2075 videatur,
867 2042 897 2067 et
921 2035 960 2066 ab
984 2035 1037 2066 illo
1061 2035 1222 2075 perterriti
1247 2036 1323 2066 resi-

367 2082 492 2113 liamus.

367 2124 582 2165 indignemur,
607 2123 661 2154 scd
686 2122 715 2153 id
740 2122 810 2152 fiori
829 2131 1060 2162 cognoscamus
1078 2125 1114 2151 ut
1131 2131 1237 2152 coram
1258 2121 1324 2159 ipso

367 2167 471 2207 magis
506 2176 541 2197 ac
575 2166 678 2206 magis
712 2164 930 2203 humiliemur,
964 2169 996 2195 et
1029 2163 1068 2194 ad
1096 2164 1200 2203 ipsum
1225 2162 1324 2194 addu-

366 2220 486 2241 camur.
532 2208 639 2248 Atque
677 2208 722 2238 ita
757 2207 847 2238 Deus
877 2217 970 2247 saepe
1000 2205 1226 2238 afflictionibus
1256 2210 1324 2235 tan-

367 2262 463 2292 quam
487 2250 755 2291 alexipharmacis
779 2250 880 2281 utitur
903 2250 929 2281 si
953 2260 1015 2289 qua
1038 2249 1069 2279 in
1102 2259 1136 2279 re
1160 2254 1324 2288 peecatum

366 2300 415 2326 est
438 2306 456 2325 a
480 2293 579 2329 nobis,
604 2299 640 2324 ut
665 2294 695 2324 in
721 2299 882 2333 posterum
906 2303 924 2323 a
947 2297 1074 2332 peccato
1098 2290 1325 2329 abstineamus,

367 2343 398 2369 et
428 2343 580 2377 tauquam
614 2336 723 2367 fraeno
757 2335 979 2366 cohibeamur:
1018 2344 1111 2374 saepe
1144 2333 1238 2364 etiam
1263 2333 1325 2364 illis

367 2380 555 2420 patientiam
579 2383 720 2410 nostram
743 2378 906 2418 explorat:
929 2388 1010 2418 quae
1034 2375 1212 2408 necessaria
1235 2375 1326 2407 uobis

368 2422 537 2462 disciplina
560 2426 617 2453 est.
663 2421 745 2452 Nam
769 2421 796 2452 si
819 2421 902 2452 forte
925 2419 1081 2460 quaedam
1100 2419 1233 2450 adversa
1251 2429 1324 2449 con-

646 1268 710 1300 {Sed
740 1279 866 1299 summo
889 1269 957 1299 iure
982 1278 1044 1298 non
1068 1267 1133 1308 agit
1155 1277 1226 1298 cum
1251 1267 1326 1304 suis,
1350 1301 1352 1306 y

687 1823 896 1854 vehementer
930 1822 1088 1863 indignari
1124 1828 1156 1853 et
1190 1818 1353 1853 fremercl

368 1868 519 1904 solemus,
559 1867 621 1897 nisi
657 1866 734 1897 haec
765 1865 909 1896 doctrina
936 1865 1054 1896 nostris
1083 1865 1199 1896 animis
1229 1865 1324 1896 altius
1351 1867 1353 1896 J

368 1910 532 1946 insederit,
567 1909 673 1940 Deum
709 1908 863 1939 nimirum
897 1908 930 1939 in
965 1907 1059 1939 rebus
1089 1907 1352 1947 augustissimis,

1350 1055 1351 1060 ’
1377 1053 1502 1084 Christi
1544 1059 1713 1094 martyres,

1351 1402 1353 1410 ¹
1380 1400 1414 1426 ut
1444 1405 1503 1435 pro
1535 1396 1673 1434 peccatis
1706 1394 1828 1436 aliquid
1858 1395 1928 1426 Deo
1958 1394 2182 1436 rependerent.

1379 892 1473 922 saepe
1496 883 1590 922 sopiti
1615 883 1761 913 homines
1784 893 1802 913 a
1826 882 1895 914 Deo
1917 887 2118 918 avertuntur,
2142 883 2225 914 etin
2243 893 2334 914 suam

1378 925 1551 965 perniciem
1584 930 1698 965 sponte
1734 930 1842 956 ruunt.
1887 925 2060 957 Praeterea
2094 926 2190 957 ctiam
2227 926 2334 956 obser-

1379 967 1530 1006 vandum,
1553 967 1659 999 Deum
1682 967 1762 999 velle
1786 978 2018 1008 nonnunquam
2040 968 2073 999 iu
2098 968 2214 999 nostris
2237 968 2335 1000 afflic-

1378 1010 1516 1042 tionibus
1563 1010 1746 1051 glorificari.
1792 1010 1952 1051 Exemplo
1995 1016 2092 1042 sunto
2137 1010 2245 1042 fideles
2288 1010 2335 1042 illi

1755 1063 1835 1093 quos
1876 1053 1963 1085 Deus
2003 1054 2035 1084 in
2077 1053 2191 1084 mortis
2234 1063 2335 1094 agone

1377 1106 1502 1127 summa
1538 1097 1718 1127 constantia
1748 1100 1781 1126 et
1809 1095 1998 1127 fortitudine
2029 1096 2159 1127 donavit
2188 1095 2228 1128 ab
2258 1096 2335 1136 ipsis

1378 1139 1553 1175 invocatus,
1582 1143 1782 1179 mortemque
1813 1138 1941 1170 illorum
1971 1138 2084 1170 habuit
2112 1139 2215 1170 instar
2237 1139 2335 1170 sacri·

1377 1181 1440 1213 ficii
1489 1181 1754 1221 acceptissimam.
1813 1181 1886 1213 Non
1929 1181 2029 1223 igitur
2073 1181 2334 1219 existimandum,

1378 1229 1512 1255 mortem
1544 1223 1632 1255 illam
1667 1234 1763 1264 quam
1798 1234 1855 1264 pro
1888 1223 2011 1256 Christi
2045 1225 2174 1255 nomine
2209 1223 2336 1255 fortiter

1378 1266 1536 1303 obierunt,
1572 1266 1671 1298 fuisse
1695 1273 1895 1306 peccatorum
1919 1267 2059 1308 aliquam
2083 1267 2335 1298 satisfactionem

1379 1314 1433 1341 aut
1461 1310 1611 1349 pretium.
1658 1309 1723 1340 Alii
1753 1320 1769 1341 e
1797 1310 1838 1341 'm
1867 1309 1962 1341 undis
1991 1310 2133 1350 oppressi
2164 1315 2248 1348 sunt,
2281 1309 2336 1341 alii

1378 1352 1517 1383 flammis
1546 1351 1687 1390 ustulati,
1719 1352 1774 1384 sed
1816 1363 1899 1393 onge
1929 1352 2026 1384 alium
2056 1353 2087 1383 in
2118 1353 2213 1383 finem
2237 1362 2334 1392 quam

2226 1394 2333 1434 Quam

1379 1438 1478 1478 igitur
1509 1437 1694 1478 prophetae,
1725 1438 1860 1478 apostoli
1884 1447 1915 1469 et
1938 1437 1991 1469 alii
2015 1443 2177 1478 martyres
2199 1444 2334 1469 mortem

1379 1491 1436 1521 pro
1466 1480 1633 1521 evangelio
1656 1481 1913 1512 cruentissimam
1937 1481 2097 1515 obierunt,
2127 1490 2190 1511 non
2221 1490 2254 1511 se
2276 1489 2334 1521 pro

1379 1523 1446 1555 suis
1479 1523 1610 1554 offensis
1644 1523 1712 1554 Deo
1747 1529 1850 1554 morte
1883 1523 1940 1554 illa
1974 1522 2174 1559 satisfacere,
2212 1521 2267 1554 sed
2300 1532 2335 1554 se

1379 1566 1486 1607 potius
1531 1566 1598 1597 Deo
1639 1566 1821 1598 suavissimi
1853 1566 1960 1598 odoris
1993 1565 2185 1597 sacrificium
2219 1565 2335 1597 offerre

1379 1609 1520 1649 cogitare
1543 1608 1734 1647 debuerunt,
1764 1608 2032 1649 quemadmodum
2056 1609 2124 1648 ipse
2148 1608 2189 1639 D.
2215 1608 2335 1639 Paulus

1379 1652 1412 1682 in
1446 1651 1550 1691 Epist.
1585 1651 1626 1682 ad
1659 1651 1819 1692 Ephesios
1854 1651 2004 1692 loquitur.
2049 1650 2138 1690 Quin
2171 1651 2267 1682 etiam
2302 1651 2334 1682 in

1379 1695 1447 1734 ipso
1467 1705 1542 1735 rege
1562 1694 1703 1726 Ezechia
1721 1695 1757 1726 fit
1776 1694 1868 1726 nobis
1887 1694 1972 1726 istud
1992 1694 2209 1734 conspicuum,
2229 1693 2335 1725 Deum

1379 1737 1605 1768 immittentem
1638 1747 1688 1768 res
1719 1736 1879 1773 adversas,
1909 1747 1972 1768 non
1996 1737 2066 1768 ideo
2089 1742 2196 1767 tamen
2220 1737 2336 1776 punire

1379 1780 1661 1820 transgressiones,
1696 1780 1779 1820 quod
1802 1790 1874 1811 eum
1898 1780 2018 1811 inimici
2042 1779 2226 1819 persequuti
2249 1784 2335 1818 sunt,

1379 1833 1475 1862 quum
1507 1823 1540 1853 in
1573 1822 1634 1853 Dei
1665 1823 1785 1854 cultum
1817 1828 1903 1853 totus
1926 1822 2132 1853 incumberet.
2178 1821 2260 1853 Nam
2283 1832 2334 1853 re·

1378 1876 1450 1906 gem
1471 1864 1562 1896 illum
1581 1865 1752 1897 Ezechiam
1773 1865 1908 1905 legimus
1929 1865 1991 1896 Dei
2009 1865 2131 1896 cultum
2145 1864 2333 1903 restituisse,

1379 1908 1630 1948 religionemque
1663 1918 1739 1939 suae
1769 1909 1922 1948 pristinae
1952 1907 2087 1948 puritati
2112 1906 2244 1938 reddere
2267 1911 2332 1938 stu-

1378 1951 1503 1982 duisse:
1528 1950 1648 1991 templa
1667 1950 1866 1982 idololatrica
1879 1957 1910 1982 et
1929 1949 2210 1991 superstitionibus
2228 1949 2334 1981 dicata

1351 2014 1352 2017 =
1377 1993 1550 2030 subruisse,
1582 1993 1716 2033 donique
1742 1999 1861 2024 terram
1892 1993 1978 2024 illam
2008 1992 2157 2024 omnibus
2185 1992 2332 2032 inquina-

1351 2054 1352 2057 =
1378 2037 1493 2067 mentis
1517 2035 1632 2076 quibus
1655 2036 1716 2068 Dei
1739 2036 1845 2067 cultus
1868 2035 2110 2067 adulterabatur
2132 2044 2332 2076 repurgasse.

538 2080 650 2120 Itaque
677 2080 744 2111 Deo
768 2089 826 2110 nos
846 2079 944 2110 variis
964 2077 1065 2109 modis
1084 2083 1262 2115 exercente,
1286 2088 1324 2108 ue
1351 2076 1352 2111 Ῐ

1379 2079 1443 2110 Sed
1467 2079 1538 2110 istis
1561 2079 1713 2110 omnibus
1735 2079 1883 2119 peractis,
1906 2089 2000 2118 quam
2025 2077 2203 2109 mercedem
2226 2087 2333 2109 conse-

1351 2119 1352 2132 ³
1378 2121 1509 2161 quitur?
1553 2121 1622 2153 Nae
1645 2126 1736 2152 tanta
1758 2121 1848 2152 illum
1873 2132 1890 2152 a
1913 2120 1983 2153 Deo
2007 2120 2150 2151 immissa
2167 2118 2333 2152 calamitas

367 2465 509 2506 tigerint,
539 2475 665 2495 summa
689 2463 890 2504 aegritudine
913 2463 1087 2494 afficimur:
1119 2460 1325 2501 quamobrem
1350 2491 1352 2498 ,

368 2507 556 2548 usurpanda
586 2506 676 2538 nobis
700 2506 777 2537 haec
800 2506 945 2537 doctrina
968 2511 1032 2536 est:
1063 2511 1098 2535 ut
1119 2504 1145 2535 si
1169 2514 1227 2534 nos
1249 2513 1324 2535 con-

1350 2509 1351 2519 *
1379 2505 1462 2535 viros
1491 2505 1588 2537 bonos
1619 2505 1721 2537 modis
1743 2503 1889 2536 omnibus
1913 2503 2055 2535 turbare:

368 2551 479 2590 tigerit
508 2549 620 2580 durius
651 2549 792 2587 tractari,
823 2558 917 2589 quam
947 2547 1112 2579 videamus
1136 2546 1325 2584 incredulos,
1350 2554 1351 2581 1

1350 2593 1351 2641 ἐ
1378 2588 1432 2620 Sic
1462 2590 1578 2630 impius
1607 2589 1660 2621 ille
1691 2589 1859 2621 Rabsakes
1887 2589 1961 2620 olim
1992 2589 2162 2620 Ezechiam
2193 2589 2223 2620 in
2248 2589 2330 2620 invi-

1350 2647 1351 2652 =
1377 2631 1461 2662 diam
1493 2632 1655 2664 trahebat:
1694 2631 1861 2671 Quomodo
1890 2631 2098 2663 exaudiretur
2128 2630 2282 2663 Ezechias
2311 2641 2330 2663 a

369 2592 483 2631 quibus
515 2592 623 2623 omnia
657 2602 696 2623 ex
732 2591 831 2622 animi
864 2591 1024 2622 sententia
1058 2589 1236 2625 succedent.
1271 2588 1323 2629 qui

367 2644 492 2665 summa
515 2635 686 2666 autoritate
709 2638 740 2665 et
760 2634 864 2675 gratia
883 2633 966 2674 apud
987 2633 1132 2664 homines
1151 2631 1323 2672 pollebunt,

1378 2165 1512 2204 excepit,
1558 2170 1593 2195 ut
1626 2163 1665 2195 de
1699 2175 1805 2196 rerum
1840 2174 1966 2195 summa
1998 2162 2231 2195 conclamatum
2264 2173 2333 2195 esse

1379 2207 1534 2238 videatur.
1583 2209 1626 2238 At
1659 2208 1685 2238 si
1717 2207 1872 2238 Ezechias
1901 2206 2115 2238 calamitatem
2145 2204 2232 2236 illam
2264 2211 2332 2237 tum

1378 2251 1592 2280 existimasset
1624 2255 1753 2289 propter
1783 2254 1912 2290 peccata
1936 2259 1993 2281 sua
2015 2247 2201 2286 immissam,
2230 2250 2333 2288 suspi-

1377 2293 1441 2323 cari
1479 2299 1615 2332 poterat,
1653 2292 1736 2323 male
1769 2302 1803 2323 se
1834 2292 1944 2323 fecisse
1974 2290 2186 2322 idololatriam
2217 2291 2333 2322 exstir—

1378 2334 1492 2373 pando,
1521 2340 1551 2365 et
1581 2334 1729 2366 omnibus
1759 2334 1823 2366 illis
1851 2333 2103 2374 inquinamentis
2133 2338 2254 2364 terram
2277 2343 2332 2365 ex·

1378 2377 1554 2417 purgando,
1579 2378 1662 2417 quod
1682 2381 1714 2409 et
1733 2377 1781 2408 illi
1799 2377 1961 2408 Rabsaces
1978 2376 2032 2407 ille
2050 2375 2170 2416 impius
2187 2375 2330 2408 obiectat.

1379 2419 1488 2459 Neque
1519 2421 1615 2451 etiam
1640 2419 1771 2451 dubium
1793 2421 1872 2459 quin
1896 2419 2038 2450 diabolus
2062 2418 2151 2449 illum
2177 2417 2216 2449 ad
2250 2418 2332 2451 hanc

1377 2463 1601 2502 cogitationem
1636 2462 1824 2503 impelleret,
1859 2468 1893 2492 ut
1926 2461 2029 2492 solent
2061 2461 2151 2502 impii
2185 2461 2330 2493 homines

2091 2510 2121 2534 et
2145 2503 2331 2535 scandalum

1377 2547 1511 2579 obiicere
1534 2558 1596 2587 quo
1619 2546 1810 2588 persuadere
1833 2547 1979 2578 nitantur
2001 2552 2102 2577 atram
2127 2556 2195 2578 esse
2213 2547 2329 2578 nivem.
