2551 3044
343 211 383 243 83
1191 206 1392 240 HOMILIA
1423 209 1480 241 LI.
2278 210 2319 242 84

346 316 415 338 esso
439 305 536 336 totius
559 303 670 335 mundi
694 302 848 334 iudicem:
872 313 979 335 coram
1003 314 1065 344 quo
1085 313 1142 334 nos
1161 306 1306 343 oporteat

347 349 438 380 deiiei
461 354 493 378 et
516 346 699 378 humiliari:
730 351 941 386 agnoscentes
970 347 1075 378 omnia
1099 346 1199 386 ipsius
1223 344 1306 377 facta

346 402 414 423 esse
438 391 523 421 iusta
545 397 576 420 et
595 389 724 420 decreta
746 389 976 426 irrevocabilia,
1003 389 1075 421 licet
1094 398 1202 419 eorum
1224 387 1306 418 ratio

345 434 477 465 minime
502 432 594 463 nobis
617 436 751 463 constet.
796 431 931 462 Interim
957 442 1031 463 vero
1063 431 1213 472 proprius
1243 430 1306 461 ista

346 482 421 507 sunt
442 474 633 516 applicanda
655 473 755 512 nobis,
778 478 811 505 et
834 484 873 505 ex
896 474 936 506 iis
960 474 1048 506 utilis
1071 474 1211 505 eruenda
1235 472 1307 504 doeÎ‡

347 519 447 554 trina,
487 528 600 558 nempe
637 526 700 547 non
734 516 926 556 sperandam
961 527 1030 549 esse
1071 516 1306 556 impunitatem,

348 562 417 592 Deo
441 571 562 601 poenas
581 559 764 590 differente:
790 569 894 600 neque
916 570 958 590 ex
982 560 1037 590 illa
1060 559 1211 590 dilatione
1235 568 1308 599 cap-

348 603 478 635 tandam
504 603 665 634 licentiam
691 612 726 633 ac
757 602 955 634 occasionem
987 602 1217 633 dissolutionis.
1261 601 1307 633 Ut

347 647 450 678 solent
474 645 610 686 improbi
636 645 780 675 homines
811 655 847 676 eo
876 645 1069 676 insolentius
1098 644 1213 679 efferri,
1244 653 1307 684 quo

348 699 421 721 cum
446 689 566 719 maiore
590 688 746 727 patientia
771 687 858 718 Deus
882 687 954 719 illos
977 689 1100 725 tolerat,
1124 694 1153 718 et
1178 696 1304 717 omnem

347 732 448 772 ipsius
471 732 616 762 timorem
641 736 671 760 et
694 731 910 761 reverentiam
935 730 1080 766 abiicere,
1105 736 1137 761 ut
1158 730 1202 760 ait
1222 729 1306 760 Pau-

347 775 406 811 lus,
431 784 492 804 non
517 774 692 814 cogitantes
716 772 754 803 de
779 772 828 804 die
851 773 926 804 irae.
973 772 1188 812 Quamobrem
1217 782 1305 803 sum-

348 827 476 856 mopere
501 814 676 846 cavendum
702 825 741 845 ne
766 815 827 847 Dei
850 816 931 847 iram
963 816 1133 847 adversum
1166 825 1221 846 nos
1251 825 1303 855 pe-

348 858 484 890 tulantia
507 865 539 889 et
559 857 708 889 insolenti
729 859 912 889 curiositate
931 868 1146 890 accersamus:
1170 857 1224 888 sed
1244 868 1305 897 quo

349 902 451 932 maior
482 907 530 931 est
560 901 662 941 ipsius
693 901 724 931 in
757 900 848 932 nobis
873 901 1045 932 tolerandis
1070 900 1250 941 benignitas
1274 906 1305 931 et

347 944 513 985 patientia,
544 953 581 974 eo
603 943 767 984 graviores
796 954 915 984 poenas
945 949 1133 981 metuamus,
1165 943 1225 974 nisi
1249 953 1304 984 pa-

350 987 462 1017 tientia
485 987 586 1027 ipsius
609 992 761 1025 tanquam
791 986 941 1018 vehiculo
969 986 1105 1027 quodam
1130 986 1167 1017 ad
1199 986 1303 1026 ipsum

349 1029 554 1066 adducamur,
583 1034 615 1060 et
645 1028 684 1059 ad
713 1029 876 1060 meliorem
911 1030 1034 1070 frugem
1069 1034 1303 1060 convertamur.

350 1072 459 1112 Neque
490 1072 574 1102 enim
606 1082 705 1111 quum
736 1081 793 1103 nos
823 1072 862 1103 ad
891 1072 1118 1112 poenitentiam
1149 1072 1303 1109 hortatur,

349 1121 380 1145 et
403 1125 459 1155 per
482 1114 671 1154 patientiam
695 1115 822 1152 invitat,
853 1115 923 1146 vult
953 1125 1010 1145 nos
1034 1126 1068 1145 ea
1089 1114 1126 1145 ad
1151 1114 1303 1145 maiorem

350 1158 512 1189 licentiam
543 1157 649 1188 abuti:
679 1157 734 1188 sed
765 1157 868 1198 magis
897 1158 1091 1188 commoveri
1124 1156 1161 1187 ad
1185 1157 1303 1188 serium

344 1205 549 1242 peccatorum
573 1209 715 1234 sensum.
739 1205 770 1231 et
794 1210 903 1230 veram
928 1200 1166 1240 poenitentiam.
1198 1206 1228 1229 et
1252 1210 1302 1230 ar-

343 1243 454 1274 dentes
477 1242 515 1273 ad
541 1242 646 1273 Deum
678 1252 787 1282 preces
819 1242 960 1273 fundere.
1005 1242 1112 1281 Quare
1143 1242 1181 1273 de
1211 1243 1301 1274 nobis

344 1286 516 1327 diligenter
551 1285 767 1326 cogitandum,
798 1295 879 1325 quos
910 1285 1068 1325 patienter
1098 1285 1150 1316 diu
1183 1285 1229 1315 vel
1262 1285 1298 1316 ad

344 1330 541 1360 tricesimum
566 1328 617 1359 vel
642 1328 924 1368 quadragesimum
946 1338 1065 1359 annum
1087 1328 1239 1363 tolerarit..
1260 1338 1300 1359 ne

343 1372 388 1402 ita
410 1382 480 1403 esse
503 1371 629 1403 occulta
647 1376 776 1410 peccata
795 1371 886 1402 nobis
905 1371 1067 1411 fingamus
1080 1371 1153 1411 quin
1169 1371 1301 1402 veniant

345 1415 375 1445 in
407 1415 507 1454 ipsius
540 1420 742 1453 conspectum
778 1418 811 1444 et
842 1413 886 1444 illi
922 1423 1047 1453 semper
1080 1413 1299 1445 obversentur.

344 1457 426 1488 Nam
452 1457 476 1488 si
502 1462 631 1496 patrum
652 1456 855 1496 iniquitatem
875 1455 908 1486 in
929 1456 1010 1487 filios
1029 1456 1202 1493 ulciscitur,
1222 1457 1298 1496 quid

345 1500 383 1530 de
407 1499 497 1530 nobis
520 1500 665 1530 futurum
690 1505 850 1539 putamus,
883 1499 935 1539 qui
960 1499 1098 1538 peccatis
1121 1500 1236 1530 nostris
1261 1499 1298 1530 ad

345 1543 424 1573 iram
459 1542 562 1582 ipsum
593 1551 765 1582 provocare
795 1551 859 1572 non
891 1540 1091 1572 desinimus?
1134 1542 1215 1572 Nam
1240 1542 1300 1573 etsi

344 1585 378 1615 in
411 1585 470 1615 hac
499 1585 614 1615 misera
644 1589 674 1615 et
705 1584 824 1615 caduca
853 1585 919 1615 vita
951 1594 1012 1614 non
1042 1585 1163 1623 puniat,
1198 1595 1301 1625 neque

344 1637 435 1659 suam
454 1637 584 1658 manum
604 1626 758 1657 adversus
777 1637 834 1658 nos
853 1631 991 1665 exserat,
1015 1638 1076 1657 non
1101 1627 1170 1657 ideo
1194 1632 1300 1659 tamen

344 1670 460 1701 melior
488 1670 596 1700 futura
630 1675 742 1701 nostra
772 1675 820 1700 est
853 1669 1010 1700 conditio:
1044 1670 1300 1710 quandoquidem

346 1713 409 1744 alia
433 1713 498 1742 vita
521 1718 665 1752 superest
688 1713 751 1744 ista
774 1719 903 1743 terrena
922 1712 1015 1753 longe
1035 1712 1248 1751 excellentior,
1268 1714 1301 1744 in

346 1766 408 1796 qua
439 1765 583 1786 summus
613 1755 665 1785 ille
700 1755 798 1786 iudex
828 1755 860 1785 in
893 1755 1037 1785 omnium
1064 1755 1160 1786 vitam
1185 1761 1232 1787 est
1256 1757 1303 1786 in-

347 1799 531 1839 quisiturus,
563 1802 592 1828 et
623 1798 763 1828 aeternis
793 1798 904 1837 poenis
927 1803 1129 1828 contumaces
1153 1804 1182 1828 et
1206 1799 1302 1830 scele-

347 1847 434 1872 ratos
458 1840 594 1871 ulturus.
642 1840 694 1876 Et,
718 1846 753 1871 ut
776 1845 851 1871 ante
872 1840 948 1876 dixi,
979 1840 1136 1880 quomodo
1161 1847 1302 1881 parceret

347 1883 632 1923 impoenitentibus
663 1889 693 1913 et
724 1883 894 1923 flagitiosis
924 1882 1116 1920 hominibus,
1145 1894 1240 1923 quum
1272 1890 1303 1915 et

347 1927 487 1957 infantes
510 1931 640 1966 propter
662 1931 792 1965 peccata
815 1931 943 1965 patrum
967 1925 1162 1957 ulciscatur?
1187 1926 1305 1965 Quam-

349 1969 459 2000 obrem
494 1968 654 1999 meutibus
687 1968 806 1999 nostris
839 1968 934 1999 altius
969 1967 1045 1999 haec
1080 1968 1225 2000 doctrina
1257 1975 1304 2001 cst

352 2010 535 2051 defigenda,
563 2017 599 2042 ut
632 2011 771 2051 primum
807 2011 961 2048 sciamus,
998 2011 1065 2041 Deo
1098 2022 1160 2041 non
1197 2013 1331 2043 statim*

352 2054 518 2085 brachium
553 2064 645 2084 suum
681 2054 720 2084 ad
756 2063 872 2094 poenas
903 2053 942 2084 de
971 2053 1063 2084 nobis
1097 2055 1331 2094 reposcendas*

351 2103 527 2131 exserente,
552 2107 616 2127 non
640 2106 708 2127 esse
731 2102 839 2127 tamen
863 2096 955 2127 nobis
977 2095 1217 2133 indulgendum,
1251 2108 1305 2127 ne-

353 2149 414 2179 que
446 2139 606 2170 faciendas
637 2139 728 2170 nobis
759 2138 904 2170 delitias:
936 2144 968 2169 et
996 2139 1139 2180 graviter
1167 2149 1185 2169 a
1215 2141 1306 2171 nobis

353 2182 476 2222 peccari
501 2181 655 2213 adversus
678 2181 779 2221 ipsius
808 2182 1018 2218 maiestatem,
1047 2182 1072 2212 si
1105 2187 1304 2222 peccatorum

351 2225 577 2264 impunitatem
609 2234 788 2264 speramusâ·
819 2224 965 2255 Deumve
995 2224 1126 2256 surdum
1159 2230 1213 2255 aut
1237 2235 1305 2256 cae-

351 2278 424 2299 cum
455 2266 547 2297 nobis
576 2267 738 2307 fingimus.
785 2267 911 2298 Deinde
939 2273 969 2297 et
1000 2266 1074 2299 hinc
1108 2267 1306 2308 discendum,

351 2310 510 2350 patienter
543 2320 612 2340 esse
645 2309 809 2340 ferendam
845 2319 967 2340 moram
1001 2310 1088 2341 illam
1124 2310 1305 2341 divinorum

351 2353 552 2388 iudiciorum,
584 2352 609 2383 si
640 2362 703 2382 non
735 2353 843 2383 statim
876 2363 932 2383 nos
963 2352 1001 2384 ab
1031 2353 1168 2383 inimicis
1191 2354 1308 2383 nostris

354 2395 505 2433 vindicat,
537 2405 633 2434 quum
666 2396 792 2426 iniuriis
822 2395 991 2433 afficimur,
1025 2400 1057 2426 et
1085 2395 1182 2426 veluti
1213 2395 1307 2426 malis

352 2437 534 2469 obruimur:
566 2438 620 2468 sed
645 2438 752 2477 potius
776 2438 830 2468 illa
853 2438 1043 2476 dissimulat,
1073 2444 1103 2468 ct
1126 2438 1228 2469 nostri
1252 2448 1307 2469 cu-

353 2491 422 2511 ram
447 2480 598 2511 abiecisse
623 2480 758 2511 videtur.
804 2481 993 2512 Cavendum
1017 2491 1094 2512 sane
1119 2491 1159 2511 ne
1189 2481 1307 2522 cogite-

352 2534 425 2554 mus
455 2534 512 2554 nos
543 2522 694 2554 oblivioni
725 2533 793 2554 esse
824 2523 863 2553 ab
894 2523 948 2554 illo
980 2523 1122 2560 traditos,
1154 2529 1184 2554 et
1207 2524 1308 2555 nostri

352 2575 463 2597 curam
487 2576 613 2596 omnem
639 2566 730 2596 illum
754 2567 915 2598 abiecisse.
962 2566 1044 2597 Nam
1076 2576 1152 2597 sane
1182 2571 1308 2598 contra-

352 2608 435 2639 rium
457 2618 607 2648 praesens
629 2607 764 2639 historia
783 2614 935 2641 testatur:
959 2608 1216 2649 quandoquidem
1236 2613 1309 2649 post

353 2649 506 2682 ducentos
540 2651 588 2682 vel
625 2657 782 2682 trecentos
816 2662 932 2690 annos,
968 2651 1118 2684 iudicium
1155 2651 1308 2683 adversus

1359 302 1556 336 Amalecitas
1587 304 1749 337 decretum
1781 310 1963 345 opportuno
1992 309 2136 344 tempore
2165 304 2319 336 exercuit.

1359 345 1427 376 Nae
1461 346 1566 379 inanis
1597 354 1629 379 et
1660 358 1743 379 vana
1774 347 1942 378 videbatur
1973 347 2027 377 illa
2058 346 2190 377 Domini
2221 347 2320 379 fuisse

1358 389 1575 427 comminatio,
1601 390 1675 422 licet
1698 392 1728 422 in
1754 390 1835 421 libro
1859 389 1940 431 legis
1964 390 2152 421 nominatim
2183 389 2318 421 describi

1358 431 1453 469 iussa,
1488 442 1568 472 quae
1603 438 1650 464 tot
1682 434 1744 464 iam
1770 433 1869 473 lapsis
1902 433 2038 464 saeculis
2061 442 2157 463 suum
2192 432 2319 463 exitum

1358 473 1500 505 nondum
1525 480 1594 507 erat
1617 482 1800 516 assequuta.
1846 474 1912 507 Sed
1937 475 2097 507 Dominus
2126 474 2214 505 illam
2239 474 2319 505 obli-

1358 516 1446 547 vioni
1478 518 1612 549 minime
1643 518 1834 550 tradiderat:
1865 525 1896 549 et
1925 518 2007 559 quod
2040 517 2162 548 tamdiu
2183 516 2317 554 distulit,

1359 569 1422 590 non
1446 570 1485 591 ex
1510 561 1700 601 impotentia
1722 562 1866 602 contigit,
1890 561 1980 602 quasi
2005 571 2068 592 non
2093 565 2198 602 posset
2222 560 2318 592 citius

1358 601 1384 632 si
1422 602 1589 634 voluisset:
1623 603 1677 635 sed
1709 610 1858 644 tanquam
1889 604 1921 634 in
1958 604 2085 644 speculo
2116 603 2229 635 docere
2259 613 2319 634 nos

1358 644 1468 682 voluit,
1493 656 1527 676 so
1549 656 1612 677 non
1637 657 1706 677 esse
1730 647 1821 678 nobis
1839 646 1992 677 similem:
2017 652 2052 677 ut
2071 645 2232 677 discamus
2251 655 2317 676 non

1358 696 1427 718 esse
1457 695 1521 718 tam
1551 689 1740 729 praecipites
1771 690 1803 719 in
1834 689 2027 720 ulciscendis
2060 689 2186 719 iniuriis
2220 697 2316 728 quam

1358 730 1423 760 fere
1445 741 1557 761 omnes
1580 741 1703 763 sumus.
1749 731 1838 763 Sunt
1867 732 1951 762 enim
1983 732 2084 763 nostri
2108 731 2242 763 affectus
2266 741 2316 762 ar-

1357 772 1535 810 dentiores,
1570 780 1602 804 ot
1639 774 1677 804 ad
1713 774 1848 814 primam
1883 774 2033 804 iniuriam
2069 773 2159 805 nobis
2193 773 2316 805 illatam

1359 814 1465 846 Deum
1495 816 1652 848 vellemus
1683 817 1792 857 fulgur
1815 826 1832 847 e
1861 815 1948 848 coelo
1978 815 2121 853 iaculari,
2152 821 2183 846 et
2213 826 2267 847 eos
2298 826 2317 847 a

1357 857 1472 897 quibus
1491 858 1648 890 laedimur
1666 860 1775 890 statim
1797 858 1835 890 ad
1857 858 1977 890 inferos
1997 858 2184 890 detrudere:
2205 863 2236 890 et
2256 859 2317 890 nisi

1358 901 1441 931 votis
1476 901 1664 933 ardentibus
1698 906 1731 932 et
1764 902 1958 942 importunis
1988 900 2189 941 respondeat,
2224 901 2320 932 vehe-

1357 948 1482 974 menter
1504 943 1712 985 indignamur
1736 950 1767 975 et
1790 945 1849 984 ipsi
1874 944 2086 984 obloquimur.
2132 944 2177 974 At
2208 949 2319 975 contra

1358 985 1447 1016 Deus
1471 996 1529 1017 nos
1553 986 1641 1018 docet
1666 987 1698 1018 in
1723 988 1827 1027 ipsum
1855 997 1966 1018 omnes
1993 986 2097 1017 illatas
2122 985 2212 1017 nobis
2235 987 2318 1018 iniuâ€”

1357 1029 1420 1059 rias
1443 1029 1584 1066 reiicere,
1615 1035 1647 1060 et
1675 1029 1714 1060 ab
1744 1030 1812 1070 ipso
1834 1030 1900 1061 solo
1923 1029 2061 1070 pendere
2085 1035 2118 1060 et
2141 1029 2312 1060 vindictam

1357 1076 1535 1112 opportuno
1554 1077 1697 1113 tempore
1717 1078 1910 1113 exspectare.
1934 1072 2047 1112 Neque
2061 1072 2145 1102 enim
2167 1076 2312 1103 nostrum

1356 1119 1404 1144 est
1428 1114 1495 1145 Deo
1519 1121 1647 1155 tempus
1671 1116 1856 1156 praefigere,
1888 1120 1918 1146 et
1949 1115 2049 1146 veluti
2082 1115 2237 1146 terminos
2259 1124 2314 1155 po-

1356 1167 1442 1187 nere.
1479 1157 1542 1188 Sed
1567 1168 1664 1198 quum
1689 1159 1800 1190 faciem
1826 1168 1915 1189 suam
1940 1158 2125 1195 occuluisse,
2148 1157 2198 1188 vel
2223 1167 2311 1189 aver-

1356 1201 1433 1231 tisse
1456 1210 1474 1230 a
1497 1200 1589 1232 nobis
1614 1200 1785 1239 videbitur,
1810 1200 2021 1232 nihilominus
2044 1206 2150 1231 tamen
2175 1199 2311 1241 digitum

1355 1242 1402 1273 ori
1433 1248 1541 1274 nostro
1569 1253 1777 1284 opponamus,
1810 1249 1841 1274 et-
1870 1244 1902 1274 in
1934 1244 2037 1275 sinum
2069 1242 2156 1274 illius
2186 1247 2313 1275 nostros

1355 1295 1465 1316 omnes
1489 1287 1630 1326 gemitus
1654 1286 1867 1326 deponamus:
1903 1291 1933 1317 et
1962 1285 2116 1326 improbis
2139 1286 2312 1317 saevienti-

1355 1328 1421 1363 bus,
1445 1333 1477 1359 et
1500 1329 1590 1360 laxas
1614 1328 1756 1361 habenas
1781 1328 1819 1360 ad
1841 1329 1972 1370 quasvis
2002 1329 2135 1360 iniurias
2163 1328 2310 1360 habentiÎ‡

1355 1370 1422 1409 bus,
1447 1371 1656 1403 nihilominus
1687 1372 1900 1412 quiescamus,
1931 1376 1963 1402 et
1993 1373 2026 1402 in
2050 1371 2176 1402 silentio
2199 1376 2230 1402 et
2255 1381 2310 1412 pa-

1354 1414 1466 1445 tientia
1491 1414 1601 1445 horam
1626 1419 1656 1445 et
1680 1415 1950 1455 opportunitatem
1974 1414 2156 1445 divinorum
2180 1414 2312 1445 iudicio-

1354 1467 1425 1487 rum
1457 1462 1690 1497 exspectemus.
1744 1457 1914 1489 Caeterum
1946 1468 1986 1488 ne
2019 1457 2203 1488 dubitemus
2236 1457 2313 1496 quin

1353 1499 1444 1530 Deus
1467 1500 1542 1530 olim
1563 1510 1681 1540 poenas
1700 1500 1739 1531 ab
1759 1500 1898 1532 inimicis
1917 1504 2031 1534 sumat.
2054 1505 2084 1530 et
2107 1499 2145 1530 de
2164 1499 2315 1531 omnibus

1353 1542 1503 1573 ecclesiae
1533 1543 1631 1573 illatis
1662 1543 1789 1575 iniuriis
1818 1543 1976 1574 rationem
2008 1547 2161 1582 reposcat.
2208 1541 2314 1581 Quam

1354 1585 1437 1616 enim
1463 1585 1558 1616 aliam
1583 1586 1621 1616 ob
1645 1595 1774 1617 causam
1799 1585 1852 1617 hic
1876 1585 2021 1616 videmus
2034 1584 2231 1616 Amalecitas
2250 1595 2317 1616 una

1353 1628 1573 1659 internecione
1607 1628 1737 1664 deletos,
1768 1629 1830 1660 nisi
1860 1629 1943 1669 quod
1968 1627 2058 1659 Deus
2089 1627 2242 1669 populum
2267 1626 2314 1659 Is-

1354 1670 1472 1702 raelem
1496 1671 1556 1702 sibi
1581 1671 1745 1712 delegerat
1767 1672 1798 1702 in
1824 1671 1995 1711 peculium,
2020 1671 2110 1702 cuius
2134 1680 2168 1701 sc
2189 1676 2315 1711 protec-

1354 1718 1456 1744 torem
1481 1713 1684 1754 ultoremque
1708 1714 1809 1745 voluit
1833 1712 2076 1745 demonstrare?
2101 1713 2214 1753 Neque
2238 1723 2316 1744 vero

1354 1756 1418 1787 suit
1442 1757 1608 1797 proprium
1633 1756 1717 1788 istud
1745 1757 1920 1788 Abrahami
1945 1755 2045 1787 soboli
2069 1755 2190 1787 carnali
2214 1755 2315 1796 privi-

1355 1799 1491 1839 legium:
1525 1799 1579 1831 sed
1616 1798 1764 1831 omnibus
1793 1810 1964 1831 commune
1992 1799 2044 1839 qui
2079 1809 2157 1830 vera
2185 1799 2248 1830 fide
2281 1799 2315 1829 in

1354 1842 1454 1882 ipsius
1495 1843 1724 1881 promissiones
1763 1843 1963 1874 recumbunt.
2020 1842 2087 1872 lam
2131 1851 2208 1872 vero
2244 1845 2316 1882 post

1355 1884 1478 1916 Christi
1505 1884 1638 1916 Domini
1662 1886 1694 1916 in
1719 1885 1777 1917 has
1808 1891 1910 1916 terras
1933 1884 2107 1916 adventum
2133 1883 2222 1915 Deus
2246 1894 2315 1921 gra-

1356 1928 1470 1958 tuitam
1512 1938 1602 1959 suam
1637 1927 1840 1969 adoptionem
1876 1928 1908 1959 in
1943 1937 2053 1958 omnes
2090 1932 2195 1958 terrae
2235 1927 2316 1959 fines

1356 1971 1450 2011 longe
1473 1971 1600 2011 lateque
1623 1972 1833 2012 propagavit:
1867 1981 1902 2002 ac
1926 1970 2058 2011 proinde
2080 1970 2110 2000 in
2135 1969 2236 2010 ipsius
2260 1969 2314 1999 do-

1356 2013 1496 2044 mesticis
1527 2013 1683 2044 habemur
1714 2019 1745 2045 et
1775 2024 1894 2045 sumus.
1940 2013 2052 2053 Itaque
2083 2017 2208 2043 nostrae
2239 2016 2316 2043 sunt

1356 2056 1431 2087 illae
1454 2056 1691 2096 promissiones,
1721 2056 1790 2087 Deo
1814 2067 1871 2087 nos
1901 2060 1966 2087 tam
1997 2065 2086 2087 caros
2116 2060 2147 2085 et
2169 2059 2314 2095 acceptos

1357 2109 1426 2129 esse
1455 2105 1491 2130 ut
1520 2098 1737 2130 custodiamur
1766 2099 1804 2130 ab
1835 2099 1903 2139 ipso
1926 2103 2081 2139 tanquam
2106 2097 2233 2138 nigrum
2256 2107 2314 2138 puâ€”

1331 2172 1333 2175 ,
1358 2142 1453 2181 piliae
1475 2141 1574 2172 oculi:
1600 2152 1636 2174 ac
1660 2142 1793 2182 proinde
1816 2151 1985 2182 persuasos
2007 2151 2076 2172 esse
2100 2150 2157 2171 nos
2180 2145 2314 2180 oportet,

1358 2184 1447 2214 illum
1471 2195 1598 2225 semper
1621 2195 1689 2216 esse
1713 2184 1796 2225 quod
1825 2184 1975 2225 promisit
2001 2183 2234 2224 perfecturum:
2265 2183 2315 2214 Ne

1359 2227 1488 2267 tangite,
1524 2227 1636 2267 inquit,
1671 2232 1783 2259 unctos
1817 2237 1912 2265 meos,
1947 2232 1979 2258 et
2012 2236 2120 2257 servos
2153 2235 2241 2257 meos
2274 2236 2315 2257 ne

1359 2270 1474 2300 afficite
1505 2270 1597 2301 malo.
1644 2270 1726 2301 Nam
1758 2270 1783 2301 si
1814 2270 1898 2301 filios
1922 2279 1994 2301 suos
2019 2273 2110 2300 vocat
2139 2267 2315 2299 Abrahami

1360 2317 1512 2352 posteros,
1532 2313 1564 2343 in
1578 2313 1770 2344 obscuritate
1790 2312 1868 2353 legis
1888 2312 1993 2344 adhuc
2013 2311 2190 2348 haerentes,
2209 2321 2317 2342 nonne

1360 2355 1459 2385 multo
1490 2356 1594 2396 magis
1627 2366 1712 2387 nunc
1743 2366 1854 2387 sumus
1886 2355 1940 2386 filii
1971 2355 2002 2385 in
2034 2353 2176 2385 Domino
2209 2359 2316 2385 nostro

1360 2397 1430 2428 Iesu
1456 2398 1594 2435 Christo,
1619 2399 1671 2439 qui
1696 2398 1734 2429 ad
1759 2398 1896 2432 salutem
1920 2402 2062 2429 nostram
2082 2395 2314 2436 plenitudinem

1360 2450 1482 2471 omnem
1508 2441 1630 2481 gratiae
1654 2440 1799 2482 aceepit?
1846 2440 1913 2471 Nos
1934 2440 2041 2479 itaque
2066 2440 2125 2470 iam
2151 2449 2266 2480 corpus
2284 2443 2317 2470 et

1361 2483 1527 2514 veritatem
1553 2483 1707 2515 habemus
1735 2484 1880 2515 omnium
1911 2487 2056 2514 veterum
2088 2482 2214 2512 illarum
2246 2491 2316 2512 um-

1360 2524 1487 2555 brarum
1518 2531 1549 2556 et
1576 2527 1764 2567 figurarum.
1822 2525 2028 2565 Quapropter
2058 2525 2190 2555 minime
2225 2523 2316 2555 dubi-

1361 2567 1491 2598 tandum
1518 2569 1592 2608 quin
1618 2579 1673 2600 nos
1697 2569 1736 2600 ad
1761 2579 1794 2600 se
1818 2569 1907 2600 Deus
1930 2568 2080 2608 recipiat:
2112 2571 2143 2598 ot
2165 2567 2242 2607 quin
2267 2567 2316 2597 in-

1362 2615 1494 2641 vocatus
1518 2612 1548 2641 in
1573 2611 1678 2643 medio
1702 2613 1803 2643 nostri
1826 2611 1883 2642 sit:
1906 2611 1982 2650 quin
2007 2610 2135 2641 afflictis
2158 2619 2248 2650 opem
2272 2608 2316 2640 fe-

1361 2658 1418 2683 rat.
1469 2654 1512 2684 Ac
1536 2654 1561 2684 si
1586 2666 1643 2686 nos
1667 2655 1808 2694 patiatur
1830 2652 1916 2685 caedi
1940 2658 1972 2684 et
1996 2654 2027 2684 in
2048 2652 2186 2685 hostium
2210 2654 2315 2692 potes-
