2551 3044
137 206 200 237 509

137 304 332 341 provocatus
356 300 474 330 iniuria
498 302 720 338 persequatur.
766 297 880 337 Neque
906 308 983 328 vero
1007 298 1106 328 simu-

138 343 221 374 latas
239 343 319 373 istas
336 351 431 373 voces
450 340 656 377 arbitremur,
681 349 758 378 quas
779 340 941 379 lacrymae
954 346 1108 378 sequutae

141 389 233 423 sunt,
265 389 362 415 testes
396 383 611 415 conscientiae
641 392 722 421 quae
752 382 857 422 ipsum
883 382 1107 422 redarguebat,

782 206 827 236 IN
852 206 873 236 1.
902 206 987 236 11113.
1013 206 1211 237 SAMUEL.
1236 206 1330 237 (fM‘.
1355 207 1483 239 xxiv.

140 433 173 458 et
185 437 267 466 quae
281 425 463 456 naturalem
483 425 624 464 aliquem
644 424 794 455 affectum
820 425 938 454 bonum
964 425 995 454 in
1010 425 1108 455 Saule
1134 450 1135 466 3

141 469 301 509 reIIquum
334 467 548 503 declarabant,
580 471 616 497 ut
642 467 759 496 merito
783 466 844 496 dici
870 476 962 506 posse
986 467 1109 497 videre·
1134 472 1135 478 ¹

139 516 194 542 tur
223 510 262 541 ad
286 520 398 541 sanam
422 514 563 539 mentem
588 508 738 546 rediisse,
769 514 800 538 et
824 509 898 540 facti
922 509 971 539 sui
995 509 1108 548 poeni-

141 553 242 584 tentia
265 552 346 589 duei,
371 551 455 591 quod
479 557 544 581 tam
569 549 691 590 perfide
715 550 841 581 fidelem
867 562 997 581 servum
1025 557 1107 581 esset

139 599 371 636 persequutus:
403 598 494 624 tanta
525 593 586 623 fuit
610 592 746 623 Davidis
772 593 862 624 vocis
883 594 940 630 vis,
966 597 1001 623 ut
1026 593 1108 624 hane
1134 598 1135 602 ’

139 637 373 669 confessionem
396 636 443 666 illi
463 635 617 666 elicuerit.
642 635 685 665 Et
710 646 773 665 non
799 635 931 666 dubium
957 640 1005 666 est
1030 636 1107 674 quin

140 679 229 711 Deus
258 680 367 719 ipsum
396 677 631 718 quodammodo
661 677 828 709 sublevare
861 678 999 708 voluerit-
1022 677 1107 708 labo·

126 723 283 753 'rantem:
309 725 347 751 ut
367 720 401 750 in
426 724 590 759 posterum
614 720 755 759 reliquas
779 720 959 751 affictiones
982 721 1107 760 patien-

139 770 189 795 ter
219 763 303 794 ferre
334 768 570 802 perseveraret,
602 763 656 801 qui
689 762 852 793 didicisset
876 762 987 793 doctus
1012 773 1107 802 expe—

138 806 274 844 rientia,
310 805 417 836 Deum
452 815 516 835 non
552 805 741 843 permittere
775 814 850 835 51105
884 805 916 835 10
953 805 1105 844 praedam
1133 809 1134 812 ’

138 848 286 880 hostibus
327 847 440 878 cedere
482 846 649 877 laniandos
683 852 715 877 et
749 847 910 878 vorandos
944 848 984 877 ab
1019 847 1105 886 ipsis,

136 891 212 923 licet
234 891 267 920 in
290 889 376 929 ipsas
401 889 501 921 veluti
526 889 674 929 luporum
697 889 805 920 fauces
829 889 1015 920 inciderint:
1051 890 1105 920 sed

136 932 264 964 fidelem
287 942 356 963 esse
375 937 548 971 pastorem,
572 931 625 971 qui
646 941 722 962 suas
745 942 821 963 oves
841 931 997 963 adversus
1011 942 1106 971 quas-

136 975 217 1006 libet
234 975 377 1006 ferarum
401 975 602 1005 incursiones
626 979 774 1013 protegat
798 979 830 1004 et
854 978 994 1004 tueatur.
1040 974 1105 1004 Nos

135 1019 245 1057 itaque
276 1017 439 1047 discamus
467 1026 529 1046 non
555 1026 663 1047 eorum
689 1026 760 1047 esse
783 1016 998 1047 conditionem
1025 1017 1105 1056 opti-

133 1069 219 1090 mam
253 1059 307 1099 qui
342 1069 537 1099 magnopere
571 1069 641 1089 sese
676 1059 833 1095 efferunt,
865 1066 896 1089 et
928 1058 1008 1089 nihil
1042 1059 1105 1089 nisi

133 1102 327 1142 sanguinem
357 1108 390 1131 et
420 1101 533 1132 caedes
557 1106 707 1140 crepantz
740 1100 796 1132 sed
822 1101 932 1131 beatos
955 1111 1026 1132 esse
1050 1102 1103 1140 qui

134 1144 193 1176 sub
219 1144 279 1175 Dei
310 1143 412 1174 tutela
436 1150 468 1174 et
491 1143 650 1182 praesidio
674 1143 834 1183 patienter
858 1144 996 1174 aliorum
1021 1144 1105 1173 iniu-

135 1187 200 1218 rias
227 1187 345 1217 ferunt.
392 1185 584 1216 Cavendum
608 1185 719 1225 itaque
742 1197 782 1216 ne
806 1186 974 1226 praecipiti
998 1186 1104 1216 studio

136 1229 229 1260 nobis
259 1228 427 1259 consulere
456 1227 659 1259 studeamus:
692 1228 782 1259 cuius
812 1229 936 1259 exitum
969 1228 1035 1258 fore
1059 1230 1106 1259 in-

135 1271 337 1302 fortunatum
361 1269 452 1302 Deus
482 1269 632 1301 ostendit.
680 1271 785 1301 Deine
817 1271 1019 1301 voluntatem
1050 1271 1105 1302 ho-

134 1313 321 1345 munciones
340 1312 611 1343 immutabimus?
637 1312 857 1351 Quamobrem
877 1313 928 1343 his
951 1314 1104 1353 tempori—
1130 1327 1131 1355 ᾗ

135 1355 205 1394 1105,
227 1355 346 1395 quibus
365 1355 525 1396 evangelii
550 1355 655 1386 lucem
680 1355 791 1386 hostes
816 1356 1001 1395 opprimere
1027 1356 1103 1386 viri·
1129 1370 1131 1382 s

136 1398 196 1430 bus
229 1398 379 1429 omnibus
409 1398 567 1434 nituntur,
599 1408 774 1428 caveamus
798 1409 852 1433 ne,
884 1398 958 1429 lieet
983 1399 1104 1429 multae
1129 1400 1131 1425 ἒ

136 1441 278 1472 rationes
301 1445 471 1471 occurrant
495 1450 559 1470 non
583 1445 709 1471 tantum
741 1440 917 1480 effugiendi
948 1441 1102 1480 pericula,

136 1483 193 1515 sed
231 1483 327 1514 etiam
367 1482 573 1522 evangelium
603 1482 753 1522 plurimis
784 1483 861 1514 locis
891 1483 1102 1523 propagandi,

136 1525 312 1565 quidquam
351 1528 459 1556 tamen
494 1530 615 1556 temere
646 1525 876 1565 suscipiamus,
916 1525 978 1556 nisi
1009 1526 1102 1556 firmo

135 1567 348 1599 fundamento
378 1567 532 1605 nitamur,
561 1567 646 1607 quod
677 1568 796 1607 alioqui
826 1575 959 1599 conatus
990 1578 1102 1599 omnes

136 1610 345 1641 nostrisint
387 1610 471 1640 irriti
505 1610 617 1640 futuri.
670 1609 878 1650 Quapropter
913 1621 963 1641 res
998 1611 1102 1641 omnis

136 1653 206 1684 Deo
239 1651 487 1689 committenda,
523 1658 554 1683 et
589 1652 628 1683 ad
663 1653 764 1692 ipsius
799 1653 958 1684 auxilium
993 1654 1102 1684 confu-

135 1695 299 1735 giendum,
329 1702 366 1725 ut
391 1695 445 1734 qui
475 1695 648 1725 autoritate
671 1695 778 1734 aliqua.
802 1695 908 1734 pollet,
934 1705 972 1726 ea
994 1700 1103 1726 tamen

135 1738 182 1768 uti
210 1737 270 1768 sibi
302 1747 368 1768 non
398 1737 495 1768 licere
525 1743 687 1777 agnoscat.
717 1738 778 1768 nisi
804 1738 895 1769 Deus
926 1737 1043 1775 iubeat,
1067 1749 1103 1769 ac
1128 1754 1130 1757 ·

135 1779 270 1810 minime
301 1778 427 1810 dubitet
450 1780 528 1819 quin
552 1779 643 1810 Deus
668 1779 863 1810 humilitatis
886 1780 989 1820 ipsius
1012 1781 1103 1811 testis

133 1822 184 1859 sit,
208 1828 241 1852 et
262 1832 362 1861 quum
386 1826 605 1861 opportunum
630 1822 691 1852 erit
714 1823 753 1853 ad
778 1823 937 1853 auxilium
954 1829 1103 1854 accurrat

133 1863 302 1901 laboranti,
333 1864 416 1904 quod
448 1865 599 1895 omnibus
630 1865 799 1904 praesidiis
832 1864 984 1896 humanis
1008 1865 1104 1906 longe

133 1907 176 1938 sit
204 1906 417 1938 excellentius
448 1906 606 1938 futurum.
653 1907 697 1938 Et
728 1907 807 1938 haec
838 1907 1025 1938 meditanda
1055 1912 1104 1939 est

132 1948 280 1980 doctrina
310 1948 449 1980 Davidis
483 1949 650 1990 exemplo,
687 1960 782 1989 quem
815 1950 926 1981 Saulis
957 1950 1103 1981 animum

133 1991 226 2031 prius
255 1991 305 2022 ira
327 1997 359 2022 et
382 1991 455 2022 odio
479 1991 635 2023 adversus
657 1992 764 2032 ipsum
789 1993 951 2023 furentem
976 1992 1104 2024 leniisse

137 2038 168 2065 et
190 2033 335 2074 placasse
358 2033 467 2064 verbis
490 2034 602 2065 amicis
627 2035 926 2066 animadvertimus.
951 2035 996 2066 Et
1019 2035 1103 2075 quod

137 2076 197 2108 hoc
219 2076 405 2116 exemplum
429 2077 521 2107 nobis
544 2077 645 2107 oculis
665 2077 806 2115 subiicit,
829 2077 915 2108 idem
940 2078 972 2107 10
985 2088 1104 2117 genere

137 2117 269 2150 Solomo
310 2118 419 2150 docet:
453 2119 600 2150 Lenibus
633 2119 742 2150 verbis
778 2120 934 2150 violentos
968 2120 1104 2151 affectus

137 2165 169 2192 et
196 2161 398 2193 iracundiam
424 2161 542 2202 frangi.
587 2161 654 2193 Nos
677 2162 778 2202 igitur
800 2162 1022 2202 improborum
1048 2162 1103 2192 ho-

138 2203 261 2234 minum
296 2208 328 2234 et
364 2204 587 2244 arrogantium
625 2204 730 2235 minas
761 2210 793 2235 et
821 2204 956 2236 consilia
986 2205 1103 2244 quibus

138 2245 219 2277 nihil
249 2246 310 2277 nisi
345 2246 499 2283 dedecus,
533 2246 690 2286 iniurias,
720 2247 833 2278 caedes
874 2247 1105 2278 machinantur
1130 2261 1131 2266 =

138 2289 286 2327 fracturi,
320 2295 430 2320 nostra
462 2288 648 2320 innocentia
677 2299 737 2320 nos
768 2294 936 2327 tueamur,
970 2299 1005 2320 re
1034 2290 1103 2329 ipsa
1129 2307 1130 2311 =

1129 2342 1130 2362 ς
1156 2331 1278 2362 5100010
1313 2330 1447 2361 alicuius
1471 2329 1659 2360 admittunt:
1690 2327 1770 2366 quin
1794 2327 1858 2357 imo
1882 2327 2026 2366 graviter
2049 2336 2122 2356 suc-

138 2329 335 2362 declaremus
366 2342 424 2363 nos
453 2342 517 2362 non
547 2341 665 2371 cupere
696 2331 781 2362 mala
799 2332 893 2363 malis
917 2331 1103 2372 rependere,

137 2373 193 2404 sed
209 2373 254 2404 ita
272 2378 383 2404 tamen
402 2378 438 2404 ut
455 2374 695 2413 improbitatem
720 2379 753 2405 et
775 2375 934 2405 malitiam
958 2376 1103 2414 ipsorum

137 2425 200 2446 non
220 2415 469 2454 dissimulemus,
492 2415 548 2447 sed
561 2416 737 2447 eorundem
761 2417 862 2448 oculis
885 2417 1102 2456 subficiamus,

138 2459 302 2498 ingratum
331 2458 478 2489 animum
508 2459 750 2498 exprobremus,
786 2466 817 2490 et
841 2459 971 2490 tandem
995 2469 1102 2499 perse-

138 2500 324 2532 verantibus
347 2501 381 2531 in
405 2501 608 2532 contumacia
631 2506 662 2532 et
685 2501 861 2532 rebellione
884 2501 969 2532 diem
993 2512 1101 2532 eoram

138 2540 201 2573 Dei
231 2543 386 2574 tribunali
418 2543 571 2579 dicamus,
603 2548 638 2574 ut
670 2543 783 2575 fecisse
814 2544 974 2575 Davidem
1007 2550 1103 2575 antea

138 2584 289 2616 vidimus.
335 2585 442 2624 Quam
471 2586 629 2617 rationem
660 2592 830 2625 sequentes
853 2596 894 2617 ne
918 2585 1102 2617 dubitemus

1129 2423 1130 2427 ’
1156 2415 1361 2452 detrahatur,
1394 2413 1477 2454 quod
1508 2413 1596 2444 nefas
1624 2412 1676 2443 sit.

137 2626 217 2666 quin
239 2627 330 2659 Deus
351 2632 511 2668 protegat,
542 2638 664 2668 suoque
686 2629 808 2660 auxilio
831 2629 877 2660 sic
899 2628 1040 2666 adiuvet,
1066 2633 1102 2659 ut
1127 2652 1129 2659 ,

2069 208 2131 238 :310

1163 299 1201 329 ad
1225 300 1328 338 ipsum
1354 301 1562 340 confugiendi
1585 302 1616 331 in
1643 302 1736 332 rebus
1761 302 1906 341 angustis
1931 301 2128 332 occasionem

1163 340 1355 380 habeamus,
1387 350 1417 373 ct
1449 344 1480 373 111
1515 344 1671 383 patientia.
1701 354 1759 374 nos
1783 343 2014 381 confirmandi,
2044 344 2128 384 quod

1162 383 1262 422 ipsius
1302 385 1458 415 auxilium
1495 386 1620 425 experti
1657 396 1719 416 non
1755 385 1940 416 dubitemus
1976 386 2053 425 quin
2088 386 2128 416 ad

1162 426 1259 456 finem
1281 437 1382 466 usque
1401 429 1442 457 sit
1462 430 1719 458 continuaturus.
1745 429 1791 458 Ae
1816 427 1948 467 proinde
1972 428 2017 459 510
2041 438 2128 458 00111-

1161 468 1264 506 parati
1295 470 1431 507 erimus,
1462 477 1495 500 ut
1527 477 1689 509 acceptam
1721 470 1872 501 iniuriam
1905 471 1930 501 si
1965 471 2068 501 altera
2098 477 2128 501 et

1162 510 1256 539 tertia
1276 517 1439 550 sequatur,
1464 513 1625 552 patienter
1642 513 1782 543 seramus
1805 523 1841 543 ea
1865 512 2126 551 mansuetudine,

1161 562 1255 590 quam
1284 553 1371 584 Deus
1396 554 1491 591 iubet,
1517 554 1662 594 praediti.

1247 594 1311 625 Sed
1342 597 1426 634 agite
1456 595 1564 627 Saulis
1594 597 1813 636 expendamus
1844 597 1989 637 singulas
2024 607 2126 634 voces,

1162 635 1322 666 Davidem
1335 638 1436 675 silium
1449 649 1541 669 51111111
1562 644 1663 676 vocat,
1683 638 1952 678 quemadmodum
1974 645 2003 669 et
2018 639 2125 670 David

1155 680 1278 716 patrem
1307 679 1412 718 ipsum
1442 681 1634 719 appellarat:
1667 692 1728 711 non
1759 689 1883 711 tantum
1918 687 2050 721 propter
2074 692 2127 712 00-

1161 721 1391 752 cessitudinem
1417 729 1448 752 et
1476 724 1641 753 affinitatis
1661 724 1926 757 coniunctionem,
1952 723 2035 763 quod
2055 723 2126 754 Da-

1161 763 1226 792 vidi
1242 762 1320 794 Saul
1346 764 1444 794 filiam
1469 776 1559 795 suam
1581 766 1810 802 collocavisset,
1836 766 1890 796 sed
1917 766 2013 796 etiam
2037 766 2122 805 quod

1161 815 1261 844 reges.
1289 816 1325 836 ae
1356 807 1516 846 principes
1550 818 1627 847 erga
1658 808 1801 838 subditos
1832 813 1958 847 oportet
1987 813 2123 847 paterno

1160 847 1277 877 affectu
1291 858 1360 879 esse
1375 850 1544 887 praeditos.
1564 850 1723 889 Equidem
1740 860 1815 881 vero
1830 850 1991 880 Davidem
2011 851 2125 890 fateor,

1160 900 1222 920 non
1256 890 1352 920 talem
1385 901 1461 931 erga
1491 902 1524 922 se
1555 892 1684 923 Saulem
1717 898 1887 932 expertum
1918 892 2034 923 fuisse:
2067 892 2123 923 sed

1160 932 1266 971 potius
1299 939 1474 972 tyrannum
1507 940 1536 964 ct
1568 934 1757 973 improbum.
1804 935 2041 966 Verumtamen
2070 934 2126 965 illa

1160 984 1237 1005 voce
1271 974 1380 1006 David
1416 975 1546 1007 Saulem
1587 977 1739 1007 excitavit
1778 981 1816 1007 ut
1850 977 1991 1007 officium
2026 987 2122 1007 suum

1159 1023 1356 1056 agnosceret,
1388 1025 1417 1048 et
1446 1018 1680 1049 humanitatem
1706 1019 1849 1058 aliquam
1872 1019 1927 1049 illa
1952 1019 2125 1058 compella-

1159 1059 1245 1089 tione
1276 1060 1376 1098 patris
1407 1060 1590 1091 admonitus
1621 1061 1785 1098 indueret,
1823 1066 1856 1091 et
1887 1061 1925 1091 ad
1958 1061 2122 1092 meliorem

1159 1107 1300 1132 mentem
1335 1102 1464 1133 rediret.
1512 1104 1589 1133 Saul
1622 1104 1721 1143 igitur
1753 1113 1830 1134 voce
1854 1103 1909 1133 illa
1932 1109 2121 1140 commotus,

1158 1154 1231 1173 eum
1262 1144 1362 1174 filium
1395 1151 1488 1176 vocat
1510 1156 1602 1184 quem
1628 1153 1723 1175 antea
1747 1152 1899 1184 tanquam
1925 1145 2122 1185 perduellem

1158 1190 1190 1216 et
1223 1186 1349 1217 hostem
1382 1188 1473 1227 regni
1505 1188 1727 1218 detestabilem
1760 1188 1909 1218 omnibus
1939 1188 2066 1224 fecerat,
2090 1193 2124 1218 et

1158 1228 1198 1258 ad
1222 1235 1359 1259 mortem
1379 1240 1450 1260 cum
1475 1231 1601 1270 magnis
1625 1230 1722 1269 copiis
1745 1230 1957 1269 quaesiverat.
1998 1230 2121 1260 Filium

1158 1270 1289 1310 inquam
1315 1276 1414 1309 vocat,
1446 1278 1476 1302 et
1501 1278 1665 1312 praeterea
1689 1283 1722 1302 se
1745 1272 1903 1311 perfidum
1928 1278 1960 1302 et
1982 1272 2120 1311 prodito-

1158 1323 1225 1343 rem
1257 1313 1376 1344 fatetur
1406 1320 1436 1345 et
1468 1315 1622 1354 agnoseit.
1661 1314 1743 1353 Quis
1775 1324 1851 1344 vero
1882 1314 1995 1345 fuisset
2024 1324 2123 1345 ausus

1158 1366 1267 1395 regem
1305 1356 1400 1387 huius
1435 1357 1578 1387 criminis
1612 1356 1823 1387 insimulare?
1877 1356 1959 1395 Quis
1988 1357 2123 1395 impune

1158 1398 1296 1438 tulisset,
1321 1400 1374 1438 qui
1389 1409 1495 1438 regem
1516 1405 1689 1439 tyrannum
1715 1406 1746 1429 et
1776 1399 1957 1438 improbum
1979 1399 2124 1434 dixisset,

1157 1440 1362 1471 innocentem
1387 1441 1560 1478 hominem,
1585 1447 1615 1472 et
1638 1442 1686 1472 cui
1711 1441 1861 1480 plurimis
1885 1441 2049 1471 beneficiis
2069 1440 2123 1471 de-

1157 1483 1284 1514 vinctus
1308 1489 1378 1514 erat
1402 1489 1467 1514 tam
1491 1483 1666 1515 crudeliter
1690 1489 1945 1523 persequentem.
1986 1483 2072 1513 Nam
2096 1483 2122 1514 si

1156 1525 1294 1557 Davidis
1320 1536 1448 1557 causam
1479 1536 1551 1557 cum
1577 1525 1684 1556 Saulis
1707 1535 1882 1564 compares,
1914 1526 2011 1556 istum
2037 1524 2122 1556 dices

1156 1578 1221 1598 non
1252 1568 1392 1607 potuisse
1423 1569 1461 1599 de
1491 1568 1545 1599 illo
1574 1568 1743 1607 conqueri,
1775 1578 1832 1598 nee
1861 1567 2005 1607 potuisse
2034 1567 2122 1598 illius

1156 1610 1351 1641 iniustitiam
1371 1620 1537 1642 accusare:
1563 1610 1726 1650 loquimur
1749 1617 1853 1640 autem
1869 1609 1906 1640 dc
1927 1609 2070 1640 humana
2092 1613 2125 1640 et

1156 1652 1242 1683 civili
1275 1653 1360 1683 inter
1390 1653 1536 1683 homines
1566 1653 1705 1691 iustitia,
1735 1658 1771 1682 ut
1801 1652 1959 1691 quomodo
1989 1662 2022 1682 se
2046 1662 2124 1691 erga

1156 1694 1288 1726 Saulem
1322 1695 1428 1725 David
1458 1695 1595 1735 gesserit
1625 1695 1855 1734 intelligamus.
1911 1694 1991 1725 Saul
2023 1694 2124 1733 igitur

1155 1738 1290 1777 ipsemetv
1321 1748 1378 1777 pro
1401 1737 1528 1768 Davide
1558 1737 1686 1773 iudicat,
1717 1742 1747 1766 et
1779 1736 1880 1776 ipsius
1904 1736 2124 1767 innocentiam

1155 1781 1310 1820 agnoscit,
1334 1790 1430 1819 quam
1456 1790 1550 1810 nemo
1575 1779 1731 1810 voluisset
1755 1789 1793 1809 ex
1818 1778 1931 1809 aulicis
1954 1784 2010 1809 aut
2033 1778 2126 1818 plebe

1156 1823 1249 1859 tueri,
1281 1833 1359 1861 quos
1389 1833 1500 1853 omnes
1530 1822 1636 1861 potius
1661 1821 1752 1851 Sauli
1775 1820 1967 1860 opportebat
1990 1820 2124 1856 adulari,

1156 1871 1185 1895 et
1210 1864 1371 1896 Davidem
1402 1876 1458 1904 pro
1487 1864 1630 1903 improbo
1655 1863 1764 1893 haberi
1789 1873 1883 1902 quem
1908 1862 1988 1893 Saul
2013 1862 2123 1893 oderat

1157 1912 1188 1937 et
1208 1908 1470 1947 persequebatur.
1497 1909 1602 1945 Atque
1621 1906 1701 1936 istae
1725 1912 1799 1935 sunt
1824 1905 1960 1935 nimium
1987 1905 2123 1935 usitatae

1156 1950 1240 1980 inter
1259 1949 1406 1980 homines
1427 1949 1636 1980 adulationes.
1663 1948 1744 1978 Nam
1765 1947 1850 1986 quod
1875 1947 1995 1977 iudices
2020 1947 2121 1976 hono-

1156 1991 1251 2022 randi
1282 1997 1369 2029 sunt,
1401 1997 1432 2022 et
1462 1991 1596 2022 decretis
1619 2000 1653 2021 ac
1678 1990 1846 2020 sententiis
1865 1989 2010 2028 ipsorum
2034 1994 2121 2019 stan-

1157 2034 1233 2065 dum
1257 2040 1288 2065 et
1311 2033 1576 2074 acquiescendum
1601 2039 1657 2069 est,
1685 2031 1766 2071 quod
1791 2031 1932 2070 alioquin
1954 2031 2075 2071 passim
2089 2031 2123 2060 in

1157 2077 1252 2107 terris
1276 2077 1408 2108 confusa
1431 2076 1537 2107 omnia
1562 2080 1675 2111 esseut,
1709 2074 1776 2109 hoc,
1808 2074 1950 2112 inquam,
1981 2073 2122 2113 specioso

1157 2124 1336 2159 praetextu,
1361 2119 1415 2158 qui
1440 2119 1479 2148 ad
1504 2128 1611 2148 rerum
1636 2116 1855 2156 gubernacula
1879 2115 2001 2152 sedent,
2026 2120 2057 2146 et
2080 2115 2121 2146 ad

1158 2161 1325 2201 dignitatis
1355 2161 1493 2200 aliquem
1525 2160 1660 2200 gradum
1688 2158 1790 2189 evecti
1814 2164 1902 2196 sunt,
1933 2158 2006 2188 licet
2030 2164 2121 2197 petu-

1157 2204 1336 2234 lantissime
1349 2214 1383 2234 se
1402 2207 1524 2243 gerant,
1549 2201 1736 2240 coelumque
1755 2205 1860 2231 terrae
1882 2200 2016 2230 miscere
2040 2199 2122 2230 velle

1158 2245 1340 2283 videantur,
1372 2245 1507 2285 Deoque
1532 2244 1592 2283 ipsi
1616 2249 1645 2274 et
1670 2248 1805 2273 naturae
1829 2242 1940 2272 iniurii
1963 2242 2038 2279 sint,
2062 2241 2121 2272 sibi

1156 2293 1262 2318 tamen
1294 2288 1356 2319 ista
1387 2298 1451 2318 non
1481 2287 1650 2327 patiuntur
1680 2285 1784 2322 obiici,
1815 2294 1918 2324 neque
1949 2283 2122 2323 reprehen-

1155 2377 1298 2409 censent,
1329 2372 1419 2412 quasi
1450 2372 1488 2402 de
1518 2372 1661 2411 ipsorum
1691 2369 1851 2409 probitate
1879 2375 1910 2399 et
1934 2368 2122 2408 integritate

1724 2410 1787 2442 Sed
1815 2416 1850 2442 ut
1871 2411 1950 2442 istos
1973 2411 2121 2441 omittam

1155 2457 1352 2497 impudentis
1365 2457 1480 2487 frontis
1494 2455 1652 2491 homines,
1672 2459 1703 2484 et
1722 2454 1789 2485 suis
1814 2453 1900 2484 vitiis
1923 2453 2121 2484 condemua-

1155 2506 1214 2538 tos,
1238 2499 1312 2539 quid
1326 2499 1365 2530 de
1377 2499 1416 2529 iis
1436 2498 1580 2529 dicemus
1599 2496 1888 2531 concionatoribus,
1913 2496 1967 2535 qui
1992 2495 2121 2526 virtutis

1155 2542 1259 2581 speeie
1300 2551 1395 2572 suum
1436 2551 1555 2571 munus
1590 2539 1770 2570 miserrime
1804 2537 1976 2578 polluunt?
2026 2537 2121 2574 Nam,

1155 2585 1260 2621 aiunt,
1292 2582 1551 2623 quandoquidem
1583 2581 1794 2621 magistratus
1823 2590 1873 2611 me
1897 2579 2020 2620 probat,
2051 2580 2122 2619 quis

1157 2627 1272 2658 merito
1302 2636 1354 2657 me
1385 2623 1625 2665 reprehendat?
1672 2623 1789 2654 Nonne
1812 2623 1996 2654 libertatem
2019 2621 2120 2652 habeo
