2551 3044
349 218 412 250 375

352 311 430 342 Saul
453 311 483 340 in
506 309 722 340 Ionathanum
742 308 928 344 insurrexit,
953 306 1161 348 graviterque
1180 306 1320 345 primum

350 352 510 392 increpuit
549 361 640 388 enar:
682 360 803 382 vocans
844 350 946 381 filium
989 349 1134 379 mulieris
1176 349 1319 387 iniquae:

351 395 441 434 quasi
465 394 582 433 aliquis
605 394 743 432 aliquem
764 403 782 423 a
801 403 834 424 se
855 393 1011 423 facessere
1035 390 1159 430 iubens,
1183 389 1320 420 diceret:

352 437 489 468 Facesse
513 435 598 472 hinc,
624 435 667 466 tili
692 435 799 467 scorti.
845 433 963 465 Videte
988 433 1129 464 hominis
1145 433 1319 463 ,infamiam

352 479 404 518 qui
437 478 539 509 filium
574 488 638 508 non
670 482 841 508 contentus
871 475 1069 508 contumelia
1099 474 1256 512 affecisse,
1287 474 1320 504 in
1346 496 1347 506 l

1346 523 1347 531 ¹
1372 516 1483 547 sertim
1507 515 1561 554 qui
1585 514 1624 545 ad
1649 524 1758 545 rerum
1782 514 2000 554 gubernacula
2023 513 2145 549 sedent,
2169 523 2248 552 quos
2272 513 2337 553 ple·

354 564 436 594 vivis
459 567 656 594 excesserat:
691 566 748 593 aut
771 561 877 593 adhuc
901 560 1045 591 vivebat:
1080 559 1136 591 sed
1160 565 1234 590 utut
1268 559 1320 597 sit,
1346 558 1347 597 ζ

353 526 490 552 matrem
515 520 611 550 etiam
635 520 736 560 ipsius
760 524 807 550 est
830 518 983 550 iniurius:
1018 527 1100 558 quae
1123 517 1258 548 sortasse
1281 526 1320 547 ex

352 616 408 637 cur
437 606 469 635 in
502 614 570 635 eam
602 604 706 635 fertur
736 604 804 635 eius
835 601 1025 634 iracundia?
1071 601 1264 632 Fanaticum
1288 607 1319 632 et

353 649 504 678 insanum
529 646 692 678 hominem
714 647 829 678 merito
853 645 1006 685 dicemus,
1033 644 1089 685 qui
1113 654 1245 675 uxorem
1270 643 1320 674 hic

354 689 540 721 rebellionis
575 694 713 720 accusat.

354 732 408 763 illa
439 738 552 763 eontra
582 730 758 762 maritum?
790 741 830 762 an

357 775 423 806 filio
461 774 635 804 adversum
671 775 776 813 ipsum
814 771 1078 813 conspirantem?
1122 771 1205 802 Nam
1241 779 1320 804 esto,

354 816 557 848 Ionathanus
591 816 633 847 sit
667 826 741 846 reus
775 815 911 846 alieuius
944 814 1027 851 facti,
1062 813 1138 853 quid
1172 813 1251 844 illud
1281 812 1319 842 ad

353 865 489 890 matrem
521 857 748 890 innocentem?
794 857 1014 897 Quamobrem
1050 856 1147 896 igitur
1171 855 1215 886 illi
1241 854 1321 886 Saul

352 900 527 932 irascitur?
574 901 660 932 Hinc
702 910 914 941 agnoscamus
955 908 1050 939 quam
1093 898 1222 928 violenti
1257 897 1349 937 sint¹

353 944 486 974 affectus
511 943 610 974 nostri
635 954 732 982 quum
758 943 835 983 ipsis
859 942 1002 973 habenas
1027 941 1165 971 laxiores
1189 940 1321 979 permit-

355 987 464 1016 timus.
511 985 574 1022 Ira,
598 985 700 1025 inquit
726 985 788 1021 ille,
813 986 902 1015 furor
925 988 974 1015 est
996 983 1114 1014 brevis.
1160 981 1323 1021 Quemad-

352 1028 482 1059 modum
507 1028 593 1058 enim
618 1028 714 1058 homo
736 1028 872 1058 insanus
914 1026 1039 1057 nullum
1065 1025 1162 1056 habet
1185 1024 1321 1055 rationis

353 1081 458 1110 neque
493 1070 666 1110 aequitatis
696 1080 842 1101 sensum:
881 1069 936 1100 sed
971 1067 1065 1099 modo
1096 1067 1182 1098 hunc
1206 1066 1320 1103 caedit7

354 1111 448 1144 modo
479 1111 570 1142 illum
595 1111 730 1149 mordet,
762 1111 855 1143 modo
877 1112 936 1142 sibi
961 1111 1022 1150 ipsi
1046 1110 1111 1140 vim
1136 1109 1246 1140 infert:
1277 1109 1322 1139 sic

353 1156 401 1186 ira
434 1155 578 1194 percitus
613 1154 693 1185 nihil
728 1153 836 1185 differt
869 1153 909 1184 ab
942 1153 1056 1184 insano
1091 1158 1120 1182 et
1157 1151 1347 1185 frenetico„

1346 1190 1347 1211 ³
1373 1203 1434 1232 qua
1458 1192 1492 1222 in
1517 1203 1551 1223 re
1574 1190 1682 1223 David
1706 1192 1898 1232 peccaverit.

1346 1270 1348 1276 ,
1375 1235 1504 1265 vatione
1539 1234 1683 1274 dignum,
1717 1244 1832 1273 nempe
1863 1234 2007 1265 omnium
2032 1232 2177 1264 fidelium
2198 1232 2341 1264 officium

354 1197 416 1228 nisi
451 1196 536 1237 quod
560 1197 736 1227 vehemens
760 1196 816 1227 illa
839 1196 945 1236 passio
968 1196 1029 1225 cito
1054 1194 1178 1229 transit,
1210 1192 1264 1224 sed
1289 1199 1319 1223 et

353 1240 392 1270 ab
428 1239 553 1270 insania
588 1246 620 1269 et
654 1239 772 1270 frenesi
807 1238 847 1270 ad
882 1249 916 1269 se
950 1237 1047 1268 homo
1079 1237 1235 1267 fanaticus
1267 1236 1319 1265 vix

356 1283 538 1313 revertitur.
584 1280 650 1313 Sed
681 1281 760 1312 iram
792 1286 824 1311 et
855 1280 950 1311 aliam
975 1279 1111 1310 similem
1137 1279 1318 1318 passionem

355 1329 478 1356 certum
502 1329 551 1355 est
575 1333 708 1355 sensum
731 1333 859 1354 omnem
884 1322 1017 1353 rationis
1040 1322 1078 1352 iis
1101 1321 1242 1351 adimere
1266 1320 1319 1359 qui

355 1367 393 1398 ab
418 1366 471 1397 illa
493 1365 709 1406 possidentur,
733 1365 811 1396 adeo
825 1371 860 1396 ut
875 1365 955 1395 nihil
969 1363 1168 1394 moderatum
1182 1362 1319 1402 sapiant.

355 1408 424 1440 Sua
454 1419 532 1439 sane
555 1408 670 1448 cuique
693 1418 797 1448 poena
820 1408 954 1438 sufficit:
986 1406 1012 1437 si
1036 1405 1238 1436 Ionatlianus
1262 1404 1320 1443 igi-

355 1457 408 1482 tur
431 1450 636 1490 peccavisset,
659 1460 757 1490 quare
779 1457 915 1480 matrem
940 1449 1041 1488 ipsius
1065 1447 1143 1478 Saul
1167 1447 1321 1478 dedecore

354 1500 385 1524 et
408 1492 586 1533 ignominia
609 1491 731 1524 afficit?
778 1491 842 1524 Sed
868 1491 945 1523 Saul
972 1491 1004 1522 in
1028 1491 1108 1521 iram
1129 1496 1159 1520 et
1179 1490 1320 1520 furorem

356 1545 469 1566 versus
492 1540 541 1565 est
565 1545 695 1575 prorsus
719 1540 917 1566 excaecatus.
964 1533 1006 1564 Et
1030 1533 1093 1563 iam
1114 1542 1210 1571 supra
1231 1531 1321 1562 audi-

356 1579 462 1608 vimus
497 1577 601 1617 ipsum
637 1577 669 1607 in
705 1587 836 1608 sensum
871 1576 1043 1616 reprobum
1078 1585 1096 1605 a
1130 1574 1199 1604 Deo
1222 1574 1321 1604 fuisse

355 1619 545 1655 coniectum,
566 1626 595 1649 et
616 1630 633 1649 a
653 1619 737 1650 malo
755 1619 870 1659 spiritu
892 1618 1025 1649 Domini
1045 1622 1217 1653 vexatum3
1239 1614 1321 1655 quod

356 1662 417 1693 hoc
437 1661 505 1692 loco
525 1662 587 1692 iam
609 1672 642 1692 re
662 1662 731 1701 ipsa
750 1661 998 1692 demonstratur.
1037 1658 1101 1691 Sed
1123 1659 1206 1689 unde
1226 1658 1321 1689 fiebat

357 1710 393 1735 ut
412 1703 492 1735 Saul
512 1714 642 1734 sensum
663 1714 790 1735 omnem
811 1703 946 1734 rationis
965 1703 1136 1738 amitteret,
1158 1701 1216 1732 nisi
1238 1700 1322 1740 quod

357 1745 515 1777 diabolica
539 1746 662 1777 malitia
686 1746 716 1777 in
742 1745 902 1776 Davidem
922 1745 1093 1779 ferebatur,
1118 1749 1147 1774 et
1168 1743 1323 1774 adversus

356 1789 462 1828 ipsum
492 1787 681 1819 aestuabat?
728 1787 837 1827 Quare
861 1798 923 1827 quo
947 1786 1145 1818 licentiosius
1168 1786 1323 1816 adversus

355 1832 461 1871 ipsum
485 1831 598 1867 fertur,
622 1840 659 1861 co
683 1831 814 1871 gravius
838 1830 1066 1865 inflammatur,
1091 1828 1170 1859 adeo
1193 1827 1322 1867 quidem

357 1881 389 1904 ut
411 1883 537 1903 omnem
560 1873 793 1903 humanitatem
814 1878 921 1908 exuat,
941 1877 972 1903 et
991 1871 1129 1912 propriis
1149 1870 1324 1901 visceribus
1349 1883 1351 1888 ·

358 1926 422 1946 nou
457 1920 578 1955 pareat.
624 1915 675 1945 An
709 1926 770 1946 non
804 1915 889 1945 enim
922 1915 954 1944 in
987 1915 1091 1954 ipsum
1124 1912 1323 1943 redundabat

357 1958 467 1988 uxoris
498 1956 645 1995 dedecus,
667 1956 770 1998 [quam
802 1957 833 1987 in
866 1956 1030 1988 iracundia
1060 1966 1117 1986 sua
1142 1960 1243 1991 vocat,
1275 1955 1323 1984 in-

358 2047 462 2074 cas-set
485 2041 642 2073 adversus
665 2041 794 2081 ipsum?
825 2042 957 2081 Ergone
981 2041 1082 2071 simus
1107 2039 1186 2070 Saul
1211 2039 1324 2075 satis&

359 2085 412 2124 qui
437 2085 469 2115 in
493 2094 662 2124 procerum
687 2094 817 2115 suorum
842 2088 933 2115 coetu
954 2093 1087 2113 uxorem
1109 2087 1140 2112 et
1159 2082 1324 2121 proprium

359 2127 550 2166 sauguinem
587 2127 655 2157 sine
685 2136 780 2158 causa
811 2126 1001 2157 criminatur
1025 2131 1057 2155 et
1081 2124 1257 2163 ignominia
1281 2124 1326 2154 as-

359 2169 450 2200 ficit?
498 2169 546 2199 Ex
576 2179 637 2208 quo
667 2175 800 2208 apparet
831 2175 1029 2208 quantopere
1053 2167 1175 2197 malitia
1199 2165 1327 2206 propria

360 2212 459 2242 fuerit
482 2216 682 2242 excaecatus.
729 2210 793 2242 Sed
817 2210 893 2241 hinc
917 2209 1058 2241 vicissim
1084 2210 1177 2248 longe
1203 2210 1235 2238 tit
1257 2207 1327 2238 illu-

361 2255 457 2285 strior
482 2253 653 2284 Ionathani
679 2252 758 2284 fides
781 2253 812 2284 in
837 2251 973 2283 Davidis
997 2252 1146 2285 amicitia.
1177 2256 1207 2280 et
1233 2251 1264 2280 in
1289 2249 1328 2280 iis

361 2295 565 2336 perficiendis
606 2307 686 2335 quae
728 2295 787 2335 ipsi
829 2302 900 2326 erat
934 2293 1103 2334 pollicitus.
1149 2293 1232 2323 Nam
1267 2293 1327 2322 etsi

363 2339 464 2379 patris
505 2338 702 2369 iracundiam
746 2343 778 2368 et
813 2337 1036 2368 crudelitatem
1073 2336 1216 2371 sentiret,
1259 2344 1328 2364 sese

363 2389 470 2411 tamen
495 2380 591 2410 audet
613 2391 783 2420 opponere,
807 2385 837 2410 et
861 2380 934 2410 lieet
958 2378 1253 2418 praesentissimum
1274 2386 1328 2415 pe-

363 2423 500 2454 riculum
527 2422 642 2459 videat,
671 2430 707 2452 ut
732 2422 827 2462 paulo
851 2429 921 2462 post
948 2420 1135 2451 videbimus.
1159 2420 1241 2449 ferre
1266 2429 1328 2448 non

364 2472 466 2504 pun-st
499 2469 533 2495 ut
565 2464 700 2495 havidis
733 2464 917 2495 innocentia
941 2464 985 2494 sic
1008 2463 1216 2502 opprimatur.
1264 2461 1329 2491 Ita-

365 2519 424 2546 que
455 2507 589 2546 excipit:
627 2508 708 2546 Quid
738 2507 790 2538 ille
812 2517 881 2537 vero
899 2506 995 2544 fecit?
1041 2504 1125 2543 Quid
1151 2504 1204 2534 ille
1229 2510 1330 2533 morte

363 2550 497 2589 dignum
520 2550 720 2586 commeruit,
757 2555 791 2579 ut
815 2549 906 2579 illum
928 2547 1023 2578 morti
1045 2545 1196 2577 addicas?
1223 2544 1329 2583 Quale

452 2641 477 2672 ‘p
505 2641 601 2667 Τρωίας
621 2644 766 2674 corruptus
786 2641 900 2666 videtur.

1153 211 1357 244 HOMILIA
1380 210 1536 243 LXXVI.

759 688 824 720 Sed
877 698 917 719 ua
947 687 980 718 in
1012 692 1102 727 parte
1131 690 1322 726 peccaverat
1346 718 1347 726 ἵ

853 698 1112 770 deprehenderat
1136 728 1224 759 illam
1247 738 1319 759 cum
1346 731 1347 739 ¹

1347 1070 1349 1074 ’
1374 1065 1425 1096 sit.

1350 1923 1351 1954 3
1376 1913 1486 1944 aratris
1523 1912 1621 1944 tuae?

1350 1964 1351 1988 ἶ
1378 1956 1449 1986 Ιεαί
1479 1955 1592 1986 vixerit
1621 1965 1715 1994 super
1743 1956 1857 1985 terram
1886 1963 1946 1985 non
1973 1952 2144 1984 stabilieris
2173 1955 2217 1990 tu,
2250 1961 2344 1991 neque

358 2010 465 2040 quam,
495 1999 646 2030 rebellem
677 2005 709 2030 et
740 2009 933 2039 perversam,
968 1998 1042 2029 licet
1072 1997 1126 2028 illa
1157 2007 1222 2028 non
1254 2007 1324 2036 pec·
1350 2005 1351 2008 ¹

2276 208 2338 240 376

1373 305 1473 344 ipsius
1520 311 1566 335 est
1610 302 1798 343 peecatum?
1844 301 1971 341 Quibus
2015 302 2188 332 Ionathani
2233 302 2338 333 verbis

1373 348 1476 387 magis
1497 347 1641 377 irritatus
1672 351 1764 386 pater
1786 347 1817 376 in
1842 344 1942 375 filium
1968 345 2153 381 insurrexit,
2185 351 2218 374 et
2241 345 2337 376 truci-

1373 388 1449 420 dare
1479 393 1614 420 conatus
1643 393 1699 419 est.
1746 387 1798 418 Ex
1830 386 1889 418 hoc
1912 387 2012 427 igitur
2035 387 2182 426 exemplo
2205 391 2339 426 apparet

1372 431 1466 470 quale
1496 431 1537 462 sit
1568 430 1726 461 bonorum
1757 430 1901 461 omnium
1929 429 2080 466 officium,
2115 438 2232 469 nempe
2255 429 2336 460 veri-

1373 478 1469 504 tatem
1491 479 1521 504 et
1541 472 1736 512 aequitatem
1755 482 1813 512 pro
1833 471 1918 502 virili
1939 471 2037 502 tueri:
2062 481 2097 502 ac
2117 481 2227 502 eorum
2247 481 2338 511 prae-

1372 567 1508 597 rumque
1543 556 1703 597 contingit
1736 567 1794 588 sua
1828 557 2004 588 autoritate
2038 556 2127 587 abuti
2162 555 2201 586 ad
2225 560 2338 596 tyran·

1372 599 1490 631 uidem.
1537 599 1604 630 Nae
1638 599 1664 630 si
1696 599 1767 638 quis
1799 609 1839 630 ex
1863 609 1971 630 rerum
1995 604 2129 630 externa
2152 597 2232 629 facie
2255 597 2338 628 iudi-

1372 643 1455 674 cium
1488 643 1579 681 ferat,
1610 641 1776 672 videbitur
1805 641 2010 672 Ionathanus
2038 651 2101 672 non
2126 640 2243 672 leviter
2265 650 2339 680 pec-

1372 694 1471 722 casse,
1511 683 1769 724 quandoquidem
1803 693 1861 715 rex
1895 683 1964 723 ipse
1998 683 2110 714 mortis
2143 683 2339 714 seutentiam

1373 726 1527 757 adversus
1558 725 1717 756 Davidem
1743 725 1871 764 tulerat,
1901 726 1950 757 cui
1975 726 2064 756 nefas
2086 729 2155 756 erat
2177 723 2339 756 contradi-

1373 778 1454 800 cere.
1497 768 1583 800 Sane
1603 769 1647 799 ita
1664 774 1728 799 est:
1748 767 1804 800 sed
1823 767 2024 799 Ionathanus
2043 772 2179 798 noverat
2197 767 2339 798 iustitiae

1374 821 1489 842 nomen
1514 812 1643 842 inanem
1669 816 1794 841 tantum
1818 820 1888 841 esse
1909 810 2045 846 larvam,
2068 819 2132 849 qua
2150 809 2340 849 plerumque

1374 854 1462 884 abuti
1507 853 1612 884 solent
1653 853 1707 893 qui
1747 853 1814 884 suis
1855 852 2088 893 cupiditatibus
2124 851 2338 892 abripiuntur.

1375 896 1456 926 Nam
1486 896 1512 926 si
1537 896 1658 926 centies
1680 894 1797 935 aliquis
1820 894 1859 926 ad
1883 901 2018 925 mortem
2043 893 2157 925 iudicis
2179 893 2340 925 sententia

1374 940 1616 975 condemnetur,
1641 947 1704 968 non
1729 943 1837 968 tamen
1862 937 1944 968 facta
1963 936 2111 974 diligenti
2130 936 2340 976 inquisitione

1374 981 1452 1011 iuris
1483 986 1514 1010 et
1543 980 1646 1020 aequi,
1677 989 1718 1010 an
1742 980 1813 1011 ideo
1836 979 1951 1010 merito
1974 978 2117 1010 dicemus
2139 978 2178 1009 ad
2202 983 2338 1009 mortem

1374 1022 1459 1053 trahi
1489 1023 1705 1060 innocentem,
1735 1022 1818 1062 quod
1847 1021 1962 1053 iudicis
1985 1021 2145 1053 sententia
2168 1021 2341 1052 damnatus

1470 1065 1542 1096 Hoc
1567 1064 1696 1096 videbat
1719 1063 1930 1102 Ionathanus,
1965 1063 2171 1104 quamobrem
2196 1073 2262 1094 non
2285 1073 2342 1094 ve·

1374 1114 1463 1138 retur
1485 1117 1519 1138 se
1542 1107 1626 1147 patri
1647 1107 1715 1147 regi
1735 1106 1809 1138 licet
1827 1116 1998 1146 opponere,
2022 1111 2054 1137 et
2074 1105 2185 1137 afflicti
2204 1104 2342 1136 Davidis

1373 1160 1503 1181 causam
1527 1160 1623 1190 agere
1647 1154 1677 1180 et
1702 1149 1796 1181 tueri.
1842 1148 1981 1187 Quaerit
1999 1149 2110 1188 itaque
2129 1147 2340 1185 Ionafflanus,

1944 1191 2053 1231 Atque
2076 1190 2137 1222 hoc
2159 1195 2210 1222 est
2231 1189 2341 1221 obser-

1373 1287 1444 1308 esse
1474 1281 1510 1308 ut
1539 1276 1602 1308 Dei
1632 1282 1857 1316 procuratores
1887 1281 1919 1306 et
1942 1275 2070 1316 patroni
2095 1276 2169 1311 sint,
2200 1275 2340 1315 quoties·

1374 1329 1500 1359 cunque
1531 1320 1700 1350 veritatem
1729 1325 1760 1349 et
1791 1319 1946 1349 iustitiam
1973 1317 2190 1357 improborum
2214 1316 2341 1348 iudiciis

1373 1362 1510 1401 opprimi
1541 1361 1661 1399 vident,
1699 1365 1731 1391 et
1762 1362 1948 1392 innocentes
1978 1361 2096 1391 iniuste
2120 1360 2237 1400 affligi:
2271 1365 2340 1390 tan-

1375 1412 1506 1443 tumque
1530 1404 1642 1435 abesse
1665 1403 1782 1434 debere
1807 1410 1842 1433 ut
1865 1403 1898 1433 in
1923 1402 2002 1433 illud
2027 1402 2180 1432 iudicium
2204 1411 2340 1433 eonsen-

1375 1447 1466 1481 tiant,
1493 1453 1524 1476 ut
1548 1453 1661 1477 contra
1684 1456 1742 1485 pro
1767 1446 1850 1477 virili
1873 1455 2003 1477 causam
2029 1444 2156 1475 illorum
2180 1454 2285 1485 agere,
2309 1448 2342 1474 et

1375 1499 1407 1519 se
1431 1489 1495 1519 illis
1519 1489 1621 1520 socios
1645 1487 1762 1519 addere
1785 1499 1826 1519 ex
1849 1487 1954 1519 officio
1977 1486 2124 1517 debeant.
2171 1487 2254 1518 Nam
2281 1486 2341 1517 etsi

1375 1531 1561 1570 iniquitates
1584 1529 1805 1570 improborum
1827 1531 1961 1561 minime
1985 1529 2103 1560 conscii
2127 1529 2202 1567 sint,
2231 1531 2341 1559 tamen

1374 1574 1400 1604 si
1432 1573 1666 1604 dissimulando
1689 1573 1773 1613 quod
1798 1572 1935 1613 impium
1959 1576 2007 1603 est
2030 1571 2100 1602 ficri
2125 1571 2340 1611 permiserint,

1375 1624 1496 1647 certum
1527 1621 1574 1647 est
1606 1626 1658 1647 eos
1690 1625 1797 1646 coram
1827 1614 1896 1645 Deo
1927 1614 2073 1645 desertae
2104 1613 2203 1644 bonae
2225 1622 2341 1646 causae

1375 1669 1446 1689 reos
1476 1668 1554 1696 esse,
1584 1663 1615 1689 et
1645 1657 1787 1689 derelicti
1818 1657 1913 1688 officii
1942 1656 1980 1687 ad
2005 1655 2088 1696 quod
2113 1666 2131 1686 a
2154 1656 2225 1687 Deo
2249 1665 2341 1687 voca·

1375 1701 1501 1732 bantur.

1460 1743 1501 1773 Et
1527 1744 1565 1774 de
1589 1743 1769 1774 Ionathano
1793 1742 1968 1781 hactenus3
1992 1740 2226 1772 consideranda
2252 1739 2343 1771 dein-

1375 1796 1449 1825 ceps
1479 1786 1587 1817 Saulis
1618 1786 1774 1816 adversus
1806 1783 2022 1815 Ionathanum
2053 1783 2153 1814 verba
2175 1789 2341 1814 contume-

1375 1829 1469 1858 liosa:
1503 1828 1667 1867 Numquid
1696 1828 1810 1868 iynoro,
1841 1827 1916 1866 quia
1946 1826 2058 1866 diliyis
2084 1825 2187 1864 filium
2218 1825 2289 1856 Isai
2310 1825 2343 1855 in

1375 1871 1581 1909 confusione-m
1616 1872 1712 1907 tuam,
1752 1872 1779 1900 et
1812 1870 1846 1900 in
1878 1866 2088 1908 confusionem
2123 1867 2344 1907 iynominiosae

1675 1912 1824 1943 Omnibus
1862 1911 1943 1943 enim
1977 1910 2083 1942 diebus
2116 1909 2227 1949 quibus
2257 1908 2344 1948 filius

1378 2008 1503 2038 rcymrm
1531 2000 1627 2028 tumn.
1674 1996 1768 2036 Quod
1798 1996 1999 2036 conspirasse
2023 1994 2240 2026 Ionathanum
2266 1993 2343 2024 dicit

1378 2041 1408 2070 iu
1434 2040 1655 2070 confusionem
1680 2039 1914 2078 ignominiosae
1937 2037 2066 2075 matris,
2090 2047 2153 2067 non
2177 2040 2226 2068 est
2247 2036 2343 2067 intel-

1379 2082 1543 2122 ligendum
1568 2092 1639 2112 cum
1666 2082 1777 2112 multis
1800 2081 1888 2120 quasi
1914 2079 2042 2119 spurius
2062 2079 2167 2114 fuerit,
2191 2084 2222 2109 et
2240 2082 2345 2109 mater

1378 2125 1478 2163 ipsius
1503 2124 1657 2159 adultera,
1694 2123 1777 2163 quod
1802 2123 1935 2155 Saulem
1960 2132 2068 2161 regem
2093 2128 2123 2152 et
2148 2126 2273 2160 patrem
2297 2122 2344 2151 vi-

1380 2168 1509 2197 deretur
1540 2177 1602 2197 nou
1635 2166 1793 2197 revereri:
1825 2164 1880 2196 scd
1904 2164 2009 2204 potius
2035 2174 2074 2194 ex
2099 2174 2157 2194 usu
2182 2163 2344 2195 communi

1380 2209 1499 2239 dictum
1524 2208 1788 2248 existimandum,
1811 2213 1846 2238 ut
1869 2218 1909 2237 ex
1932 2206 2002 2236 aliis
2026 2205 2137 2236 multis
2162 2206 2238 2236 locis
2260 2205 2346 2236 simi-

1381 2251 1462 2281 libus
1493 2256 1634 2290 apparet,
1667 2251 1767 2281 fllium
1792 2250 1969 2290 sapientem
1996 2248 2076 2287 patri
2101 2247 2198 2279 decus
2221 2252 2253 2278 et
2276 2247 2344 2288 glo-

1382 2294 1471 2329 riam,
1502 2293 1556 2323 sed
1580 2293 1715 2323 stultum
1740 2298 1770 2323 ct
1793 2291 1954 2332 perditum
1981 2301 2015 2321 ac
2036 2289 2230 2321 dissolutum
2250 2289 2346 2320 matri

1381 2335 1517 2365 dedecus
1555 2341 1584 2365 et
1624 2335 1834 2376 ignominiam
1870 2333 2006 2364 adferre.
2051 2332 2137 2371 Quid
2170 2333 2213 2363 ita
2244 2331 2344 2363 vero?

1383 2378 1514 2416 Nempe,
1545 2377 1629 2416 quod
1654 2384 1777 2417 matres·
1798 2376 1950 2415 peculiari
1976 2374 2114 2415 quodam
2140 2375 2256 2406 affeetu
2280 2375 2347 2405 siut

1382 2430 1456 2457 erga
1477 2421 1559 2450 filios
1579 2419 1835 2460 indulgentiores
1859 2426 1891 2449 et
1910 2419 2009 2448 nimio
2029 2427 2137 2448 amore
2156 2421 2346 2448 excaecatae

1382 2462 1515 2492 maritos
1546 2462 1642 2492 etiam
1673 2472 1766 2501 saepe
1789 2460 1938 2491 fraudant
1962 2464 1994 2490 et
2017 2464 2198 2499 emungunt
2220 2459 2259 2490 ab
2282 2458 2346 2489 illis

1383 2505 1548 2543 pecuniam
1587 2514 1682 2543 quam
1719 2503 1793 2535 filiis
1828 2503 1958 2534 tradant
1991 2501 2029 2531 ad
2065 2501 2227 2532 luxuriam
2252 2506 2346 2540 atque

1383 2546 1578 2584 nequitiam:
1601 2552 1633 2576 et
1656 2546 1763 2576 omnia
1786 2546 1926 2585 ipsorum
1951 2545 2031 2575 vitia
2055 2548 2182 2583 tegant:
2212 2543 2347 2582 denique

1384 2593 1448 2618 tam
1473 2588 1570 2618 stulto
1593 2599 1701 2619 amore
1725 2588 1796 2620 illos
1815 2590 2062 2628 prosequantur,
2085 2592 2118 2616 ut
2139 2584 2179 2616 ad
2199 2586 2347 2624 quamvis

1384 2630 1560 2669 nequitiam
1583 2630 1646 2661 illis
1670 2630 1875 2671 indulgeant:
1899 2635 1932 2660 et
1955 2639 2018 2659 non
2038 2632 2101 2658 stet
2121 2637 2176 2667 per
2196 2637 2250 2658 eas
2269 2627 2346 2666 quin
