2551 3044
354 216 408 246 111

354 308 425 339 beat
448 317 539 348 grata
571 316 601 338 et
632 315 769 346 accepta,
805 316 900 346 quam
923 306 950 338 si
974 306 1012 337 ad
1039 305 1190 337 mundata
1215 305 1313 344 ipsius

354 360 537 392 exigantur.

438 394 506 425 Iam
532 404 616 430 vcro,
643 392 727 433 agite
751 394 803 422 etc.

650 563 888 602 HOMlLlA
918 563 1019 602 LIV.

439 650 489 681 20.
515 648 556 680 Et
578 648 622 679 ait
647 647 726 678 Saul
748 647 790 678 ad
813 646 1001 679 Samuelem:
1035 647 1103 678 Imo
1134 646 1243 678 audivi
1266 657 1312 678 vo-

353 704 415 725 cem
440 692 577 730 Domini,
607 694 634 721 ct
656 689 812 721 ambulavi
835 691 868 721 in
898 690 950 721 via
968 701 1024 730 per
1046 700 1138 729 qaam
1160 689 1245 721 misit
1266 699 1312 721 mc

354 736 519 771 Dominus,
543 737 569 765 el
591 733 713 765 adduxi
734 733 823 773 Ayaq
845 743 955 773 reqem,
976 736 1002 764 el
1021 732 1146 763 Amalec
1165 732 1310 771 interfeci.

354 780 404 811 21.
439 778 524 809 Tulit
555 779 655 808 aulem
685 775 721 806 de
752 775 871 815 praeda
898 776 1037 815 populus
1067 785 1136 805 oves
1164 778 1190 805 et
1224 774 1312 806 boves

349 821 513 861 primitias
536 829 642 850 corum
665 828 743 858 quae
765 828 853 849 caesa
875 821 956 856 sunt,
980 820 1012 848 ut
1038 817 1164 848 immolet
1175 817 1311 849 Domino

354 864 421 896 Deo
442 866 492 894 tuo
518 863 549 893 in
575 861 728 901 Galyalis.
773 860 824 892 22.
849 860 891 892 Et
913 861 958 891 ait
983 860 1123 891 Samuel:
1149 860 1311 900 Numquid

353 907 416 938 vult
440 905 594 938 Dominus
622 903 797 935 holocausta
827 906 853 934 et
882 904 1031 941 victimas,
1062 906 1088 934 et
1118 912 1177 933 non
1203 903 1311 941 potius

353 953 386 981 ut
409 948 566 980 obediatur
588 946 651 978 voci
666 945 820 977 Domini?
844 945 957 978 Melior
979 949 1022 977 est
1043 946 1121 977 enim
1144 945 1310 977 obedientia

353 1003 447 1032 quam
487 990 641 1027 victimae,
681 992 707 1020 et
740 988 914 1020 auscultare
947 989 1047 1028 maqis
1079 999 1171 1028 quam
1203 988 1312 1027 offerre

351 1035 474 1074 adipem
497 1033 639 1064 arietum.
684 1031 735 1062 23.
762 1031 913 1071 Quoniam
941 1031 1031 1070 quasi
1048 1033 1204 1070 peccatum
1227 1031 1310 1062 ario-

352 1078 440 1109 landi
463 1078 516 1114 est,
536 1084 722 1115 repuynare:
746 1077 772 1105 et
789 1075 883 1114 quasi
900 1073 996 1106 scelus
1017 1073 1220 1112 idololatriae,
1232 1073 1311 1105 nolle

352 1120 554 1160 acquiescere.
607 1116 669 1148 Pro
698 1127 732 1149 eo
759 1126 830 1157 erqo
862 1117 941 1157 quod
974 1115 1112 1148 abiecisti
1144 1126 1311 1148 sermonem

353 1162 493 1199 Domini,
516 1160 625 1192 abiecit
646 1162 673 1191 le
695 1170 732 1191 ne
753 1160 799 1192 sis
821 1169 885 1191 rex.

437 1246 601 1278 Hesterna
631 1245 783 1276 concione
814 1244 953 1276 vidimus
984 1243 1092 1276 Saulis
1123 1244 1310 1284 hypocrisin

353 1291 387 1322 in
411 1296 539 1330 peccato
563 1300 582 1319 a
603 1298 638 1320 se
661 1287 800 1319 admisso
826 1287 896 1320 suco
928 1287 1076 1328 tegendo,
1104 1286 1310 1327 eiusdemque

354 1332 592 1364 indurationem
605 1330 764 1362 adversus
784 1329 983 1371 prophetam,
1003 1340 1102 1370 quum
1121 1329 1159 1361 de
1183 1337 1310 1369 peccato

353 1375 499 1408 severius
522 1373 760 1405 admoneretur.
795 1372 861 1404 Sed
884 1373 948 1404 iam
971 1372 1057 1403 aliud
1082 1372 1120 1404 ad
1145 1373 1311 1413 superiora

353 1418 474 1450 malum
498 1416 628 1453 accedit,
652 1415 734 1457 quod
753 1426 787 1447 se
806 1415 907 1447 divini
927 1415 1066 1446 nominis
1086 1415 1199 1447 falsum
1218 1425 1310 1447 usur-

354 1468 496 1501 patorem
521 1459 672 1496 ostendit,
695 1459 786 1498 quasi
808 1457 945 1490 abducta
968 1457 1086 1498 praeda
1109 1465 1175 1490 tota
1194 1458 1308 1490 suisset

353 1503 495 1536 Domino
518 1501 673 1540 dedicata,
704 1506 737 1532 et
766 1501 798 1532 in
824 1501 969 1533 victimas
993 1506 1163 1532 reservata.
1208 1501 1310 1541 Atqui

353 1546 448 1586 longe
472 1544 566 1576 aliter
595 1554 664 1576 sese
696 1554 746 1575 res
769 1543 916 1576 habebat.
961 1543 1105 1583 Populus
1131 1544 1215 1574 enim
1238 1543 1309 1575 Deo

354 1588 484 1630 quidem
507 1597 584 1618 oves
607 1592 639 1618 et
661 1586 759 1618 boves
781 1586 905 1618 solenni
928 1585 1065 1626 quodam
1091 1587 1245 1618 sacrificio
1269 1586 1310 1618 ad

353 1631 496 1673 agendas
520 1640 577 1670 pro
600 1629 735 1661 victoria
757 1629 878 1670 gratias
901 1628 1078 1665 obtulisset,
1102 1629 1158 1660 sed
1179 1629 1309 1661 interim

353 1673 491 1716 praedae
522 1677 646 1712 partem
675 1672 811 1712 quisque
839 1671 1033 1703 abduxisset.
1080 1672 1130 1703 En
1154 1671 1309 1712 quomodo

353 1717 478 1749 soleant
512 1715 659 1746 homines
693 1714 763 1746 Deo
795 1713 938 1746 illudere.
990 1713 1074 1745 Nam
1107 1715 1133 1746 si
1167 1714 1241 1755 quid
1275 1715 1309 1746 in

353 1759 550 1792 oblationem
591 1756 787 1796 obtulerint,
831 1757 937 1789 Deum
977 1756 1037 1788 sibi
1078 1757 1309 1797 quodammodo

354 1802 540 1834 devinctum
564 1799 772 1839 arbitrantur,
795 1805 827 1831 et
849 1799 970 1831 socium
992 1799 1144 1831 videntur
1166 1801 1308 1831 omnium

354 1844 598 1880 maleficiorum,
621 1842 808 1883 rapinarum
831 1842 971 1882 inquam,
996 1848 1026 1873 et
1049 1842 1198 1874 fraudum
1222 1843 1309 1874 habi-

355 1888 430 1919 turi.
476 1885 675 1926 Exemplum
705 1890 772 1916 esto
804 1885 838 1916 in
869 1884 1022 1916 hodierno
1044 1890 1177 1925 papatu:
1211 1896 1310 1926 quan—

355 1940 451 1971 quam
475 1928 624 1960 omnibus
645 1927 782 1959 saeculis
802 1927 916 1959 vitium
939 1927 1026 1958 istud
1044 1927 1191 1966 obtinuit,
1214 1928 1311 1959 etiam

355 1974 438 2005 inter
461 1971 618 2009 ethnicos,
641 1977 677 2002 ut
699 1971 753 2010 qui
773 1970 946 2008 fraudibus,
966 1970 1098 2010 rapinis,
1119 1970 1210 2011 furto,
1230 1971 1261 2002 vi
1281 1976 1312 2002 et

355 2015 542 2048 crudelitate
566 2020 598 2045 et
620 2013 778 2044 similibus
801 2013 893 2044 factis
916 2023 1050 2054 magnas
1072 2023 1148 2053 opes
1171 2014 1311 2045 cumulu-

356 2063 482 2095 verant,
505 2057 638 2088 solenne
661 2055 788 2096 aliquod
812 2056 928 2087 festum
946 2055 1157 2093 instituerint,
1181 2062 1236 2087 aut
1255 2055 1311 2087 ali-

355 2100 439 2142 quod
469 2100 570 2131 altare
602 2098 651 2130 vel
683 2098 851 2130 delubrum
882 2099 1054 2136 erexerint,
1088 2106 1144 2129 aut
1177 2098 1313 2139 denique

355 2143 476 2175 idolum
500 2141 627 2182 aliquod
652 2141 890 2173 consecrarint:
914 2141 997 2181 quod
1022 2141 1082 2172 hac
1098 2141 1222 2172 ratione
1245 2141 1312 2181 pul-

355 2187 432 2219 chre
466 2185 536 2216 Dco
570 2195 627 2225 pro
661 2184 809 2215 omnibus
843 2184 972 2216 offensis
1005 2183 1204 2215 satisfactum
1246 2185 1340 2214 esse'

355 2228 532 2261 crederent.
585 2226 687 2266 Quasi
721 2236 796 2258 vero
829 2226 918 2258 Deus
953 2226 1030 2257 velit
1063 2226 1095 2257 in
1130 2227 1312 2258 societatem

356 2272 468 2303 venire
493 2271 656 2302 latronum
680 2276 711 2300 et
734 2268 942 2310 praedonum,
965 2275 997 2301 et
1019 2269 1120 2310 spolia
1143 2279 1213 2300 cum
1237 2269 1314 2308 ipsis
1340 2275 1341 2303 i

356 2314 508 2346 dividere.
555 2312 664 2352 Quare
695 2311 902 2344 observemus
927 2311 1059 2344 Saulem
1093 2322 1155 2343 non
1190 2317 1314 2342 tantum

356 2357 390 2388 in
414 2368 450 2388 eo
481 2366 638 2397 peccasse,
667 2354 750 2395 quod
781 2355 814 2386 in
846 2355 998 2395 populum
1029 2354 1154 2395 culpam
1184 2354 1315 2385 reiiccrc

355 2405 493 2432 conatus
516 2404 573 2435 est,
599 2405 633 2429 ut
656 2408 724 2429 sese
747 2397 1007 2429 condemnationi
1029 2396 1236 2429 subduceret:
1260 2396 1314 2428 sed

356 2443 390 2473 in
414 2452 450 2473 eo
474 2441 614 2473 maxime
633 2439 717 2481 quod
730 2439 801 2471 Deo
821 2440 956 2472 dicatam
977 2451 1045 2472 esse
1068 2438 1204 2480 praedae
1227 2438 1313 2470 illius

356 2492 479 2525 partem
511 2484 665 2524 optimam
697 2483 913 2514 existimavit:
945 2493 1047 2524 noque
1079 2482 1165 2514 enim
1188 2492 1226 2513 ea
1248 2488 1316 2513 erat

357 2538 448 2559 mens
471 2526 581 2568 populi
603 2525 753 2557 detractis
775 2525 814 2557 ab
836 2525 1025 2558 Amalccitis
1048 2525 1165 2566 spoliis.
1207 2524 1316 2564 Quare
1342 2562 1343 2566 Ἰ

357 2576 446 2601 tauto
470 2569 657 2609 diligentius
686 2567 865 2600 cavendum
894 2578 936 2600 ne
958 2569 1020 2600 Dei
1052 2578 1169 2600 nomen
1199 2566 1316 2599 nostris
1341 2578 1342 2595 l

358 2612 495 2651 peccatis
528 2617 774 2652 praetexamus:
808 2621 934 2643 summa
963 2611 1047 2643 enim
1080 2616 1129 2642 cst
1158 2610 1315 2651 impietae,
1341 2631 1343 2636 ,

357 2659 427 2693 post
461 2653 586 2695 aliquod
621 2659 786 2694 peccatum
827 2660 1066 2686 sacrosanctum
1100 2652 1163 2685 Dei
1197 2662 1343 2685 nomcnl

1182 210 1383 242 nOfflLlA
1407 210 1496 242 le.

2266 213 2325 244 112

1367 305 1547 345 profanare.
1607 304 1702 336 Absit
1732 305 1831 346 igitur
1862 305 1893 335 in
1927 315 2045 335 vanum
2077 304 2155 335 illud
2191 306 2322 346 accipia-

1368 357 1457 378 mus:
1488 347 1542 378 scd
1574 348 1679 388 potius
1702 358 1774 378 cum
1798 348 1884 378 omni
1909 348 2049 387 puritate
2078 354 2109 378 et
2138 347 2323 389 integritate

1367 389 1446 421 illud
1469 401 1566 430 quum
1591 400 1671 430 opus
1695 391 1756 421 crit
1779 400 1990 427 assumamus,
2022 396 2056 420 ut
2088 390 2206 421 nostris
2238 391 2323 423 vitiis

1367 439 1399 464 et
1422 433 1680 472 corruptionibus
1705 443 1768 464 non
1793 433 1973 464 misceatur.
2019 432 2236 464 Transeamus
2261 434 2322 464 iam

1367 475 1405 506 ad
1437 474 1533 506 verba
1558 474 1727 513 Samuelis,
1757 481 1789 507 et
1819 475 1981 516 egregiam
2013 475 2099 506 illam
2129 476 2323 508 sententiam

1366 528 1461 558 quam
1481 518 1636 549 adversus
1649 517 1780 549 Saulem
1800 518 1931 558 protulit
1949 518 2178 558 expendamus.
2209 518 2322 559 Itaque

1367 560 1475 600 paucis
1509 570 1607 601 agens
1642 559 1772 592 Samuel
1807 571 1880 592 cum
1910 560 2019 596 Saule,
2053 560 2322 601 quemadmodum

1368 603 1473 634 Deum
1497 613 1554 642 par
1577 611 1624 634 cst
1647 614 1720 634 cum
1743 604 1914 634 autoritate
1944 603 2027 643 apud
2058 604 2203 635 homines
2228 604 2321 644 loqui,

1366 652 1401 677 ut
1425 645 1572 677 omnibus
1596 645 1725 676 illorum
1750 646 1872 676 frivolis
1902 645 2163 677 excusationibus
2193 647 2319 678 obviam

1364 695 1426 728 eat,
1446 687 1536 719 illum
1558 688 1628 719 licet
1654 688 1755 718 multa
1773 695 1805 718 et
1823 688 1899 719 satis
1919 690 2060 728 speciosa
2079 696 2320 728 praetexentem

1364 731 1414 762 his
1438 730 1546 762 verbis
1569 729 1754 770 compellat:
1787 730 1948 770 Numquid
1970 730 2033 762 vult
2056 730 2214 763 Dominus
2235 732 2320 764 holo-

1363 776 1470 805 causta
1504 776 1531 804 et
1562 773 1712 811 victimas,
1746 776 1773 804 et
1801 783 1861 804 non
1883 773 1988 813 potius
2016 776 2049 804 ut
2077 773 2235 805 obediatur
2257 776 2320 807 voci

1365 815 1521 848 Domini?
1560 815 1675 847 Melior
1696 818 1739 847 est
1761 817 1842 847 enim
1864 815 2032 848 obedientia
2054 826 2148 856 quam
2171 818 2319 857 victimae,

1363 862 1390 890 et
1418 858 1601 899 auscultare,
1635 859 1738 898 maqis
1765 868 1859 898 quam
1886 859 1992 898 offerre
2022 859 2146 898 adipem
2179 859 2318 893 arietum.

1366 902 1518 941 Quoniam
1540 902 1632 941 quasi
1650 904 1809 940 peccatum
1831 901 1988 932 ariolandi
2010 903 2062 939 est,
2084 911 2271 942 repuqnare:
2294 905 2320 934 d

1361 945 1455 984 quasi
1466 943 1563 976 scelus
1575 944 1776 982 idololatriae,
1788 943 1868 975 nolle
1881 944 2080 983 acquiescere.
2094 943 2168 975 Vox
2182 944 2320 976 hebraea

1363 987 1561 1027 Theraphim
1597 996 1654 1027 pro
1688 988 1802 1027 quavis
1842 986 2024 1018 idololatria
2062 987 2219 1024 sumitur,
2259 989 2319 1020 etsi

1363 1039 1596 1070 nonnunquam
1609 1040 1666 1070 pro
1679 1035 1769 1070 parte
1782 1037 1924 1061 tantum:
1938 1040 2121 1069 quanquam
2130 1029 2318 1070 plerumque

1363 1083 1420 1114 pro
1443 1072 1537 1104 idolis
1560 1072 1724 1112 accipitur,
1755 1083 1836 1112 quac
1859 1072 1919 1103 sibi
1942 1071 2090 1103 homines
2117 1073 2256 1113 fingunt,
2287 1078 2318 1105 et

1363 1116 1482 1156 quibus
1511 1115 1649 1155 aliquem
1680 1115 1834 1146 honorem
1864 1115 2111 1155 impertiuntur:
2147 1120 2183 1146 ut
2214 1115 2320 1147 solent

1363 1157 1519 1190 increduli
1555 1158 1700 1189 homines
1733 1168 1859 1198 semper
1892 1167 2008 1188 novam
2043 1157 2183 1198 aliquam
2217 1158 2319 1190 divini

1363 1201 1470 1233 cultus
1493 1201 1650 1232 rationem
1670 1201 1863 1241 excogitare.

1448 1243 1512 1275 Hic
1549 1243 1648 1284 igitur
1688 1244 1874 1284 proponitur
1906 1243 1997 1274 nobis
2031 1253 2140 1275 eorum
2175 1244 2318 1276 omnium

1363 1286 1587 1320 condemnatio
1605 1286 1660 1326 qui
1679 1297 1698 1317 a
1718 1286 1814 1318 verbo
1827 1285 1890 1317 Dei
1909 1285 2092 1318 recedentes
2110 1295 2168 1317 sua
2187 1287 2319 1319 iuventa

1363 1334 1549 1370 sequuntur,
1574 1334 1609 1360 ut
1631 1329 1767 1361 venefici
1785 1335 1816 1359 et
1834 1327 1935 1359 divini
1954 1338 1991 1360 ac
2009 1328 2194 1360 idololatrae
2213 1329 2319 1370 appel-

1362 1373 1481 1411 lentur,
1507 1379 1538 1403 et
1560 1383 1579 1403 a
1601 1371 1742 1403 Domino
1766 1371 1961 1403 reiieiantur.
2007 1371 2070 1402 Hic
2101 1382 2175 1403 vero
2198 1372 2230 1403 in
2254 1373 2317 1412 pri-

1362 1416 1434 1454 mis,
1457 1421 1492 1446 ut
1514 1415 1593 1446 haec
1616 1414 1776 1446 sententia
1799 1414 1912 1446 melius
1930 1413 2137 1455 intelligatur,
2161 1424 2224 1454 qua
2242 1414 2319 1447 dicit

1363 1458 1505 1496 Samuel,
1519 1458 1626 1489 Deum
1647 1467 1711 1488 non
1723 1457 1840 1489 habere
1860 1456 2057 1488 voluntatem
2077 1457 2110 1488 in
2123 1456 2318 1490 holocaustis

1362 1507 1396 1533 et
1418 1501 1567 1538 victimis,
1589 1499 1644 1532 sed
1673 1505 1711 1531 ut
1738 1500 1805 1532 voci
1834 1499 1903 1531 eius
1933 1500 2181 1540 obtemperetur,
2211 1500 2317 1532 obser-

1362 1543 1515 1581 vandum,
1538 1554 1605 1574 non
1629 1542 1816 1582 simpliciter
1837 1543 1941 1583 ipsum
1966 1542 2082 1579 dicere,
2116 1542 2186 1574 Deo
2208 1542 2318 1584 displi—

1362 1597 1434 1618 cere
1457 1587 1604 1618 victimas
1626 1591 1657 1617 et
1685 1585 1856 1617 sacrificia:
1887 1584 1942 1616 sed
1972 1585 2245 1625 comparationem
2267 1585 2316 1617 in-

1362 1629 1497 1661 stituere
1519 1629 1605 1660 inter
1627 1628 1783 1660 sacrificia
1805 1633 1838 1659 et
1859 1633 2068 1669 spontaneam
2088 1627 2315 1661 obedientiam:

1362 1673 1452 1714 quasi
1476 1671 1560 1703 dieat
1581 1681 1740 1703 summam
1760 1671 1861 1702 divini
1879 1671 1986 1702 cultus
2005 1671 2037 1701 in
2055 1670 2238 1703 obedientia
2249 1682 2318 1704 esse

1362 1716 1509 1757 positam,
1528 1725 1546 1746 a
1565 1724 1628 1755 qua
1645 1714 1687 1746 sit-
1705 1712 1887 1746 faciendum
1907 1713 2053 1745 initium:
2075 1714 2229 1746 sacrificia
2241 1724 2317 1746 vero

1362 1769 1432 1790 esse
1451 1757 1551 1789 veluti
1571 1756 1762 1797 appendices
1774 1762 1911 1795 tantum,
1929 1766 2064 1797 quarum
2083 1767 2148 1788 non
2167 1762 2216 1788 est
2227 1761 2319 1789 tanta

1363 1801 1413 1833 vis
1430 1811 1526 1841 quam
1546 1799 1745 1831 obedieutiae
1764 1799 1947 1830 divinorum
1960 1805 2214 1839 praeceptorum.
2243 1799 2317 1832 Etsi

1363 1844 1460 1875 etiam
1483 1843 1642 1883 scriptura
1664 1852 1895 1882 nonnunquam
1927 1841 2038 1873 durius
2066 1841 2152 1882 loqui
2176 1842 2257 1874 solet
2279 1842 2318 1874 de

1364 1886 1537 1923 sacrificiis,
1572 1885 1627 1917 sed
1663 1885 1697 1916 in
1730 1884 1866 1916 eundem
1901 1890 2009 1916 tamen
2038 1894 2185 1916 sensum:
2219 1884 2321 1917 veluti

1365 1940 1463 1970 quum
1495 1928 1580 1969 apud
1603 1927 1772 1959 Ieremiam
1797 1927 1825 1958 7.
1849 1927 1952 1968 capite
1975 1927 2065 1958 Deus
2094 1928 2138 1958 ita
2168 1937 2226 1967 per
2248 1938 2321 1968 pro-

1365 1971 1494 2012 phetam
1516 1971 1669 2012 populum
1693 1970 1880 2010 alloquitur:
1905 1970 1980 2001 Nou
2001 1979 2069 2001 sum
2090 1969 2234 2010 loquutus
2254 1980 2322 2002 cum

1361 2014 1504 2055 patribus
1526 2014 1646 2052 vestris,
1669 2023 1722 2045 nee
1738 2013 1884 2053 praecepi
1905 2013 1950 2044 eis
1971 2012 2022 2044 die
2043 2023 2101 2052 quo
2123 2012 2219 2044 eduxi
2241 2023 2290 2045 eos
2306 2023 2323 2045 e

1364 2060 1448 2089 terra
1470 2057 1603 2098 Aeqypti
1624 2056 1661 2088 de
1683 2056 1866 2088 holocaustis
1887 2058 1912 2087 et
1934 2055 2080 2087 victimis:
2107 2055 2161 2087 sed
2182 2054 2234 2087 hoc
2255 2065 2320 2088 ver-

1365 2100 1436 2131 bum
1460 2099 1605 2139 praecepi
1634 2099 1695 2136 eis,
1726 2099 1869 2130 dicendo:
1902 2097 2107 2138 Obtemperate
2134 2098 2200 2129 voci
2229 2108 2319 2130 nicae.

1365 2142 1453 2174 Sane
1489 2148 1581 2173 extra
1615 2141 1746 2173 dubium
1781 2146 1830 2172 cst
1853 2140 1959 2172 Deum
1993 2141 2026 2171 in
2061 2140 2130 2181 lege
2163 2140 2320 2172 rationem

1367 2186 1626 2217 holocaustorum
1651 2192 1682 2215 et
1704 2183 1909 2215 victimarum
1929 2183 2142 2224 praecepisse:
2166 2182 2221 2214 sed
2234 2182 2319 2215 Iere-

1339 2223 1341 2268 ]
1367 2229 1446 2259 mias
1470 2227 1508 2259 de
1531 2227 1626 2259 nudis
1649 2227 1822 2264 sacrificiis,
1845 2233 1877 2257 et
1899 2232 1935 2257 ut
1958 2232 2033 2257 sunt
2055 2235 2113 2257 sua
2135 2231 2252 2257 natura
2275 2225 2320 2258 lo·

1367 2281 1478 2310 quens,
1509 2280 1591 2310 quae
1622 2269 1706 2301 nihil
1736 2269 1799 2300 nisi
1828 2269 1927 2301 inane
1957 2273 1990 2300 ct
2018 2267 2177 2300 ludicrum
2201 2267 2321 2309 aliquid

1367 2319 1453 2351 sunt,
1477 2313 1539 2344 nisi
1563 2311 1602 2344 ad
1626 2312 1772 2344 altiorem
1797 2311 1934 2351 aliquem
1964 2311 2059 2342 finem
2091 2316 2244 2351 spectent,
2277 2310 2323 2343 ait

1370 2356 1472 2386 Deum
1497 2356 1602 2396 potius
1625 2356 1824 2395 praecepisse
1847 2359 1882 2386 ut
1905 2353 1972 2385 voci
1996 2353 2097 2394 ipsius
2124 2353 2322 2394 obtempere-

1369 2405 1420 2429 tur
1442 2408 1538 2438 quam
1561 2404 1598 2429 ut
1619 2397 1797 2432 offerantur
1819 2397 1980 2429 sacrificia.
2025 2395 2116 2434 Quae
2139 2401 2176 2427 ut
2198 2395 2322 2428 facilius

1369 2440 1472 2472 adhuc
1503 2439 1821 2481 comprehendamus,
1857 2438 2090 2471 observandum
2114 2439 2200 2479 loqui
2223 2439 2320 2479 scrip-

1369 2491 1471 2514 turam
1501 2483 1673 2524 aliquando
1697 2482 1736 2514 de
1766 2482 1862 2514 robus
1892 2491 1971 2522 quas
1993 2480 2084 2512 Deus
2107 2480 2268 2522 approbat,
2291 2485 2323 2513 et

1369 2536 1447 2565 quac
1478 2532 1596 2557 natura
1625 2536 1684 2558 sua
1713 2525 1815 2557 bonae
1844 2529 1928 2562 sunt,
1958 2523 2129 2564 aliquando
2159 2523 2198 2555 de
2227 2523 2322 2556 rebus

1369 2578 1447 2608 quas
1469 2568 1671 2606 condemnat,
1694 2577 1913 2608 quarumquae
1936 2566 2009 2598 finis
2031 2572 2080 2598 est
2099 2567 2230 2598 omnino
2249 2575 2321 2598 con-

1370 2610 1496 2642 trarius.
1541 2611 1692 2652 Exempli
1723 2611 1836 2652 gratia,
1865 2609 1954 2641 Deus
1984 2609 2071 2641 iubet
2093 2619 2150 2641 nos
2173 2608 2321 2641 fiduciam

1369 2662 1494 2684 omnem
1519 2660 1661 2686 nostram
1685 2654 1720 2685 in
1743 2653 1812 2694 ipso
1834 2652 2004 2685 collocare:
2029 2651 2113 2692 quod
2137 2662 2193 2692 per
2216 2661 2249 2684 se
2271 2649 2323 2682 bo-
