2551 3044
0 2445 2 2459 l

0 2461 1 2477 1

0 2479 1 2488 i

228 184 287 215 133
882 182 926 214 IN
950 183 975 214 1.
1000 182 1087 215 LIB.
1112 181 1308 213 SAMUEL.
1333 182 1427 214 CAP.
1452 185 1525 216 XV.
2126 192 2180 222 131

225 290 287 318 qua
316 288 373 309 sua
403 279 532 310 consilia
563 277 601 309 ad
631 278 752 309 exitum
786 277 955 318 perducat,
992 276 1108 307 nostris
1143 286 1180 306 ea

226 322 298 353 licet
322 320 420 352 oculis
445 332 507 351 uon
527 325 695 361 appareat:
719 327 749 352 et
770 331 832 351 non
852 319 980 350 aliunde
1003 318 1179 359 potentiam

227 375 330 404 neque
354 369 445 394 extra
468 374 502 394 se
527 364 743 403 quaesiturum
774 373 836 402 qua
865 372 954 394 suam
981 361 1178 393 voluntatem

226 406 378 447 perficiat.
423 406 527 436 Tanta
550 406 635 437 enim
659 410 704 437 est
728 406 839 436 innata
869 404 958 436 nobis
983 404 1112 441 malitia,
1145 408 1179 434 ut

225 449 386 480 infinitam
412 449 470 479 Dei
495 449 668 488 potentiam
693 458 854 488 nunquam
875 457 1093 488 agnoscamus,
1119 446 1178 476 nisi

225 492 360 532 ipsemet
382 490 489 521 oculos
519 490 607 521 nobis
636 491 768 531 aperiat,
802 495 833 521 et
863 489 1010 530 disponat
1039 493 1176 519 mentem

225 538 386 565 nostram:
411 533 516 572 itaque
541 544 703 573 uunquam
726 533 901 564 dixerimus
920 543 960 563 ex
983 531 1072 562 nobis
1091 531 1177 571 ipsis,

224 578 330 608 Deum
354 586 445 616 posse
469 585 548 616 quae
579 576 669 607 nobis
700 575 815 607 desunt
847 575 1014 614 perficere:
1044 574 1098 605 sed
1122 584 1176 604 ex—

224 624 316 650 terna
340 618 444 648 media
467 622 593 649 tantum
623 619 792 654 intuemur,
824 623 854 649 et
883 628 961 657 quae
993 616 1177 648 verisimilia

224 661 326 702 magis
347 666 501 700 apparent
520 666 688 692 sectamur.
720 661 832 701 Itaque
851 669 1058 700 quaecunque
1077 658 1177 706 oculis

223 704 346 735 obiecta
370 703 488 734 fuerint
511 704 555 735 sic
579 703 860 743 apprehendimus,
880 708 916 733 ut
934 712 1058 733 summa
1076 711 1177 742 aegri-

224 746 334 777 tudine
355 746 570 783 conficiamur,
591 746 652 776 nisi
672 752 744 777 ante
767 746 873 777 oculos
887 744 990 776 media
1008 744 1177 784 conspicua

223 789 289 820 sint
323 788 438 828 quibus
476 789 578 819 Deum
613 789 733 819 auxilio
768 787 856 819 nobis
896 788 962 819 fore
995 796 1176 827 speremus:

224 831 338 872 quibus
362 831 387 861 si
411 831 532 871 privari
556 841 612 862 nos
635 832 816 872 contigerit,
847 835 914 861 tum
939 830 1027 870 quasi
1051 828 1174 861 concla-

223 878 345 904 matum
376 878 468 910 esset,
500 874 532 904 in
563 873 815 913 desperationem
846 873 976 904 ruimus.
1022 871 1106 911 Quid
1130 871 1175 902 ita

224 916 320 948 vero?
361 915 485 956 Nempe
509 926 571 946 non
595 917 798 956 agnoscimus
820 914 1174 956 incomprehensibilem

224 969 294 990 esse
318 958 379 989 Dei
403 958 594 998 potentiam:
630 969 710 998 quae
733 964 838 989 tamen
864 958 961 990 variis
984 957 1084 988 modis
1107 967 1175 988 sese

223 1001 308 1041 apud
332 1001 476 1032 homines
500 1011 539 1031 ex
562 1001 718 1032 immensa
736 1001 834 1041 ipsius
855 1000 994 1031 bonitate
1007 1000 1173 1040 patefacit:

224 1044 282 1075 etsi
318 1043 410 1075 facile
451 1043 544 1074 rebus
584 1043 732 1074 omnibus
765 1043 879 1075 creatis
919 1053 1025 1074 carere
1066 1041 1172 1082 possit.

223 1086 451 1126 Quamobrem,
476 1096 572 1125 quum
596 1086 704 1117 variae
724 1085 796 1117 illae
816 1096 920 1116 rerum
940 1085 1173 1122 conversiones,

223 1129 340 1169 quibus
363 1128 466 1159 instar
489 1128 702 1168 procellarum
734 1128 873 1159 mundus
901 1128 961 1159 iste
984 1127 1173 1164 concutitur,

222 1172 320 1203 fidem
358 1175 502 1201 nostram
543 1170 665 1202 soleant
706 1170 926 1202 vehementius
966 1180 1173 1208 commovere,

223 1214 300 1245 adeo
329 1217 365 1244 ut
393 1213 431 1244 de
462 1213 531 1245 Deo
561 1217 592 1244 et
622 1213 689 1244 eius
725 1212 941 1254 providentia,
979 1212 1174 1244 mundumne

222 1256 434 1293 administret,
466 1255 657 1293 dubitemus,
689 1257 720 1287 in
751 1260 890 1287 mentem
915 1255 1092 1287 revocanda
1113 1255 1173 1286 ista

222 1298 384 1331 sententia
406 1302 464 1339 est,
489 1299 594 1329 Deum
618 1299 694 1330 satis
718 1299 751 1329 in
775 1310 808 1330 se
840 1298 954 1329 virium
985 1297 1110 1337 habere,
1140 1303 1172 1328 et

222 1353 285 1373 non
309 1352 388 1381 opus
411 1342 438 1371 ei
463 1352 531 1372 esse
555 1345 590 1372 ut
621 1352 674 1372 eas
697 1341 826 1372 aliunde
852 1345 1014 1372 mutuetur
1037 1340 1076 1372 ad
1099 1351 1170 1373 suo—

221 1395 294 1416 rum
328 1383 571 1424 protectionem:
612 1395 648 1416 ac
681 1395 806 1423 semper
841 1393 982 1415 veracem
1018 1394 1100 1415 esse:
1141 1388 1172 1414 01

221 1426 354 1469 proinde
383 1426 480 1457 semel
510 1427 671 1466 inceptum
708 1437 789 1466 opus
824 1427 1054 1466 perfecturum,
1088 1425 1171 1466 quod

220 1480 293 1501 cum
318 1469 457 1509 potentia
480 1469 714 1507 inaestimabili,
747 1469 864 1500 veritas
887 1472 918 1499 et
941 1468 1074 1501 fidelitas
1097 1478 1170 1500 con-

220 1513 328 1543 iuncta
351 1512 424 1542 sint.
471 1511 537 1543 Sed
560 1512 619 1542 etsi
644 1511 806 1544 decretum
830 1512 929 1551 ipsius
952 1515 982 1542 et
1004 1511 1169 1543 consilium

220 1555 262 1586 sit
281 1553 372 1585 nobis
395 1554 729 1594 incomprehensibile:
754 1559 909 1594 quatenus
932 1558 1038 1585 tamen
1057 1554 1170 1594 quibus

220 1596 402 1638 indigemus
426 1608 459 1628 se
482 1597 632 1628 daturum
655 1596 823 1637 promittit,
847 1597 880 1627 in
904 1596 963 1628 hae
980 1597 1080 1637 ipsius
1099 1607 1169 1637 pro-

221 1640 372 1671 missione
402 1639 702 1680 conquiescendum.
747 1639 855 1678 Quare
885 1649 982 1679 quum
1013 1640 1073 1670 Dei
1100 1650 1168 1670 ver-

220 1683 295 1714 bum
319 1682 456 1713 fideliter
479 1687 510 1713 et
539 1693 618 1723 pure
648 1682 738 1714 nobis
769 1681 981 1722 praedicatur,
1012 1682 1107 1713 etiam
1131 1682 1170 1713 ad

219 1735 310 1756 suam
344 1724 573 1764 perfectionem
609 1730 778 1756 venturum
815 1723 893 1755 illud
934 1724 1168 1763 concludamus,

224 1768 297 1798 lieet
319 1778 355 1798 ea
378 1767 608 1808 impedimenta
639 1778 708 1798 sese
737 1767 882 1803 offerant,
912 1777 953 1797 ex
975 1767 1087 1807 quibus
1111 1768 1167 1798 hu-

220 1820 314 1841 mana
337 1810 418 1841 ratio
441 1810 638 1850 impossibile
656 1810 688 1841 id
708 1820 776 1841 0000
795 1809 924 1840 iudicet:
945 1813 1013 1840 tum
1032 1810 1057 1841 si
1077 1810 1169 1841 malis

220 1852 439 1893 opprimimur,
465 1853 512 1883 vel
537 1852 648 1884 saltem
672 1852 777 1892 aliqua
793 1852 977 1883 confusione
995 1852 1168 1892 obruimur,

219 1895 258 1926 ad
282 1895 384 1936 ipsius
408 1895 593 1935 potentiam,
625 1905 705 1935 0030
736 1894 824 1925 00113
847 1895 968 1925 ratione
991 1895 1091 1926 minui
1113 1906 1167 1936 po-

220 1942 290 1976 test,
315 1938 544 1978 confugiamus,
577 1942 607 1969 et
638 1938 670 1968 in
700 1937 754 1968 illo
785 1947 849 1968 uno
879 1948 966 1977 spem
989 1948 1114 1969 omnem
1137 1942 1169 1969 et

219 1980 369 2012 fiduciam
401 1984 544 2011 nostram
575 1980 773 2012 collocemus.
820 1979 926 2019 Quare
949 1991 1044 2020 quum
1068 1981 1168 2012 variis

219 2022 400 2055 istiusmodi
432 2033 540 2054 rerum
574 2022 866 2063 perturbationibus
900 2022 1071 2063 agitamur,
1110 2024 1168 2055 hac

219 2065 380 2097 sententia
403 2069 556 2106 tanquam
579 2066 690 2106 clypeo
712 2069 867 2105 tegamur,
891 2065 994 2096 Deum
1013 2076 1075 2097 non
1095 2076 1167 2107 poe-

219 2109 330 2146 nitere,
354 2107 385 2138 id
412 2112 462 2139 est
484 2108 681 2148 propositum
705 2118 760 2139 seu
790 2108 981 2139 sententiam
1004 2119 1168 2149 nunquam

220 2155 353 2182 mutare.
390 2150 559 2182 Caeterum
579 2154 750 2190 antequam
770 2149 808 2180 de
823 2150 881 2181 Dei
901 2149 1024 2182 decreto
1047 2152 1167 2192 aliquid

219 2204 395 2233 speremus,
419 2193 638 2233 cognoscenda
660 2193 760 2233 ipsius
784 2196 831 2223 est
855 2192 1014 2224 volunt-as:
1044 2198 1078 2225 ut
1100 2205 1167 2226 cer-

220 2240 288 2267 tum
309 2235 526 2267 testimonium
547 2236 720 2267 habeamus
739 2245 849 2266 eorum
869 2235 900 2266 in
921 2236 1033 2275 quibus
1052 2237 1168 2269 fiducia

220 2277 403 2310 collocanda
425 2283 481 2309 est.
526 2278 610 2309 Nam
633 2279 659 2309 si
689 2277 765 2317 quid
795 2277 854 2318 ipsi
878 2278 968 2310 nobis
990 2278 1072 2310 ultro
1096 2290 1166 2320 pro-

220 2321 429 2357 mitteremus,
454 2325 572 2351 temere
595 2320 657 2351 hue
680 2320 754 2350 illuc
777 2320 1020 2360 impelleremur‚
1048 2326 1079 2353 et
1102 2323 1169 2355 sola

220 2363 394 2403 pertinacia
418 2363 604 2401 niteremur,
623 2367 655 2394 et
674 2364 786 2393 inanes
805 2367 936 2394 conatus
955 2368 1068 2396 essent.
1104 2365 1167 2397 Sed

220 2406 245 2437 si
270 2405 307 2436 de
332 2404 392 2436 Dei
418 2405 580 2436 voluntate
604 2405 753 2436 certiores
777 2405 849 2436 facti
873 2406 1034 2445 fuerimus,
1059 2418 1168 2448 quem-

220 2447 390 2479 admodum
414 2447 451 2478 de
474 2448 587 2479 salutis
606 2452 753 2478 aeternae
771 2448 962 2480 certitudine
979 2450 1057 2482 satis
1076 2451 1168 2483 firma

221 2490 403 2521 testimonia
426 2490 544 2530 passim
569 2489 721 2521 habemus
744 2490 777 2521 in
801 2490 907 2530 sacris,
926 2493 1104 2525 necessario
1128 2494 1168 2525 ad

220 2533 324 2573 ipsum
367 2533 398 2563 in
436 2532 650 2564 conscientiae
690 2532 864 2564 terroribus
904 2535 1166 2576 confugiendum:

220 2574 476 2616 quandoquidem
506 2586 538 2606 00
568 2580 632 2606 tam
665 2575 838 2617 benignum
869 2581 900 2607 et
932 2577 1167 2610 misericordem

220 2628 295 2659 erga
319 2629 375 2649 nos
399 2618 547 2656 declarat,
571 2622 605 2649 ut
625 2628 681 2650 nos
699 2618 731 2649 in
751 2618 895 2659 gratiam,
918 2620 1168 2662 quotiescunque

1233 281 1359 315 peccata
1382 277 1449 307 sine
1474 278 1550 316 fuco,
1586 280 1639 310 sed
1671 292 1742 312 cuin
1768 293 1842 313 vera
1864 284 2061 324 poenitentia
2085 286 2182 317 confi-

1232 317 1385 357 tebimur,
1421 321 1608 361 veniamque
1645 322 1884 364 deprecabimur
1919 337 1975 366 per
2005 327 2182 360 Dominum

1232 365 1377 408 nostrum
1402 361 1507 393 Iesum
1533 364 1708 404 Christum,
1731 368 1822 399 cuius
1846 368 2000 400 inviolata
2023 375 2070 401 est
2093 371 2181 409 fides,

1231 408 1372 442 recipiat.
1435 405 1557 436 Deinde
1592 407 1624 438 in
1659 409 1752 440 rebus
1790 409 1987 443 difficillimis
2029 412 2067 443 ad
2113 414 2182 446 eius

1230 445 1384 476 auxilium
1417 449 1676 489 concurrendum,
1708 459 1743 483 ut
1772 452 1878 483 valida
1906 465 1964 485 sua
1994 465 2092 487 manu
2124 468 2180 489 nos

1229 487 1422 536 adiuvet,net
1446 496 1606 531 protegat:
1632 493 1718 532 qnod
1742 495 1871 526 omnino
1895 496 1998 534 faciet,
2023 498 2049 528 si
2072 508 2179 530 coram

1228 540 1296 569 ipso
1328 531 1513 578 deiiciamur
1542 539 1572 564 01
1601 534 1816 568 humiliemur.
1863 538 1967 578 Atque
1999 539 2057 571 hae
2091 542 2180 573 nobis

1229 573 1453 620 promissiones
1477 575 1515 606 de
1539 576 1604 606 vita
1623 586 1753 610 aeterna
1771 581 1866 612 fiunt:
1891 581 2005 621 quibus
2025 582 2102 614 adeo
2122 594 2180 615 nos

1229 622 1287 645 niti
1312 626 1369 655 par
1393 620 1449 654 est,
1480 623 1513 648 ut
1546 618 1619 650 licet
1649 621 1770 652 coelum
1795 628 1897 654 terrae
1921 624 2046 656 misceri
2071 625 2178 658 videa-

1229 661 1291 695 tur,
1316 658 1523 691 nihilominus
1548 667 1651 693 tamen
1672 663 1703 694 in
1724 664 1821 704 ipsius
1841 666 1981 698 bonitate
2001 678 2178 709 speremus,

1228 700 1312 748 quod
1348 711 1510 741 nunquam
1550 713 1619 735 eam
1653 707 1820 745 poeniteat.
1868 708 1962 748 Quod
1997 714 2103 741 autem
2139 712 2177 742 ad

1228 748 1315 774 vitae
1338 745 1513 783 praesentis
1537 750 1655 778 statum
1678 749 1800 787 attinet,
1835 751 1928 782 etiam
1953 753 2179 792 promissiones

1228 785 1353 816 divinas
1377 786 1529 819 habemus
1553 788 1657 820 Deum
1680 792 1779 822 nostri
1804 793 2021 833 miserturum,
2053 800 2083 826 et
2107 806 2177 836 pro-

1228 832 1387 859 tecturum
1412 829 1565 862 adversus
1589 836 1634 862 tot
1653 834 1792 873 pericula
1812 846 1851 867 ne
1871 836 1903 866 in
1917 836 1979 868 illis
1998 848 2176 877 pereamus.

1228 869 1339 919 Neque
1363 876 1468 903 tamen
1494 884 1530 904 ea
1559 874 1648 906 nobis
1677 877 1891 916 tranquillitas
1923 884 1953 910 et
1981 879 2082 911 otium
2106 891 2177 921 pro-

1227 917 1374 950 mittitur,
1392 915 1466 954 quin
1482 916 1577 947 variis
1590 917 1690 950 modis
1710 930 1915 952 exerceamur
1934 926 1965 952 et
1978 922 2177 963 affligamur:

1226 955 1280 986 sed
1312 967 1445 996 quorum
1476 962 1581 989 tamen
1612 960 1686 992 felix
1718 962 1823 993 exitus
1846 963 1887 994 sit
1910 964 2051 996 futurus:
2084 965 2177 997 modo

1224 998 1257 1029 in
1278 999 1431 1038 patientia
1450 999 1594 1032 divinum
1614 1003 1767 1035 auxilium
1782 1006 2021 1045 praestolemur,
2042 1018 2177 1049 eumque

1225 1041 1422 1081 supplicibus
1458 1044 1539 1074 votis
1572 1048 1603 1076 et
1642 1056 1704 1077 non
1740 1047 1810 1077 ficto
1844 1048 1939 1080 corde
1972 1050 2174 1082 invocemus:

1226 1094 1329 1124 neque
1361 1084 1541 1118 dubitemus
1565 1087 1642 1126 quin
1674 1099 1762 1120 suam
1787 1090 1818 1120 10
1842 1100 1974 1130 corpora
1997 1097 2028 1122 et
2051 1093 2175 1125 animas

1225 1134 1351 1158 nostras
1392 1127 1641 1161 misericordiam
1685 1131 1843 1163 extendat.
1902 1133 2106 1175 Quapropter
2147 1136 2174 1167 si

1225 1169 1341 1200 animis
1379 1171 1495 1202 nostris
1530 1173 1753 1212 promissiones
1786 1175 1885 1215 ipsius
1920 1176 2016 1208 altius
2052 1178 2173 1210 infixae

1225 1212 1362 1249 fuerint,
1400 1217 1431 1244 et
1472 1213 1566 1245 huius
1607 1217 1799 1255 sententiae,
1837 1217 1943 1249 Deum
1983 1229 2046 1250 non
2081 1231 2173 1260 posse

1225 1256 1405 1295 poenitere,
1442 1257 1696 1297 meminerimus,
1731 1261 1907 1291 necessario
1946 1262 2173 1295 concludemus

1225 1307 1282 1328 nos
1305 1308 1360 1337 spe
1384 1303 1492 1330 nostra
1515 1310 1677 1340 nunquam
1701 1301 1847 1333 excidere
1877 1313 1985 1342 posse:
2015 1304 2172 1345 siquidem

1224 1340 1256 1370 in
1281 1340 1387 1371 Deum
1412 1341 1500 1373 nulla
1522 1342 1605 1374 cadit
1628 1354 1766 1384 unquam
1791 1346 1934 1377 mutatio.
1968 1346 2015 1377 Ac
2038 1347 2172 1387 proinde

1224 1383 1298 1414 licet
1320 1393 1376 1414 sus
1399 1383 1500 1424 deque
1523 1385 1629 1416 omnia
1651 1391 1825 1426 vertantur,
1855 1392 1887 1419 et
1917 1393 2001 1420 totus
2031 1390 2172 1422 mundus

1224 1425 1392 1457 adversum
1416 1437 1475 1458 nos
1497 1429 1663 1468 conspiret,
1683 1433 1714 1460 et
1732 1429 1835 1471 abyssi
1855 1430 1893 1462 ad
1911 1441 1969 1462 nos
1992 1431 2172 1473 deglutien-

1224 1468 1280 1499 dos
1304 1473 1431 1508 apertae
1456 1469 1633 1509 videantur,
1665 1475 1696 1502 et
1718 1483 1790 1503 eum
1821 1473 1930 1504 inferis
1953 1474 2034 1505 coeli
2057 1475 2171 1506 adver-

1223 1522 1293 1542 sum
1321 1521 1379 1542 nos
1410 1513 1599 1552 conspirent,
1633 1524 1857 1555 cognoscamus
1888 1521 1995 1547 tamen
2026 1521 2057 1547 et
2086 1522 2171 1549 certo

1223 1554 1367 1594 persuasi
1391 1554 1490 1586 simus
1514 1566 1621 1587 veram
1644 1557 1709 1587 fore
1739 1567 1863 1598 semper
1893 1558 1987 1590 istam
2011 1559 2172 1592 Samuelis

1223 1596 1423 1634 sententiam,
1448 1608 1562 1638 nempe
1586 1598 1668 1639 quod
1688 1599 1792 1630 Deum
1816 1611 1978 1640 nunquam
2001 1602 2171 1642 poeniteat,

1223 1644 1253 1669 et
1285 1649 1341 1670 nos
1370 1639 1409 1670 ad
1440 1640 1544 1680 ipsum
1574 1642 1799 1682 confugientes,
1830 1644 1984 1674 auxilium
2014 1644 2048 1675 10
2077 1646 2172 1677 rebus

1222 1682 1368 1722 angustis
1398 1682 1436 1713 ab
1467 1683 1535 1722 ipso
1565 1689 1758 1724 accepturos.
1803 1685 1925 1717 Contra
1954 1697 2028 1717 vero
2057 1691 2171 1719 contu-

1221 1735 1326 1756 maces
1349 1729 1380 1755 et
1404 1725 1537 1757 rebelles
1569 1726 1647 1757 iram
1681 1727 1780 1767 ipsius
1811 1733 1840 1759 et
1864 1728 2012 1760 ultimum
2036 1730 2170 1761 exitium

1221 1767 1252 1798 in
1276 1768 1381 1807 capita
1403 1778 1461 1798 sua
1484 1767 1699 1800 derivaturos:
1731 1770 1999 1810 quemadmodum
2023 1771 2099 1803 illud
2124 1777 2171 1804 est

1220 1809 1253 1840 10
1278 1810 1376 1841 Saule
1407 1811 1621 1851 conspicuum,
1653 1812 1706 1852 qui
1738 1823 1793 1852 pro
1822 1823 1857 1844 eo
1880 1813 1962 1853 quod
1986 1813 2045 1845 sibi
2069 1825 2087 1845 a
2110 1814 2169 1846 Sa-

1220 1853 1325 1884 muele
1347 1853 1462 1884 factam
1486 1854 1765 1894 reprehensionem
1789 1855 1897 1886 debuit
1915 1856 2022 1887 animo
2046 1857 2171 1898 resipis-

1219 1895 1310 1926 cendi
1334 1895 1511 1934 admittere,
1535 1908 1598 1927 non
1623 1901 1727 1928 tamen
1751 1897 1871 1929 destitit
1888 1902 2017 1938 peccata
2032 1900 2170 1939 peccatis

1220 1938 1392 1975 cumulare,
1417 1938 1516 1970 donec
1538 1939 1577 1970 ad
1601 1938 1773 1980 impietatis
1797 1941 1958 1981 fastigium
1982 1941 2118 1981 devenit,
2137 1946 2168 1974 et

1220 1981 1252 2011 in
1277 1980 1529 2021 desperationem
1554 1982 1673 2013 incidit.

1304 2023 1395 2063 Quae
1425 2029 1603 2064 sequuntur
1632 2025 1734 2063 verba,
1766 2035 1823 2056 non
1852 2035 1914 2057 esse
1946 2026 2101 2057 hominum
2135 2030 2168 2058 ut

1220 2069 1291 2107 ayat
1315 2066 1543 2107 poenitentiam,
1574 2067 1644 2098 ideo
1674 2067 1794 2099 adiecta
1824 2073 1907 2104 sunt,
1939 2068 2024 2108 quod
2053 2080 2090 2100 ea
2121 2074 2169 2101 est

1220 2119 1310 2140 mens
1333 2109 1500 2140 hominum
1531 2113 1565 2140 ut
1588 2108 1694 2141 Deum
1723 2110 1767 2140 illi
1799 2110 2035 2148 transforment,
2068 2116 2099 2142 et
2128 2112 2167 2143 ad

1220 2162 1315 2183 suum
1335 2151 1499 2182 modulum
1520 2156 1551 2182 et
1570 2157 1695 2192 captum
1716 2152 1932 2184 dimetiantur.
1961 2153 2075 2194 Itaque
2094 2155 2169 2186 licet

1219 2194 1320 2234 prima
1344 2193 1447 2224 fronte
1470 2194 1574 2225 videri
1597 2195 1697 2235 possit
1719 2195 1779 2225 ista
1802 2196 1959 2226 sententia
1978 2197 2086 2227 minus
2106 2197 2168 2228 Dei

1220 2237 1379 2268 maiestati
1414 2237 1625 2275 conveniens,
1667 2237 1771 2268 Deum
1806 2238 1933 2268 mentiri
1966 2248 2030 2269 non
2065 2249 2168 2279 posse,

1220 2289 1322 2319 neque
1351 2279 1421 2310 duci
1451 2279 1653 2320 poenitentia,
1685 2279 1938 2320 quandoquidem
1963 2280 2068 2312 Deum
2099 2292 2168 2313 esse

1221 2332 1365 2354 veracem
1397 2332 1489 2352 nemo
1519 2322 1655 2354 dubitat:
1691 2327 1796 2353 tamen
1831 2322 1949 2354 usitata
1982 2324 2167 2363 scripturae,

1220 2365 1302 2405 quod
1327 2374 1363 2394 ea
1386 2364 1427 2395 sit
1450 2364 1618 2395 hominum
1642 2365 1839 2404 impatientia
1861 2365 1886 2395 si
1910 2369 2043 2396 externa
2062 2366 2167 2398 media

1219 2418 1283 2438 non
1312 2411 1494 2447 appareant,
1524 2412 1578 2437 aut
1606 2406 1761 2445 deficiant,
1794 2412 1828 2437 ut
1857 2407 1895 2438 de
1918 2407 1987 2438 Deo
2010 2407 2165 2441 diffidant.

1220 2449 1330 2481 Veluti
1362 2449 1387 2479 si
1419 2449 1486 2488 quis
1518 2459 1580 2479 non
1613 2449 1710 2480 habet
1743 2449 1914 2489 repositam
1944 2460 2104 2481 annonam
2128 2462 2167 2483 ex

1220 2491 1316 2524 animi
1340 2491 1506 2529 sententia,
1538 2492 1650 2522 famem
1681 2492 1821 2527 timebit3
1852 2492 1878 2523 si
1909 2492 1990 2532 quod
2021 2494 2169 2525 imminet

1220 2533 1406 2577 periculum,
1430 2538 1560 2573 repente
1580 2534 1704 2565 animus
1723 2533 1875 2572 concidet,
1895 2545 1933 2565 ex
1954 2535 2067 2575 quibus
2088 2536 2168 2568 satis

1219 2581 1349 2618 apparet
1379 2576 1483 2607 Deum
1514 2576 1581 2607 fieri
1610 2576 1794 2608 hominibus
1823 2576 1967 2609 similem.
2013 2577 2166 2617 Quande-

1221 2619 1345 2661 quidem
1369 2619 1452 2649 enim
1476 2619 1642 2659 promissis
1666 2619 1766 2659 ipsius
1788 2619 1885 2651 fidere
1909 2630 1971 2651 non
1990 2630 2171 2661 possumus,

1952 2670 1984 2696 9.
