2551 3044
374 203 437 232 37¹3

377 293 503 326 Deinde
528 292 587 323 hae
612 291 735 322 ratione
760 298 914 330 tanquam
942 291 1052 322 fraeno
1072 291 1209 331 quodam
1232 292 1346 320 retine-

377 337 492 373 bimur,
527 344 567 365 ne
602 333 655 364 alii
687 332 758 364 aliis
788 333 982 364 irascamur:
1017 340 1049 364 01
1072 336 1179 374 potius
1202 332 1344 363 studium

377 388 471 409 omne
502 377 713 412 conferemus,
744 381 776 406 et
799 380 929 406 mutuas
951 386 1066 415 operas
1089 376 1121 406 in
1146 375 1236 406 nobis
1260 375 1343 405 invi—

378 431 446 451 cem
466 417 672 450 adiuvandis:
693 428 792 457 quum
813 423 920 449 tamen
940 425 1051 449 contra
1069 418 1173 449 simus
1192 429 1209 448 a
1231 425 1345 448 natura

378 469 560 493 nostrorum
592 460 832 490 commodorum
864 465 928 490 tam
960 468 1104 491 amantes
1137 469 1170 490 ut
1202 460 1250 490 vel
1286 459 1344 498 ipsi

380 506 448 536 Deo
472 504 632 540 resistere,
658 501 880 542 voluntatique
902 502 1003 542 ipsius
1027 502 1178 533 reluctari
1203 512 1266 532 non
1292 512 1345 531 ve-

379 557 518 583 reamur,
554 552 727 583 utrumque
758 545 795 575 fit
825 544 886 576 1100
916 545 982 576 1000
1013 545 1104 576 1101115
1127 545 1344 584 conspicuum.

378 589 461 621 Nam
486 599 524 619 ex
550 593 642 627 parte
666 586 746 617 saul
770 587 816 618 510
840 587 996 618 adversus
1021 586 1180 618 Davidem
1201 587 1286 619 furit.
1312 592 1347 616 ut

377 633 477 663 teram
509 631 614 671 potius
638 639 734 668 quam
761 629 923 660 hominem
948 629 1043 661 111035.
1089 629 1170 667 Quis
1194 640 1266 659 011111
1292 638 1346 658 au-

378 682 442 704 tem
477 673 515 703 ad
553 678 681 702 tantum
716 671 856 702 furorem
894 671 1053 711 impellit?
1100 672 1222 710 Nempe
1257 671 1347 710 eupit

378 717 479 747 invito
511 714 581 745 Deo
611 724 750 754 regnare
780 725 837 754 pro
867 725 903 744 eo
933 713 1016 753 quod
1040 714 1099 753 ipsi
1124 726 1157 744 se
1181 713 1345 748 subiicere,

377 766 408 790 et
433 758 535 799 magis
559 768 594 787 ac
614 757 720 795 magis
739 756 927 787 submittere
947 755 1090 791 debebat,
1116 763 1346 794 acceptumque

378 802 504 841 regium
525 798 673 829 diadema
685 805 799 838 sponte
815 797 932 829 Davidi
945 798 1067 834 cedere,
1088 798 1346 837 quandoquidem

378 844 439 883 ipsi
464 842 548 873 male
572 852 606 872 se
629 841 662 871 in
687 841 746 872 hoc
770 850 903 871 munere
927 849 1071 881 gesserat
1092 840 1224 880 Deoque
1244 840 1346 870 rebel-

377 886 471 917 larat.
518 883 738 923 Quamobrem
777 882 910 914 decebat
941 882 1031 913 illum
1073 894 1142 913 >ese
1175 883 1346 912 autoritate

379 928 464 968 regis
498 926 656 962 abdicare,
694 930 726 956 et
754 935 823 955 eam
855 924 1070 956 obedientiam
1104 926 1172 955 Deo
1206 925 1346 960 reddere,

379 976 414 1001 111
433 970 595 1011 privatam
616 969 716 998 vitam
737 968 845 1007 regiae
864 974 1084 1007 anteponeret.
1115 968 1348 997 Verumtamen

378 1013 432 1044 1110
456 1022 490 1043 50
514 1021 669 1050 suamque
688 1009 878 1050 dignitatem
898 1011 980 1040 tueri
997 1018 1027 1039 et
1044 1019 1348 1048 eonsei·va1·ep‹›sse,

379 1055 428 1086 vel
462 1054 567 1085 invito
601 1053 679 1087 Deo.
711 1058 828 1092 sperat.
875 1052 956 1083 Inde
981 1053 1098 1082 factum
1125 1051 1282 1089 videmus,
1313 1057 1347 1082 ut

1183 197 1385 229 HOMILIA
1407 197 1567 228 LXXVI.

2308 203 2372 234 330

1400 300 1554 330 regnare,
1596 301 1694 330 quum
1730 290 1800 322 Deo
1841 291 1948 322 visum
1989 293 2028 322 511
2066 292 2226 324 Davidem
2260 305 2369 334 regem

1398 332 1617 364 constituere?
1639 332 1726 371 Quid
1750 333 1777 364 si
1801 332 1841 364 ad
1865 334 1967 373 patris
1979 333 2131 366 delictum
2155 345 2216 376 ego
2238 337 2369 369 eaedem

1370 375 1496 414 ¹etiam
1531 373 1719 412 adiicerem,
1759 375 1835 415 quid
1877 385 1928 406 me
1968 377 2085 408 misero
2127 378 2240 409 fieret?
2284 379 2370 411 Hine

1397 423 1533 457 apparet
1545 418 1763 457 arrogantiam
1777 428 1849 449 cum
1863 417 1988 449 invidia
1999 420 2206 451 coniunctam
2221 420 2370 453 homines

1399 460 1431 490 in
1460 459 1545 490 feras
1576 465 1775 498 permutare3
1811 460 1851 490 ad
1890 470 1983 500 quem
2025 462 2165 493 furorem
2201 462 2370 495 devenisse

1399 501 1547 532 videmus
1566 501 1709 536 Saulem.
1732 512 1831 542 quum
1850 502 2067 534 Ionathauum
2082 503 2169 543 dicit,
2191 504 2231 536 ad
2245 506 2369 546 regiam

1399 544 1590 584 dignitatem
1617 555 1781 583 nunquam
1794 545 1857 575 nisi
1876 555 1968 576 caeso
1984 545 2110 577 Davide
2125 554 2368 586 perventurum.

1372 623 1373 626 Ἰ
1400 586 1485 617 Hine
1509 586 1720 617 admonemur
1744 593 1780 617 ut
1803 588 1873 618 sine
1896 588 2152 620 contradictione
2172 589 2235 620 Dei
2259 590 2371 621 volun-

1401 629 1457 658 tati
1491 628 1581 660 nobis
1612 631 1790 668 patefactae
1821 640 1880 660 nos
1909 630 1995 669 ipsos
2031 631 2116 662 ultro
2151 631 2369 664 subiiciamus.

1400 671 1483 701 Nam
1507 678 1539 701 et
1562 672 1704 711 profecto
1727 681 1784 711 per
1807 681 2020 712 quaecunque
2044 673 2138 704 devia
2166 674 2368 706 aberraveri-

1401 724 1471 744 mus
1503 720 1627 744 certum
1664 719 1712 744 est
1752 723 1811 745 1105
1839 713 1879 745 ab
1914 714 1982 754 ipso
2012 715 2051 746 ad
2082 725 2161 747 suae
2192 716 2370 748 voluntatis

1400 755 1620 795 impletionem
1635 755 1846 793 reducendos,
1870 763 1902 787 et
1924 756 1951 786 si
1974 758 2097 788 centies
2114 768 2246 789 manum
2270 759 2371 799 ipsius

1401 809 1458 828 nos
1481 808 1635 829 evasuros
1658 799 1908 837 speraverimus,
1940 805 2048 830 tamen
2072 800 2278 832 cohibendos.
2314 800 2371 833 Sic

1400 840 1562 880 improbos
1585 847 1615 871 et
1647 846 1854 871 contumaces
1883 840 2031 872 homines
2062 842 2210 873 videmus
2237 844 2372 882 quaevis

1400 883 1521 923 effugia
1549 893 1720 922 quaerere,
1758 887 1795 913 111
1830 893 1865 913 50
1893 884 2056 923 potentiae
2088 883 2149 916 Dei
2179 885 2371 923 subducant,

1373 950 1375 955 ⁴
1401 936 1501 965 eoque
1525 935 1584 956 sua
1607 926 1716 956 omnia
1745 925 1880 956 consilia
1909 932 1942 955 et
1971 931 2105 957 conatus
2135 926 2286 967 dirigere,
2315 927 2372 960 sed

1373 992 1375 1003 .
1401 974 1590 999 excaecatos
1613 968 1721 999 furore
1743 978 1808 998 11011
1829 968 1939 999 videre
1963 978 2055 999 suam
2081 969 2316 1009 turpitudinem
2339 977 2373 1002 et

378 1097 501 1128 rabiem
531 1106 623 1127 suam
657 1093 815 1125 Davidem
846 1094 918 1125 odio
950 1101 1163 1134 persequutus
1194 1093 1348 1124 diabolico
1374 1092 1375 1099 ¹

379 1139 590 1180 despumarit.
637 1136 702 1168 Sed
726 1137 856 1168 obsecro
881 1148 974 1176 quein
1000 1137 1054 1167 ille
1074 1135 1348 1176 persequebatur?

378 1183 448 1214 Nae
472 1191 537 1212 non
558 1179 729 1217 Davidem,
753 1179 807 1210 sed
828 1180 933 1218 ipsum
956 1179 1060 1209 Deum
1080 1179 1170 1209 euius
1191 1178 1349 1210 voluntati

379 1235 445 1256 non
473 1223 548 1255 vult
570 1222 808 1261 obtemperare:
845 1222 929 1252 hune
954 1222 1069 1252 suroris
1095 1223 1200 1260 ignem
1225 1220 1349 1251 invidia

379 1268 469 1298 intus
499 1265 672 1303 excitabat,
704 1269 735 1295 et
765 1264 860 1295 modo
891 1264 929 1294 de
960 1264 1051 1294 hoste
1075 1264 1243 1295 victoriam
1267 1263 1349 1294 obti-

379 1314 455 1340 neat
477 1307 601 1340 coelum
625 1314 730 1338 terrae
753 1306 881 1338 misceri
906 1316 968 1336 non
993 1305 1171 1344 verebatur,
1194 1307 1349 1336 eximium

380 1361 457 1384 sane
488 1349 656 1390 speculum
689 1349 721 1379 in
752 1359 814 1388 quo
844 1359 878 1380 se
910 1349 1029 1379 intueri
1058 1349 1151 1379 debet
1181 1349 1235 1388 qui
1260 1358 1349 1379 arro-

379 1394 492 1436 gantia
522 1399 553 1423 et
585 1391 759 1422 insolentia
793 1401 829 1422 ae
851 1391 1055 1423 contumacia
1079 1391 1162 1430 pleni
1188 1391 1349 1430 proximos

380 1436 474 1478 parvi
497 1435 602 1466 faeere
625 1441 873 1465 consueverunt.

466 1477 538 1509 Iam
569 1487 646 1507 vero
678 1475 717 1506 ab
740 1475 842 1506 altera
867 1481 957 1516 parte
980 1475 1197 1506 Ionathanum
1224 1476 1349 1506 intuea-

381 1531 464 1558 mur,
486 1519 542 1560 qui
565 1517 726 1550 Davidem
751 1518 963 1557 cognoscebat
988 1519 1017 1548 in
1038 1518 1096 1549 sibi
1118 1517 1257 1549 debitam
1277 1529 1348 1549 sue-

381 1563 524 1595 005110οο
553 1566 672 1592 50110111
695 1560 911 1592 evehendum.
959 1560 1061 1591 Filius
1085 1566 1154 1591 erat
1177 1561 1277 1601 regis:
1310 1560 1349 1591 ad

381 1607 485 1645 ipsum
509 1614 586 1644 ergo
611 1603 700 1643 regia
723 1602 864 1643 dignitas
889 1602 1077 1642 pertinebat,
1101 1609 1134 1633 et*
1150 1602 1350 1633 haereditate
1376 1610 1377 1618 ¹

381 1647 595 1678 deferebatur.
621 1646 743 1685 Sponte
766 1652 874 1675 tamen
893 1645 987 1684 cedit,
1007 1650 1206 1684 compertum
1227 1645 1349 1676 habens

382 1690 443 1721 Dei
467 1689 631 1720 decretum
656 1687 695 1718 de
709 1687 837 1718 Davide
850 1686 890 1718 ad
901 1688 1026 1726 regium
1040 1688 1156 1718 solium
1171 1687 1348 1718 evehendo.
1376 1689 1377 1694 ¹

382 1731 498 1763 Procul
533 1729 630 1761 dubio
664 1739 730 1760 nou
764 1734 899 1761 exuerat
933 1729 1135 1760 Ionathanus
1169 1730 1349 1760 humanum

383 1815 549 1848 affectibus
581 1814 770 1854 praetulerit
801 1814 884 1855 quod
915 1814 1035 1845 bonum
1066 1820 1098 1845 et
1121 1825 1258 1854 aequum
1282 1825 1351 1846 esse

383 1859 444 1890 Dei
475 1857 592 1889 iudicio
626 1857 787 1897 cognovit.
833 1856 890 1888 Sic
920 1857 975 1888 1110
1008 1857 1115 1887 10111111
1138 1868 1252 1888 50115115
1275 1867 1351 1889 51105

1402 1017 1523 1041 temere
1547 1009 1676 1050 quidvis
1700 1019 1758 1050 pro
1782 1010 1915 1041 arbitrio
1939 1011 2110 1050 suscipere,
2134 1011 2259 1052 sibique
2281 1021 2372 1052 pros·

1403 1063 1514 1092 perum
1546 1062 1729 1084 successum
1759 1053 1958 1092 promittere.
2011 1053 2100 1084 Sane
2132 1053 2206 1085 illos
2241 1054 2372 1094 quidem

1402 1095 1493 1126 Deus
1516 1095 1554 1126 ad
1580 1101 1708 1134 tempus
1731 1094 1931 1134 triumphare
1955 1095 2041 1132 sinit,
2065 1095 2121 1126 sed
2141 1096 2186 1128 ita
2204 1100 2313 1128 tamen
2337 1103 2374 1128 ut

1402 1149 1436 1168 se
1460 1138 1564 1178 magis
1587 1138 1619 1168 in
1645 1138 1778 1177 laqueos
1801 1137 1990 1177 perditionis
2013 1137 2161 1176 induant,
2191 1143 2224 1170 et
2246 1149 2374 1170 summa

1403 1180 1592 1212 confusione
1615 1180 1802 1210 obruantur.
1849 1179 1922 1217 Quo
1947 1180 2045 1218 igitur
2069 1180 2243 1219 proclivior
2265 1186 2316 1212 est
2337 1181 2373 1212 in

1376 1239 1377 1244 =
1403 1222 1464 1254 1100
1478 1223 1594 1253 vitium
1609 1222 1728 1262 lapsus,
1752 1232 1788 1253 eo
1809 1221 2005 1261 deligentius
2028 1223 2120 1254 nobis
2134 1223 2213 1254 11300
2225 1223 2373 1254 1100111113

1403 1264 1590 1296 meditanda
1627 1270 1692 1302 est,
1725 1270 1758 1295 et
1791 1265 1825 1295 111
1856 1274 1950 1295 usum
1981 1265 2178 1296 revocanda:
2215 1276 2251 1297 ac
2285 1271 2372 1297 certo

1403 1307 1571 1339 sciendum
1598 1307 1657 1338 Dei
1682 1307 1829 1344 decretis,
1860 1306 1899 1337 de
1922 1307 2037 1346 quibus
2061 1307 2154 1338 1101115
2181 1308 2372 1347 001151110111,

1403 1356 1518 1390 sponte
1541 1349 1849 1388 obtemperandum:
1880 1348 2140 1388 quandoquidem
2165 1350 2246 1380 nihil
2271 1350 2373 1382 reluc—

1405 1392 1502 1423 tando
1536 1392 1768 1432 profecerimus
1806 1397 1838 1422 et
1876 1391 1985 1422 inania
2025 1391 2091 1422 sint
2125 1393 2234 1423 futura
2266 1393 2374 1424 omnia

1404 1434 1534 1475 effugia,
1559 1443 1752 1474 summaque
1775 1433 1840 1465 illis
1862 1434 2006 1465 confusio
2041 1434 2208 1466 immineat
2237 1435 2293 1474 qui
2316 1435 2373 1466 ad-

1405 1487 1518 1508 versus
1540 1476 1752 1508 irrevocabile
1765 1475 1899 1507 Domini
1913 1476 2077 1507 decretum
2092 1476 2211 1516 aliquid
2225 1487 2373 1518 suscepe-

1404 1520 1480 1550 rint.
1534 1518 1709 1551 Caeterum
1747 1524 1780 1550 et
1815 1519 1876 1550 1100
1913 1518 2086 1559 diligenter
2120 1519 2302 1550 cavendum
2334 1530 2374 1551 ne

1404 1562 1497 1593 nobis
1527 1560 1773 1601 indignantibus
1802 1560 1866 1592 Dei
1898 1561 2049 1592 voluntas
2081 1562 2286 1602 perficiatur:
2317 1561 2374 1594 sed

1403 1604 1509 1635 danda
1531 1614 1629 1644 opera
1653 1611 1686 1634 ut
1710 1603 1797 1635 ultro
1827 1614 1885 1635 nos
1908 1604 1969 1644 ipsi
1991 1602 2063 1634 Deo
2094 1603 2312 1642 subiiciamus,
2342 1609 2375 1636 et

1402 1647 1504 1686 ipsius
1526 1646 1643 1678 iudicia
1668 1653 1756 1677 reeta
1785 1651 1816 1677 et
1838 1646 1925 1677 111513
1947 1656 2018 1677 esse
2047 1656 2175 1686 semper
2203 1646 2373 1684 fateamur,

1402 1689 1527 1720 etiamsi
1552 1699 1610 1720 nos
1635 1690 1703 1728 ipse
1725 1689 1835 1728 aliqua
1858 1688 2038 1729 ignominia
2061 1693 2094 1719 et
2117 1688 2271 1720 dedecore
2294 1688 2374 1720 affe—

1376 1744 1377 1749 *
1401 1733 1489 1763 ecrit.
1524 1731 1574 1762 Ne
1597 1738 1769 1771 propterea
1791 1741 1925 1771 mquam
1941 1731 2000 1762 Dei
2025 1731 2203 1762 bonitatem
2225 1736 2258 1762 01
2279 1731 2373 1763 iusti-

382 1784 523 1810 sensum,
547 1772 601 1803 sed
627 1777 755 1802 tantum
778 1772 913 1812 profecit
937 1773 969 1802 111
995 1771 1056 1803 Dei
1080 1772 1203 1807 timore,
1227 1778 1261 1803 ut
1285 1773 1351 1803 suis
1374 1770 1376 1775 '

383 1901 542 1940 captivos:
578 1899 702 1939 sibique
732 1899 792 1939 ipsi
817 1900 883 1930 vim
908 1898 983 1931 fecit
1005 1905 1037 1929 et
1061 1898 1130 1930 Deo
1154 1909 1274 1930 morem
1296 1910 1350 1939 ge·
1376 1920 1377 1926 1

383 1954 459 1974 rens
490 1942 618 1973 exuerit
647 1951 782 1982 magnos
806 1941 878 1973 illos
901 1941 1035 1977 animos,
1067 1942 1121 1981 qui
1147 1947 1261 1972 natura
1284 1942 1349 1981 ple·
1376 1955 1377 1964 1

384 1995 519 2025 rumque
553 1988 632 2015 sunt
665 1984 696 2014 in
731 1984 876 2015 omnium
913 1983 1082 2014 hominum
1113 1984 1230 2015 animis
1253 1984 1350 2015 insiti.

384 2028 434 2059 Ad
459 2027 544 2058 hanc
566 2026 781 2057 obedientiam
805 2025 896 2057 illum
920 2025 1095 2065 plurimum
1119 2026 1217 2057 etiam
1241 2036 1351 2057 move-

386 2075 461 2101 runt
491 2069 554 2100 Dei
586 2068 671 2099 dona
702 2069 734 2099 in
766 2067 895 2099 Davide
921 2069 1104 2108 conspicua,
1135 2069 1271 2108 quaein
1296 2068 1351 2099 illo
1377 2084 1378 2093 1

386 2113 530 2143 honorat.

576 2111 646 2142 Illis
684 2116 809 2151 poterat
847 2120 886 2141 ex
921 2110 1063 2141 humana
1094 2110 1217 2141 malitia
1247 2111 1351 2151 magis
1377 2109 1378 2148 ᾗ

385 2154 514 2190 11111311,
539 2153 594 2184 sed
613 2164 650 2184 eo
669 2153 771 2193 magis
792 2152 898 2184 Deum
918 2151 1039 2187 adorat,
1063 2153 1152 2184 euius
1171 2153 1205 2182 in
1226 2152 1351 2184 Davide
1376 2155 1378 2179 1

384 2197 519 2237 gloriam
557 2202 589 2226 et
621 2196 775 2226 virtutem
806 2195 959 2226 intuetur.
1005 2195 1057 2226 En
1087 2200 1122 2225 ut
1150 2194 1351 2226 Ionatbanus

384 2240 535 2279 cognovit
565 2237 724 2268 laudanda
752 2237 784 2268 in
815 2236 943 2268 Davide
966 2237 1051 2268 dona
1076 2237 1146 2276 Dei,
1177 2247 1258 2276 quae
1282 2244 1352 2267 tan-

385 2288 453 2311 111111
477 2281 568 2311 abest
590 2287 624 2310 ut
649 2290 688 2311 ex
713 2279 888 2311 ambitione
911 2286 943 2311 et
966 2278 1087 2310 invidia
1111 2279 1218 2310 doleat
1237 2280 1268 2310 in
1290 2279 1352 2310 Da-

386 2323 492 2354 videm
527 2321 654 2359 collata,
689 2328 725 2353 ut
759 2328 871 2353 contra
905 2332 964 2362 pro
999 2321 1135 2352 Davidis
1166 2321 1352 2352 defensione

385 2376 448 2396 non
477 2364 571 2396 modo
600 2375 751 2395 coronam
782 2364 904 2404 regiam
929 2363 1121 2404 relinquere,
1163 2363 1218 2395 sed
1253 2364 1351 2394 vitam

385 2408 482 2438 etiam
513 2405 708 2447 profundere
738 2413 870 2446 paratus
899 2407 956 2437 sit:
991 2406 1101 2438 Saulis
1131 2406 1231 2446 igitur
1255 2407 1352 2436 verba

385 2449 457 2480 illa:
490 2448 640 2481 Omnibus
662 2448 770 2480 diebus
792 2448 903 2488 quibus
923 2448 1010 2488 lilius
1033 2448 1103 2480 Isai
1126 2449 1237 2479 vixerit
1259 2458 1354 2487 super

384 2495 510 2532 terram,
542 2501 599 2522 non
628 2490 797 2522 stabilieris
825 2493 867 2528 tu,
897 2501 991 2531 neque
1013 2501 1140 2532 requam
1162 2493 1258 2529 tuum,
1289 2501 1353 2521 non

387 2533 479 2565 modo
503 2538 645 2564 mentem
669 2533 770 2574 ipsius
794 2544 856 2564 non
881 2533 1127 2570 labefactarunt,
1150 2532 1204 2606 stig
1228 2534 1262 2564 in
1283 2543 1354 2581 pro—
1378 2548 1381 2600 ξ

1205 2586 1255 2606 3111
1291 2579 1352 2606 ait:

386 2576 489 2607 desito
528 2576 632 2615 magis
675 2586 711 2606 30
748 2576 850 2615 magis
883 2576 1126 2607 confirmarunt.

1403 1775 1480 1805 tiam
1509 1773 1604 1805 fateri
1623 1773 1818 1809 desinamus,
1847 1773 1874 1804 si
1895 1773 1934 1804 ab
1953 1773 2022 1812 ipso
2038 1773 2188 1813 castigati
2206 1773 2374 1812 fuerimus,

1402 1816 1458 1847 sed
1482 1817 1588 1856 potius
1612 1827 1669 1847 nos
1692 1816 1731 1847 ad
1753 1816 1854 1856 ipsius
1873 1815 2075 1846 voluntatem
2096 1821 2182 1846 totos
2200 1825 2374 1856 compona-

1403 1869 1486 1890 mus.
1539 1858 1714 1890 Caeterum
1744 1858 1814 1889 Deo
1853 1857 1950 1889 talem
1987 1868 2005 1888 a
2036 1857 2128 1890 nobis
2156 1857 2373 1890 obedientiam

1404 1901 1588 1941 postulante
1617 1901 1776 1939 sciamus,
1813 1906 1925 1932 nostro
1961 1899 1993 1930 id
2025 1900 2109 1931 bono
2147 1905 2180 1931 et
2207 1899 2374 1932 commodo

1404 1944 1482 1975 fieri.
1529 1943 1612 1974 Nam
1643 1943 1671 1975 si
1702 1942 1742 1974 ad
1773 1950 1901 1983 tempus
1932 1942 2048 1980 11011011,
2078 1943 2105 1974 51
2135 1942 2374 1975 calamitatibus

1403 1991 1543 2023 exercet,
1567 1991 1675 2017 tamen
1699 1986 1731 2016 in
1752 1991 1896 2016 nostram
1916 1984 2065 2021 salutem,
2088 1994 2300 2025 quaecunque
2323 1995 2374 2016 re-

1403 2039 1549 2069 pugnare
1569 2028 1771 2064 videbantur,
1795 2037 2032 2059 conversurum
2056 2027 2147 2058 illum
2171 2031 2296 2059 certum
2315 2033 2374 2059 051.

1404 2070 1674 2110 Quandoquidem
1706 2070 1807 2111 igitur
1838 2071 1947 2101 variae
1978 2070 2051 2100 illae
2082 2069 2312 2110 castigationes
2341 2076 2374 2101 et

1404 2113 1598 2144 afflictiones
1632 2113 1665 2143 in
1698 2120 1842 2144 nostram
1874 2112 2048 2143 utilitatem
2089 2118 2121 2142 et
2158 2112 2373 2144 commodum.

1406 2156 1465 2186 Dei
1489 2155 1623 2187 consilio
1648 2155 1809 2192 feruntur,
1840 2165 1877 2185 eo
1909 2164 1967 2185 nos
1999 2154 2205 2193 procliviores
2235 2164 2305 2186 esse
2334 2153 2374 2185 ad

1407 2198 1464 2227 Dei
1497 2197 1728 2229 subiectionem
1761 2204 1793 2228 et
1821 2196 2036 2228 obedientiam
2068 2206 2126 2236 par
2155 2202 2213 2227 est.
2265 2196 2374 2237 Atque

1405 2239 1482 2270 haec
1513 2239 1660 2271 doctrina
1689 2250 1730 2270 ex
1762 2238 1868 2270 verbis
1896 2238 1960 2269 illis
1990 2237 2132 2269 eruenda
2161 2243 2225 2275 051,
2257 2239 2374 2278 quibus

1406 2281 1606 2313 Ionathanus
1629 2281 1803 2322 agnovisse
1827 2280 1947 2312 dicitur
1958 2279 2129 2317 Davidem,
2154 2280 2230 2312 licet
2251 2281 2375 2312 00111105

1405 2325 1628 2364 interfectum,
1660 2323 1873 2355 nihilominus
1903 2328 2012 2353 tamen
2043 2333 2143 2362 quum
2174 2332 2193 2353 a
2222 2322 2293 2354 Deo
2316 2333 2374 2354 rex

1405 2371 1490 2397 esset
1512 2366 1700 2407 designatus
1721 2366 1761 2397 ad
1785 2375 1946 2397 summam
1969 2364 2057 2395 illam
2083 2364 2276 2405 dignitatem
2299 2375 2373 2405 per-

1406 2413 1588 2447 venturum,
1612 2413 1644 2440 et
1667 2413 1835 2449 praeterea
1857 2417 1955 2447 quum
1981 2408 2047 2438 vita
2070 2407 2172 2447 ipsius
2194 2407 2227 2438 in
2241 2407 2374 2440 Domini

1405 2455 1490 2481 esset
1513 2451 1623 2487 tutela,
1646 2457 1677 2482 01
1690 2451 1780 2482 velut
1801 2451 1925 2481 alarum
1945 2449 2046 2489 ipsius
2066 2449 2180 2480 umbra
2198 2453 2373 2490 tegeretur,

1405 2491 1471 2522 fore
1494 2493 1637 2524 omnium
1652 2493 1818 2524 hominum
1832 2492 1988 2523 adversus
2011 2492 2117 2532 ipsum
2131 2492 2374 2533 insurgentium

1406 2534 1515 2564 irritos
1539 2541 1685 2567 conatus.

1492 2577 1646 2616 Sequitur
1685 2577 1905 2608 Ionathanum
1948 2576 2076 2608 venisse
2120 2577 2153 2607 in
2195 2575 2373 2616 perieulum

389 2618 491 2657 Quare
515 2618 690 2650 morietur?
720 2618 810 2658 quasi
833 2617 927 2655 dicat,
957 2617 1117 2658 quomodo
1141 2627 1270 2657 possum
1293 2627 1351 2657 ego
1378 2605 1380 2648 l
1406 2618 1528 2655 mortis,
1538 2619 1622 2658 quod
1633 2619 1712 2651 Saul
1727 2619 1870 2651 lanceam
1883 2618 2058 2659 arripuerit
2070 2628 2372 2658 eumpereussurus.
