2551 3044
159 189 222 221 529

161 295 220 315 nec
248 288 356 314 tamen
388 281 544 314 occiditur
572 286 632 312 etc.
683 280 903 319 Quamobrem
933 281 1057 319 quoties
1089 281 1120 311 in

161 336 305 358 summas
336 325 500 364 angustias
537 328 570 354 et
601 323 807 353 difficultates
839 322 1047 354 inciderimus
1082 333 1122 353 ne

162 379 305 409 unquam
329 368 472 399 animum
496 366 691 404 abiiciamus,
715 365 770 396 sed
791 365 896 396 Deum
917 365 1121 395 liberatorem

162 413 322 452 patienter
351 409 597 450 praestolemur,
628 414 659 438 et
688 407 958 447 quemadmodum
989 408 1124 447 ipsemet

163 454 323 495 pollicitus
356 457 421 490 est,
456 452 482 482 si
517 450 631 481 deiecti
666 450 821 480 fuerimus
853 449 930 481 dum
963 450 1032 490 ipse
1066 460 1124 481 nos

163 496 290 528 attollat
318 499 554 534 exspectemus,
583 498 616 523 et
643 493 670 523 si
700 493 733 523 in
764 503 924 524 summam
947 498 1124 533 egestatem

163 539 359 576 venerimus,
384 547 423 567 ne
447 541 628 566 metuamus
651 545 708 565 nos
731 536 769 566 ab
793 535 846 566 illo
870 545 1012 574 unquam
1038 535 1125 565 dere-

163 582 275 613 lictum
298 580 347 617 iri,
371 578 464 610 modo
482 577 635 609 fiduciam
648 588 776 608 omnem
801 582 943 608 nostram
968 578 1001 607 in
1025 578 1124 617 ipsius

163 622 367 665 providentia
401 628 431 652 et
472 621 615 651 bonitate
656 630 859 660 reponamus.
917 620 1005 650 Deus
1039 620 1124 650 enim

163 666 243 698 satis
278 665 368 695 dives
401 669 449 695 est
491 668 523 694 et
566 662 708 694 liberalis
749 662 789 693 ad
828 673 887 693 nos
928 662 1126 702 quibuslibet

162 707 408 740 difficultatibus
421 705 590 744 eruendos,
614 710 645 736 et
657 706 806 737 omnibus
819 705 1008 736 necessariis
1031 705 1126 735 rebus

163 750 374 784 adiuvandos.
420 749 491 780 Hac
514 749 613 788 igitur
636 748 758 779 ratione
783 747 891 779 David
921 748 956 778 in
983 758 1126 779 summas

164 793 370 825 difficultates
394 791 534 823 incidere
558 791 668 830 potuit,
698 801 792 830 quem
824 802 887 821 uon
918 790 989 821 ideo
1019 796 1126 821 tamen

163 836 255 868 Deus
280 835 433 866 oblivioni
457 834 597 870 tradidit,
622 833 788 873 multoque
811 833 918 864 minus
941 844 981 864 ex
994 843 1126 863 suorum

166 889 300 910 numero
323 877 452 915 delevit,
476 887 579 916 neque
600 876 844 916 promissionem
868 875 929 915 ipsi
948 876 1064 907 factam
1089 875 1128 906 de

164 920 370 962 adipiscendo
408 929 507 959 regno
542 919 612 949 fieri
649 918 751 949 voluit
786 918 930 949 irritam:
969 917 1127 958 siquidem

165 964 257 995 Deus
288 968 467 1003 opportuno
496 967 640 1001 tempore
669 961 834 1001 suppetias
863 961 911 991 illi
941 961 1034 998 tulit,
1066 960 1127 991 etsi

168 1017 232 1037 non
255 1006 358 1046 primo
381 1015 506 1045 quoque
529 1010 674 1043 tempore
696 1015 736 1034 ex
759 1004 906 1035 omnibus
931 1003 1127 1034 difficultati-

167 1049 226 1080 bus
250 1048 409 1080 liberavit.
454 1047 538 1078 Nam
562 1057 661 1086 quum
685 1047 810 1077 misisse
834 1047 939 1086 ipsum
963 1047 1003 1077 ad
1023 1046 1127 1077 Naba-

166 1092 230 1123 lem
254 1101 366 1122 servos
390 1089 534 1121 videmus
558 1089 612 1129 qui
635 1089 755 1129 aliquid
779 1090 813 1120 in
834 1090 952 1120 victum
972 1095 1127 1129 peterent,

166 1145 208 1166 ex
241 1144 278 1165 eo
313 1139 444 1173 apparet
478 1131 641 1162 Davidem
683 1132 715 1162 in
756 1132 820 1163 illis
861 1132 994 1163 desertis
1035 1142 1129 1171 saepe

166 1178 284 1208 famem
308 1186 437 1216 passum
462 1179 494 1206 et
517 1175 579 1205 alia
603 1174 784 1205 istiusmodi
808 1174 1021 1212 incommoda,
1045 1175 1127 1214 quod

166 1219 267 1251 veluti
290 1229 363 1250 eum
387 1218 465 1258 ipsis
496 1217 572 1248 feris
595 1217 633 1248 ab
664 1217 832 1248 hominum
857 1217 1027 1258 expulsum
1057 1227 1129 1248 eon-

166 1262 266 1294 sortio
298 1261 399 1292 vitam
440 1271 535 1301 agere
569 1265 752 1300 cogeretur,
787 1266 818 1291 et
852 1261 995 1300 precario
1029 1261 1127 1290 vitam

166 1315 258 1336 suam
296 1314 492 1343 suorumque
533 1304 625 1333 tueri.
689 1302 781 1341 Quae
822 1314 921 1342 quum
970 1302 1128 1341 audimus,

164 1348 284 1379 famem
313 1353 343 1377 et
375 1346 462 1377 sitim
495 1345 656 1376 discamus
686 1346 826 1386 perpeti,
857 1351 888 1376 et
918 1356 1128 1386 quaecunque

166 1390 229 1421 alia
251 1389 342 1420 Deus
365 1388 568 1419 incommoda
591 1388 722 1425 miserit,
753 1394 785 1419 et
807 1388 833 1419 si
858 1389 1010 1420 maiorem
1036 1388 1128 1419 uber—

165 1437 267 1464 tatem
290 1437 321 1463 et
343 1432 466 1471 copiam
492 1431 648 1462 bonorum
672 1431 806 1468 miserit,
836 1430 901 1462 illis
930 1431 1035 1462 sobrie
1059 1436 1128 1462 uta-

165 1486 249 1506 mur.
286 1475 408 1515 Magna
420 1474 505 1505 enim
519 1474 624 1505 virtus
647 1478 695 1505 est
708 1473 747 1504 ab
770 1474 858 1504 omni
881 1474 1128 1513 intemperantia

165 1518 338 1556 abstinere,
358 1522 389 1547 et
414 1517 497 1548 bona
514 1527 596 1556 quae
619 1516 744 1547 affatim
761 1517 850 1547 Deus
875 1517 1011 1558 largitur
1024 1517 1129 1548 distri-

165 1560 272 1597 buere,
296 1566 327 1591 et
351 1560 410 1590 hoe
432 1570 489 1590 nos
504 1559 623 1590 Paulus
647 1558 736 1590 docet
750 1559 926 1590 admonens
949 1559 982 1590 in
996 1559 1129 1590 Domini

165 1603 274 1635 schola
303 1601 549 1643 proficiendum,
577 1612 636 1633 nec
669 1601 732 1632 Dei
755 1602 848 1633 bonis
874 1603 1129 1642 intemperanter

165 1653 307 1683 utamur,
338 1655 420 1676 neve
451 1644 681 1684 cupiditatibus
720 1645 838 1676 uostris
868 1651 900 1676 et
933 1645 1127 1676 inordinatis

163 1687 336 1720 affectibus
359 1687 502 1718 habenas
525 1687 761 1727 permittamus,
784 1687 840 1718 sed
852 1687 1005 1728 potiusin
1018 1688 1126 1728 proxi-

165 1741 292 1762 morum
308 1730 514 1761 necessitates
530 1729 593 1760 Dei
612 1729 696 1760 dona
715 1729 892 1761 liberaliter
914 1731 1128 1762 insumamus.

250 1773 359 1803 Verba
392 1773 492 1813 igitur
526 1773 626 1803 nostri
667 1777 838 1804 contextus
879 1773 998 1804 habent
1029 1773 1130 1812 fuisse

165 1816 268 1847 virum
297 1816 469 1855 quempiam
499 1815 533 1846 in
561 1815 728 1847 solitudine
756 1815 884 1847 Mallon.
936 1815 1016 1847 Fuit
1044 1815 1129 1847 istud

166 1868 282 1890 nomen
295 1858 422 1895 deserti,
447 1857 531 1898 quod
549 1868 614 1888 non
626 1863 696 1888 erat
707 1858 822 1889 incolis
834 1864 865 1889 et
878 1858 1130 1890 habitationibus

165 1901 327 1941 frequens,
357 1911 461 1940 neque
491 1906 599 1931 tamen
629 1901 759 1932 omnino
787 1901 907 1939 sterile,
938 1901 993 1932 sed
1017 1901 1128 1932 Iudaei

166 1943 295 1975 deserta
317 1948 438 1974 vocant
473 1943 544 1974 loca
578 1953 704 1983 pascua,
735 1943 768 1974 in
803 1944 919 1983 quibus
949 1955 1027 1975 arva
1063 1955 1128 1974 non

166 1991 268 2024 erant,
298 1996 354 2026 per
384 1985 548 2017 desertum
578 1986 684 2026 igitur,
703 1986 789 2017 istud
821 1997 884 2018 non
914 1987 1128 2027 intelligimus

165 2029 272 2060 locum
296 2029 435 2068 aliquem
460 2028 626 2059 horridum
649 2035 681 2059 et
698 2029 864 2068 incultum,
888 2029 943 2061 sed
963 2040 1128 2069 pascuum,

165 2072 198 2103 in
221 2082 283 2111 quo
307 2072 333 2102 si
357 2081 421 2102 non
444 2077 538 2102 eraut
556 2071 660 2102 multa
682 2071 807 2111 oppida,
831 2072 909 2104 satis
932 2077 1041 2103 tamen
1065 2072 1128 2104 fre-

165 2124 268 2154 quens
297 2119 367 2144 erat
396 2113 526 2151 incolis,
558 2114 740 2153 pastoribus
771 2115 926 2146 nimirum
956 2126 1028 2146 cum
1060 2115 1127 2146 suis

165 2156 314 2197 tuguriis,
336 2157 367 2187 iu
392 2157 509 2197 quibus
533 2161 680 2188 armenta
703 2162 736 2188 et
765 2168 879 2198 greges
910 2158 1127 2189 continebant.

164 2199 236 2230 Etsi
267 2202 373 2230 tamen
410 2199 563 2239 oppidum
603 2205 672 2230 erat
712 2200 746 2230 in
784 2200 856 2231 istis
889 2200 966 2232 locis
1000 2201 1129 2232 nomine

166 2241 284 2282 Maon,
323 2245 355 2273 et
394 2242 493 2273 etiam
533 2241 620 2272 aliud
660 2243 790 2273 nomine
829 2243 969 2275 Carmel.
1025 2242 1129 2282 Quid-

166 2283 241 2324 quid
275 2285 332 2323 sit,
374 2284 477 2316 Nabal
519 2284 637 2315 dicitur
677 2285 711 2315 in
752 2285 849 2316 Maon
890 2286 1053 2317 habitasse
1097 2290 1129 2317 et

165 2326 201 2357 in
224 2326 372 2358 Carmelo
401 2328 636 2367 possessionem
664 2327 824 2366 habuisse,
850 2334 883 2360 et
905 2334 1018 2369 quater
1042 2329 1129 2360 mille

167 2369 326 2410 pecudes,
373 2380 448 2401 oves
490 2370 644 2401 nimirum
699 2372 760 2402 tria
811 2371 912 2403 millia
964 2377 997 2403 et
1040 2372 1129 2403 mille

168 2422 282 2452 capras
311 2412 480 2450 habuisse,
512 2423 592 2453 quae
621 2424 698 2444 sane
728 2414 859 2445 fuerunt
889 2425 1025 2455 magnae
1049 2414 1129 2446 divi-

170 2453 234 2485 tiae
266 2455 376 2486 rustici
410 2455 561 2494 hominis,
595 2455 623 2487 si
656 2457 845 2496 praesertim
879 2468 988 2498 agros,
1025 2457 1129 2497 villas,

170 2506 304 2536 pascua,
343 2502 376 2528 et
413 2498 629 2538 possessiones
664 2499 802 2539 reliquas
835 2500 907 2531 istis
941 2500 1126 2540 coniungas.

170 2539 280 2578 Atque
303 2539 405 2571 dictae
427 2541 559 2572 Nabalis
582 2541 715 2572 divitiae
745 2553 810 2573 non
833 2543 872 2573 ad
903 2542 1042 2579 laudem,
1073 2542 1128 2574 sed

171 2582 278 2621 potius
307 2582 345 2613 ad
369 2583 564 2623 vituperium
593 2591 897 2623 commemorantur,
929 2585 1127 2625 quandoqui-

171 2623 244 2654 dem
273 2624 442 2656 subiicitur
472 2625 572 2658 fuisse
602 2627 766 2658 hominem
797 2630 969 2666 rusticum,
999 2627 1125 2666 durum,

277 2674 383 2702 Caluini
395 2684 484 2710 opera.
509 2677 678 2705 V01.XXX.

807 187 854 218 IN
878 188 904 219 Ι.
928 187 1015 219 LIB.
1040 184 1238 219 SAMUEL.
1263 185 1360 218 CAP.
1384 186 1493 218 XXV.

2076 185 2140 217 530

1175 278 1369 310 malitiosum
1393 286 1424 311 et
1447 281 1632 320 pessimum,
1656 291 1728 312 cum
1752 290 1814 320 quo
1828 279 1973 311 barbaris
1993 278 2139 310 moribus

1174 322 1318 359 praedito
1343 323 1450 353 nullus
1474 323 1646 354 amicitiam
1678 323 1781 354 colere
1811 323 1963 362 potuerit.
2011 321 2140 353 Rustici

1174 363 1272 403 igitur
1306 370 1337 395 et
1371 365 1497 396 barbari
1532 365 1671 396 hominis
1706 365 1840 396 divitiae
1874 366 2061 402 recitantur,
2098 363 2139 395 ad

1175 405 1275 445 ipsius
1324 407 1481 438 malitiam
1522 414 1553 439 ot
1592 407 1816 438 crudelitatem
1868 408 2025 439 adversus
2073 407 2138 438 Da-

1177 448 1281 479 videm
1323 450 1589 489 amplificandam.
1653 450 1736 481 Nam
1777 451 1804 481 si
1843 451 1949 481 tenuis
1991 451 2139 481 fortunae

1176 496 1208 520 et
1238 491 1377 522 abiectae
1408 493 1599 523 conditionis
1636 493 1765 529 fuisset,
1799 504 1832 523 se
1864 493 1971 533 aliqua
2003 503 2138 524 excusa-

1177 534 1262 564 tione
1303 535 1458 574 potuisset
1503 536 1587 575 apud
1627 536 1731 574 ipsum
1773 536 1865 566 tueri.
1938 536 1980 566 Et
2018 534 2139 565 Davidi

1180 577 1298 607 victum
1330 578 1451 616 petenti
1480 577 1712 617 respondisset,
1741 589 1773 608 sc
1805 588 1870 608 non
1902 577 2020 609 habere
2053 576 2138 608 unde

1177 619 1337 650 sexcentis
1377 620 1452 650 viris
1489 621 1594 651 cibum
1627 620 1861 659 suppeditaret:
1899 631 1994 660 seque
2029 620 2139 660 inopia

1178 672 1235 691 sua
1255 667 1284 692 et
1309 663 1398 692 tenui
1421 661 1602 693 conditione
1632 669 1755 693 tutatus
1785 663 1907 700 fuisset,
1938 672 2018 702 quae
2050 672 2138 702 pere-

1178 705 1271 744 grino
1294 704 1391 735 alicui
1417 705 1568 735 viaticum
1594 705 1723 744 quidem
1748 705 1959 742 ministraret,
1993 704 2048 737 sed
2072 715 2139 736 non

1179 752 1404 778 sexcentorum
1440 746 1606 777 hominum
1645 748 1809 779 exercitui.
1870 748 1993 778 Verum
2039 758 2138 787 quum

1179 789 1292 828 opibus
1316 789 1502 827 abundaret,
1533 796 1563 819 et
1587 790 1685 821 tantis
1709 790 1830 821 divitiis
1852 790 2016 830 praeditus
2045 796 2139 828 esset,

1179 837 1216 862 ut
1245 832 1314 863 sine
1344 842 1401 863 suo
1429 832 1629 863 incommodo
1661 833 1832 863 munificus
1870 843 1946 872 erga
1976 832 2139 864 Davidem

1180 884 1248 905 esse
1271 879 1388 914 posset,
1422 874 1453 905 in
1486 886 1521 905 eo
1544 875 1715 906 crudelitas
1748 875 1848 914 ipsius
1879 883 2022 915 apparet,
2054 874 2137 915 quod

1180 916 1286 957 aliqua
1304 923 1394 957 parte
1414 917 1569 948 bonorum
1585 918 1737 948 adiuvare
1753 918 1909 948 Davidem
1931 917 2138 956 recusaverit,

1180 964 1213 990 et
1234 959 1317 991 hanc
1341 959 1380 990 ob
1393 970 1520 991 causam
1544 960 1733 990 nominatim
1758 960 1809 991 hic
1822 961 1943 991 mentio
1966 962 2003 991 fit
2020 971 2140 1000 pravae

1179 1002 1281 1041 ipsius
1309 1008 1452 1040 naturae,
1483 1010 1513 1033 et
1542 1003 1768 1033 beneficiorum
1803 1013 1885 1042 quae
1915 1014 1932 1033 a
1956 1003 2081 1035 Davide
2108 1008 2140 1034 et

1179 1045 1281 1084 ipsius
1304 1045 1461 1076 militibus
1495 1051 1589 1075 antea
1613 1053 1794 1085 acceperat:
1825 1046 1879 1084 qui
1904 1052 2049 1085 pastores
2072 1046 2140 1077 eius

1181 1087 1272 1118 nulla
1302 1088 1448 1119 molestia
1477 1088 1627 1118 affecerat
1663 1087 1815 1127 quamdiu
1847 1089 1878 1118 in
1911 1088 2035 1119 deserto
2065 1099 2139 1119 eum

1180 1130 1258 1170 ipsis
1281 1131 1417 1166 fuerant,
1447 1130 1501 1161 sed
1533 1131 1636 1170 potius
1659 1131 1753 1160 rebus
1777 1130 1844 1161 suis
1875 1130 2076 1167 adiuvet-ant,
2107 1137 2139 1162 et

1182 1173 1278 1204 tutati
1311 1173 1461 1210 fuerant,
1503 1179 1539 1203 ut
1576 1183 1639 1203 nou
1673 1173 1770 1203 fuerit
1804 1172 1923 1203 donum
1958 1174 2138 1213 gratuitum

1181 1215 1340 1255 futurum,
1370 1216 1397 1246 si
1420 1214 1578 1246 Davidem
1603 1222 1692 1255 parte
1715 1215 1821 1254 aliqua
1845 1214 2000 1246 bonorum
2032 1216 2137 1247 suble-

1181 1264 1300 1296 vasset,
1321 1258 1376 1289 sed
1401 1259 1484 1289 iusta.
1506 1259 1610 1298 potius
1640 1258 1884 1297 praeteritorum
1909 1258 2137 1290 beneficiorum

1182 1301 1400 1341 compensatio
1424 1308 1455 1332 et
1478 1301 1700 1331 remuneratio.
1747 1301 1788 1331 Et
1812 1300 1929 1331 ideirco
1949 1301 2057 1331 David
2081 1311 2138 1341 per

1181 1344 1318 1375 famulos
1348 1343 1437 1374 iubet
1466 1354 1539 1374 eum
1570 1343 1733 1382 inquirere
1764 1349 1827 1373 tum
1864 1353 1903 1373 ex
1933 1344 2037 1375 servis
2072 1344 2138 1375 suis

1181 1397 1276 1426 quam
1300 1397 1341 1417 ex
1364 1386 1552 1426 pastoribus,
1584 1391 1616 1416 et
1646 1386 1716 1416 aliis
1747 1385 1831 1415 illius
1863 1385 1922 1416 loci
1953 1386 2065 1417 incolis
2096 1397 2138 1417 an

1182 1429 1317 1460 Davidis
1341 1429 1459 1460 milites
1483 1430 1566 1468 ipsos
1590 1428 1656 1459 ulla
1682 1428 1800 1458 iniuria
1830 1428 2005 1467 affecerint,
2035 1434 2066 1459 et
2097 1439 2138 1460 an

1181 1483 1245 1503 non
1281 1472 1386 1512 potius
1419 1478 1530 1503 contra
1563 1471 1709 1502 custodes
1743 1476 1961 1501 armentorum
1995 1471 2137 1503 hominis

1181 1514 1274 1545 istius
1298 1515 1424 1546 fuerint.
1469 1514 1543 1553 Qua
1567 1514 1689 1544 ratione
1713 1512 1830 1543 Davidi
1864 1513 1972 1544 multis
2002 1514 2139 1544 nomini-

1182 1557 1241 1588 bus
1265 1557 1432 1588 devinctus
1456 1562 1539 1587 erat:
1571 1567 1606 1587 ac
1629 1555 1779 1596 proinde,
1808 1561 1843 1586 ut
1867 1561 1941 1586 ante
1965 1556 2041 1596 dixi,
2073 1567 2137 1587 non

1182 1599 1371 1631 beneficium
1406 1599 1461 1630 sed
1503 1599 1622 1629 iustum
1657 1599 1834 1638 praemium
1876 1598 2006 1629 fuisset:
2047 1604 2138 1630 tanto

1181 1643 1280 1683 igitur
1303 1643 1404 1682 magis
1433 1647 1565 1682 apparet
1596 1642 1695 1681 ipsius
1725 1640 1846 1671 malitia
1877 1646 1907 1671 et
1937 1641 2138 1682 ingratitudo

1181 1696 1244 1725 quo
1268 1686 1413 1724 pluribus
1437 1685 1555 1716 divitiis
1579 1684 1770 1715 abundavit:
1796 1693 1896 1723 neque
1919 1685 2006 1714 enim
2030 1684 2138 1716 David

1181 1727 1322 1768 quotidie
1346 1729 1526 1768 importune
1551 1727 1671 1757 vietum
1703 1727 1741 1757 ab
1772 1725 1826 1756 illo
1850 1725 1999 1766 cupiebat
2030 1733 2137 1759 extor-

1182 1781 1295 1811 quere,
1336 1770 1391 1802 sed
1426 1770 1616 1801 nominatim
1657 1769 1779 1800 occasio
1823 1769 2018 1808 exprimitur
2059 1781 2141 1810 quae

1182 1813 1341 1845 Davidem
1367 1812 1406 1844 ad
1429 1824 1539 1845 servos
1563 1823 1636 1843 suos
1660 1811 1698 1842 ad
1719 1811 1824 1851 ipsum
1848 1810 1888 1842 ad
1901 1811 2020 1851 aliquid
2035 1819 2141 1852 postu-

1181 1856 1314 1887 landum
1337 1855 1483 1887 mittendi
1506 1854 1676 1895 impulerit,
1700 1864 1816 1893 nempe
1839 1853 1920 1893 quod
1940 1854 2044 1886 Nabal
2068 1862 2139 1887 ton-

1182 1899 1272 1930 deret
1313 1909 1410 1938 oves,
1450 1904 1479 1929 et
1520 1908 1673 1937 magnum
1714 1896 1900 1927 convivium
1941 1896 2138 1931 institueret.

1182 1941 1449 1981 Quandoquidem
1490 1941 1590 1979 igitur
1624 1939 1755 1970 Nabalis
1795 1949 1869 1978 opes
1909 1938 1942 1969 in
1983 1941 2138 1980 gregibus

1180 1985 1284 2024 ipsius
1313 1985 1453 2015 maxime
1487 1982 1710 2019 consistebant,
1745 1988 1776 2011 et
1810 1991 1846 2012 eo
1883 1986 2026 2021 tempore
2060 1993 2138 2016 oves

1181 2027 1341 2064 tondebat,
1372 2033 1403 2057 et
1426 2026 1526 2058 veluti
1549 2025 1731 2057 convocatis
1761 2024 1870 2055 amicis
1900 2035 1934 2055 se
1964 2026 2137 2066 recreabat,

1180 2069 1288 2100 David
1323 2070 1592 2110 opportunitatem
1635 2066 1792 2106 arripiens
1832 2066 1951 2105 aliquot
1993 2078 2031 2099 ex
2070 2071 2138 2102 suis

1181 2112 1337 2143 militibus
1357 2113 1444 2143 misit
1462 2112 1559 2152 quiin
1573 2116 1696 2150 partem
1715 2109 1810 2140 huius
1824 2109 1965 2140 laetitiae
1978 2111 2137 2150 venirent,

1181 2161 1213 2185 et
1243 2165 1261 2185 a
1288 2154 1412 2186 Nabale
1443 2161 1673 2185 recrearentur.
1718 2152 1819 2183 Cuius
1849 2150 2074 2184 liberalitatem
2105 2160 2138 2186 et

1182 2197 1417 2228 humanitatem
1432 2196 1538 2227 David
1561 2196 1658 2227 semel
1678 2201 1830 2234 expertus
1844 2194 1999 2226 noluisset
2019 2196 2137 2229 iterum

1181 2240 1395 2280 interpellare,
1426 2250 1467 2271 ne
1490 2239 1577 2270 abuti
1602 2238 1681 2269 velle
1705 2237 1876 2268 videretur.
1922 2237 2006 2268 Item
2037 2239 2137 2271 disca·

1181 2294 1253 2313 mus
1287 2282 1433 2322 exemplo
1468 2281 1599 2313 Nabalis
1640 2280 1680 2311 ad
1713 2280 1803 2311 euius
1837 2279 2135 2315 condemnationem

1181 2336 1276 2365 opum
1301 2325 1474 2356 abundatia
1497 2329 1765 2356 commemoratur
1787 2329 1933 2362 oportere
1956 2328 1992 2353 ut
2016 2324 2137 2365 singuli

1181 2379 1238 2407 pro
1261 2379 1319 2399 sua
1342 2368 1493 2399 facultate
1522 2367 1655 2397 miseros
1686 2370 1717 2395 et
1747 2375 1864 2405 egenos
1894 2365 2074 2404 sublevent,
2105 2374 2137 2399 et

1181 2418 1331 2450 tauquam
1357 2411 1387 2441 in
1412 2410 1540 2450 speculo
1558 2409 1648 2439 Deus
1671 2407 1741 2438 vult
1765 2418 1822 2438 nos
1845 2408 2054 2448 contemplari
2079 2421 2136 2449 pro

1179 2454 1303 2485 ratione
1326 2452 1513 2484 facultatum
1538 2451 1690 2490 cuiusque
1718 2451 1902 2489 proximum
1934 2461 2001 2481 esse
2023 2451 2136 2484 iuvan-

1180 2496 1266 2534 dum,
1297 2506 1333 2527 ae
1356 2495 1488 2535 proinde
1511 2495 1584 2525 licet
1607 2494 1652 2524 uti
1677 2492 1836 2533 possimus
1866 2493 1906 2523 iis
1930 2493 2135 2528 facultatibus

1180 2550 1259 2579 quas
1293 2550 1311 2570 a
1341 2538 1410 2568 Deo
1444 2537 1633 2577 accepimus,
1668 2542 1699 2566 et
1733 2535 1866 2574 quisque
1900 2545 1994 2566 suum
2031 2537 2135 2570 dicere

1180 2582 1294 2612 merito
1318 2581 1414 2621 possit
1439 2581 1519 2620 quod
1536 2578 1583 2610 vel
1604 2584 1772 2618 parentum
1786 2577 1984 2608 haereditate
2003 2581 2136 2622 accepit,

1179 2624 1230 2655 vel
1254 2635 1312 2655 sua
1335 2623 1493 2654 industria
1515 2621 1686 2662 quaesivit:
1718 2630 1783 2651 non
1806 2620 1876 2651 ideo
1898 2625 2008 2652 tamen
2030 2621 2135 2654 feren-

1906 2671 1939 2695 34
