2551 3044
140 193 202 224 433

142 288 222 327 quod
251 287 407 318 occidisset
431 285 510 317 Saul
537 285 704 316 sacerdotes
726 283 866 327 Domini.
911 282 963 313 22.
988 282 1029 313 Et
1053 283 1098 313 ait

140 329 248 362 David
271 330 311 360 ml
330 329 500 361 Abiatlzar:
524 327 664 359 Sciebam
686 326 720 357 in
742 326 792 356 die
814 325 878 362 illa,
902 326 981 364 quod
1004 335 1098 364 qzcum

140 372 184 404 ibi
220 375 293 404 esset
323 372 409 411 Doeq
439 371 606 402 Idumaeas
638 368 749 408 procul
778 367 869 398 dubio
900 368 1100 398 annuntiaret

145 415 251 447 Sauli:
276 414 345 455 qu
375 424 444 445 sum
466 423 537 444 reus
559 412 694 443 onmium
716 411 895 441 animarum
919 410 1026 441 (lomus
1040 420 1100 449 pa-

142 459 201 489 tris
223 458 276 488 tui.
323 457 373 488 23.
397 456 494 487 Mane
515 464 640 492 mecum,
665 464 700 484 ne
718 453 842 483 timeas.-
865 453 893 483 εἰ
916 453 987 491 qais
1009 463 1102 492 quac-

141 500 247 531 siverit
275 499 412 530 animam
441 507 548 533 meam,
580 498 700 536 quaeret
722 498 747 526 et
770 495 908 526 animam
927 497 1021 533 tuam,
1044 506 1102 525 me-

142 551 266 582 cumque
288 541 468 572 servaberis.

222 670 360 701 Tristem
396 675 428 698 et
464 666 634 707 lugubrem
670 665 838 697 historiam
877 665 1102 705 explicandam

138 712 360 754 aggredimur:
389 709 474 750 quod
499 713 589 740 tanta
619 715 749 748 tamque
780 707 925 749 lugubris
958 708 1102 740 confusio

139 765 311 794 rerumque
340 754 483 784 omnium
507 751 705 791 perturbatio
729 751 895 783 ecclesiam
918 750 981 781 Dei
1005 751 1102 781 infes-

137 798 224 834 tarit,
248 805 282 828 ut
305 808 361 827 rex
384 796 461 836 ipse,
486 805 578 833 quem
595 794 728 825 Domini
752 794 855 825 nostri
879 793 955 824 Iesu
979 793 1103 824 Christi

137 842 274 882 figuram
297 850 366 870 esse
389 838 563 878 oportebat,
595 836 820 873 sacerdotium,
845 836 983 867 alterum
1005 837 1101 867 etiam

138 884 267 915 divinae
297 882 418 923 gratiae
447 879 684 917 testimonium,
720 879 849 910 abolere
879 883 1014 910 conatus
1043 879 1101 910 sit:

138 927 228 958 Deus
258 926 341 956 enim
374 923 592 954 declaraverat
622 923 778 962 populum
801 921 1011 953 israeliticum
1035 922 1102 952 fore

136 969 198 1009 ipsi
218 977 352 1007 regnum
371 965 580 997 sacerdotale:
606 965 719 1004 quibus
739 964 861 996 duobus
880 964 968 996 velut
988 965 1103 995 erectis

139 1010 270 1043 vexillis
289 1020 322 1041 se
341 1009 436 1040 huius
455 1008 565 1048 populi
584 1007 697 1038 ducem
718 1014 750 1038 et
772 1007 1000 1047 imperatorem
1013 1007 1103 1038 Deus

137 1064 207 1086 esse
219 1052 416 1084 declarabat:
438 1061 573 1090 quorum
587 1051 726 1081 alterum
738 1055 807 1081 erat
829 1049 917 1090 regia
937 1050 1102 1088 autoritas,

136 1097 274 1128 alterum
305 1104 379 1126 vero
410 1093 606 1125 sacerdotale
635 1102 771 1124 munus:
802 1093 917 1133 quibus
944 1097 1102 1132 tanquam

138 1138 261 1171 duabus
291 1137 485 1177 imaginibus
516 1140 675 1168 venturus
698 1136 774 1167 olim
798 1145 943 1167 summus
966 1135 1020 1166 ille
1044 1146 1102 1166 rex

137 1186 168 1213 et
195 1179 342 1213 sacerdos
365 1179 527 1211 Dominus
550 1184 661 1209 noster
684 1179 775 1210 Iesus
799 1178 950 1209 Christus
973 1188 1101 1217 reprae-

136 1222 330 1257 sentabatur.
383 1221 545 1262 Equidem
578 1222 680 1252 fatcor
713 1223 747 1252 in
779 1220 876 1252 Saule
909 1231 975 1251 non
1003 1220 1101 1252 fuisse

136 1266 240 1299 adhuc
257 1265 425 1305 impletam
448 1265 704 1304 promissionem,
728 1263 987 1304 quandoquidem
1010 1273 1100 1303 scep-

134 1314 220 1341 trum
260 1308 429 1348 oportebat
461 1307 496 1338 in
529 1307 616 1338 tribu
649 1307 730 1338 Iuda
762 1306 955 1338 confirmari.
1012 1305 1101 1344 Qua-

134 1356 264 1392 propter
303 1360 404 1391 usque
443 1350 484 1381 ad
522 1350 684 1381 Davidem
724 1349 815 1381 Deus
853 1359 919 1380 non
959 1349 1101 1389 perfecte

133 1394 354 1426 declaraverat
381 1403 415 1424 se
445 1392 529 1424 velle
559 1392 714 1432 populum
739 1393 856 1423 habere
880 1392 913 1422 in
933 1401 1008 1432 rege
1031 1402 1101 1432 spe-

133 1436 251 1475 culum,
283 1437 318 1466 in
352 1446 414 1476 quo
448 1435 685 1475 redemptorem
714 1435 906 1473 intueretur,
940 1439 972 1465 et
1002 1444 1036 1465 se
1066 1435 1099 1465 in

133 1479 281 1520 promissi
293 1478 433 1510 Messiae
445 1482 477 1509 et
495 1478 708 1518 redemptoris
726 1488 782 1518 spe
802 1478 932 1509 foveret.
958 1477 1098 1508 Verum-

134 1528 242 1553 tamen
276 1532 374 1562 quum
409 1521 518 1552 unctio
552 1520 645 1553 Sauli
679 1521 778 1552 fuerit
811 1521 992 1552 communis
1025 1530 1098 1551 cum

133 1563 338 1605 sequentibus
368 1563 508 1604 regibus,
539 1575 620 1604 quae
649 1569 759 1595 tamen
789 1563 914 1603 inipso
938 1563 999 1594 fuit
1022 1563 1099 1594 abo-

133 1607 209 1644 lita,
244 1606 334 1638 Deus
367 1607 431 1637 iam
466 1611 536 1637 tum
569 1606 726 1647 populum
760 1606 864 1646 coepit
897 1605 1030 1645 docere,
1064 1617 1098 1638 se

133 1649 263 1681 tandem
296 1659 405 1689 regem
440 1650 558 1689 populo
591 1649 745 1680 daturum
775 1648 1035 1680 mansuetudinis
1066 1653 1098 1680 et

131 1692 319 1723 clementiae
347 1692 491 1732 plenum,
522 1693 577 1732 qui
605 1692 761 1732 populum
784 1692 819 1722 in
842 1702 919 1731 pace
942 1692 1098 1723 retineret

132 1740 166 1767 et
194 1741 340 1766 servator
369 1735 471 1775 ipsius
495 1740 588 1766 esset.
634 1734 690 1767 Sic
712 1735 811 1775 igitur
835 1735 926 1766 Deus
949 1735 1011 1765 ista
1033 1735 1096 1766 duo

133 1777 252 1810 vexilla
270 1782 303 1809 et
324 1777 418 1818 signa
439 1778 476 1808 in
499 1777 633 1809 ecclesia
652 1788 710 1809 sua
732 1778 844 1818 erexit,
868 1777 902 1808 in
926 1787 1008 1817 quae
1032 1778 1097 1809 sin-

132 1820 200 1862 guli
217 1819 327 1851 fideles
345 1831 459 1852 sensus
478 1830 551 1851 suos
575 1825 809 1857 converterent,
833 1824 865 1851 et
885 1820 1001 1860 quibus
1025 1826 1096 1852 tan·

131 1873 229 1903 quam
246 1863 403 1895 columnis
415 1862 494 1895 fides
507 1863 651 1903 ipsorum
672 1863 849 1901 fulciretur,
870 1863 1096 1903 sacerdotium,

130 1905 273 1946 inquam,
305 1910 338 1936 et
365 1916 513 1946 regnum.
557 1905 660 1946 Atqui
691 1905 822 1938 Saulem
851 1916 970 1947 regem,
1000 1917 1096 1946 quem

130 1948 263 1979 Domini
294 1949 395 1979 nostri
418 1948 493 1979 Iesu
516 1948 642 1980 Christi
664 1950 802 1990 figuram
826 1959 896 1980 esse
919 1950 1096 1989 oportebat,

132 1990 278 2023 videmus
319 1990 514 2023 sacerdotale
546 2002 666 2023 munus
699 2002 758 2031 pro
792 1991 916 2023 viribus
950 1998 1096 2024 evertere

130 2033 247 2064 moliri.
281 2033 397 2074 Quale,
426 2033 567 2074 obsecro,
598 2034 723 2066 miseris
747 2035 809 2066 illis
834 2034 1018 2066 hominibus
1041 2035 1096 2067 ob-

130 2075 249 2107 iectum
282 2081 332 2107 est
365 2076 606 2117 offendiculum,
640 2077 696 2118 qui
730 2077 814 2109 solas
850 2078 981 2108 umbras
1014 2079 1096 2119 legis

129 2117 299 2155 habebant,
329 2124 361 2150 et
383 2119 512 2159 quidem
536 2120 790 2158 obscurissimas,
813 2130 849 2152 ac
872 2120 1007 2160 proinde
1030 2132 1095 2153 non

131 2164 198 2191 tam
231 2161 412 2192 evidentem
447 2162 664 2202 cognitionem
697 2163 859 2195 habebant
889 2173 985 2203 quam
1013 2175 1095 2205 quae

132 2202 223 2234 nobis
241 2204 334 2235 hodie
353 2215 410 2244 per
429 2205 590 2245 evangelii
609 2206 880 2245 praedicationem
903 2206 1001 2237 allata
1024 2207 1093 2239 est?

132 2244 201 2275 Nae
240 2246 372 2285 perinde
413 2247 465 2278 hic
497 2248 632 2286 accidit,
667 2259 703 2279 ac
735 2249 762 2280 si
795 2260 829 2280 se
862 2249 967 2288 ipsum
1001 2250 1095 2282 Iesus

133 2286 285 2319 Christus
315 2289 550 2330 discerpsisset:
582 2290 620 2321 de
650 2292 762 2331 figuris
788 2291 902 2332 loquor
925 2292 1092 2333 legalibus.

133 2329 217 2360 Nam
246 2341 353 2370 regem
382 2338 414 2363 et
442 2333 642 2364 sacerdotem
670 2334 838 2374 oportebat
867 2338 978 2365 mutuo
1009 2337 1094 2367 inter

132 2382 166 2403 se
186 2373 312 2404 vinculo
332 2373 543 2407 indissolubili
562 2377 748 2408 coniunctos
772 2377 892 2414 vivere,
917 2379 1007 2417 quasi
1031 2380 1093 2410 duo

133 2415 254 2454 gratiae
288 2415 414 2447 divinae
446 2418 590 2459 pignora,
625 2425 801 2450 venturum
832 2420 908 2450 olim
939 2421 1093 2453 nimirum

132 2456 308 2504 indicantia
330 2468 424 2497 quem
447 2460 481 2490 in
503 2461 640 2493 salutem
664 2463 762 2494 totius
785 2462 895 2503 populi
908 2463 996 2495 Deus
1021 2475 1092 2505 pro-

131 2507 270 2530 miserat.
315 2500 429 2540 Itaque
451 2507 514 2533 tam
538 2504 698 2536 horrendo
722 2505 831 2537 Saulis
854 2505 938 2537 facto
963 2507 1091 2538 videba-

132 2546 185 2572 tur
216 2541 421 2574 vehementer
449 2547 577 2577 concuti
602 2548 663 2578 Dei
685 2548 825 2579 filiorum
848 2548 974 2588 fiducia,
1004 2556 1036 2581 et
1058 2551 1091 2581 in

133 2594 203 2614 eam
230 2585 449 2616 confusionem
478 2587 601 2627 adduci,
631 2595 667 2620 ut
697 2601 737 2621 ex
767 2591 903 2622 rationis
931 2592 1092 2624 humanae

132 2637 228 2658 sensu
252 2627 356 2658 Deum
387 2629 597 2662 arbitraretur
624 2632 720 2664 fidem
745 2634 890 2673 ipsorum
913 2634 1036 2674 lusisse,
1060 2642 1091 2667 et

232 2677 341 2704 Caluini
355 2686 450 2711 opera.
486 2680 543 2707 Vol.
557 2682 651 2710 XXX.

783 190 829 220 IN
855 190 879 220 Ι.
904 189 992 221 LIB.
1017 189 1214 222 SAMUEL.
1239 192 1336 223 CAP.
1361 193 1474 225 XXII.

2056 195 2120 226 434

1152 284 1331 316 illusorium
1362 297 1397 318 ac
1428 287 1599 319 ridiculum
1632 298 1700 319 esse
1732 289 1783 319 vel
1815 288 1854 319 ad
1885 289 2116 321 sacerdotalem

1152 327 1351 366 dignitatem,
1377 330 1424 360 vel
1449 330 1487 360 ad
1513 330 1633 370 regiam
1657 332 1862 362 autoritatem
1888 332 2055 372 respicere.

1237 370 1363 401 Deinde
1393 382 1432 402 ex
1456 373 1518 403 alia
1543 379 1632 412 parte
1654 373 1932 413 considerandum,
1958 374 2116 414 quomodo

1154 411 1243 443 Deus
1277 419 1342 443 tam
1379 414 1577 446 horrendum
1611 416 1730 447 factum
1767 417 1893 447 admitti
1923 418 2116 456 permiserit,

1153 455 1236 493 quod
1272 467 1334 486 non
1366 457 1435 487 sine
1465 467 1561 488 causa
1592 465 1697 489 tamen
1727 460 1848 490 accidit.
1902 460 1989 491 Hinc
2016 460 2118 500 igitur

1154 497 1256 527 multa
1275 499 1364 529 nobis
1383 499 1604 539 expendenda,
1629 507 1663 531 ut
1678 501 1738 532 Dei
1758 502 1874 533 iudicia
1893 513 2118 542 agnoscamus,

1155 544 1186 570 et
1205 546 1391 572 reverenter
1410 542 1588 579 adoremus,
1612 554 1692 583 quae
1715 555 1829 576 sensus
1853 551 1978 576 nostros
2002 552 2033 576 et
2056 545 2117 576 hu-

1155 592 1284 612 manam
1304 594 1431 614 omnem
1455 586 1610 616 rationem
1634 593 1796 625 superant.
1833 587 1927 618 Hanc
1950 587 2117 619 historiam

1156 625 1209 663 qui
1238 625 1323 665 leget
1352 626 1576 667 incogitanter,
1600 638 1663 658 non
1688 630 1850 661 revocabit
1873 631 1904 660 in
1929 631 2118 662 memoriam

1156 677 1237 706 quae
1264 669 1410 707 superius
1441 669 1526 701 dicta
1557 677 1646 709 sunt,
1677 673 1856 711 oportuisse
1885 672 1947 704 Dei
1989 673 2118 704 decreto

1155 710 1369 741 sacerdotium
1389 722 1427 742 ex
1447 712 1540 742 domo
1554 712 1629 743 Heli
1653 713 1769 744 adimi:
1792 720 1824 746 et
1846 714 1885 745 ad
1909 715 2005 746 aliam
2025 716 2117 746 fami-

1156 752 1232 783 liam
1263 754 1446 784 transferri:
1476 761 1507 785 et
1530 756 1684 787 familiam
1709 757 1793 793 Heli,
1823 768 1905 797 quae
1928 758 1990 789 Dei
2012 758 2118 789 taber-

1156 795 1306 826 naculum
1339 801 1387 826 tot
1417 797 1547 837 flagitiis
1577 802 1609 829 et
1631 798 1862 838 pollutionibus
1885 800 2048 838 infecerat,
2072 802 2118 832 sic

1156 837 1293 877 deprimi
1316 846 1353 869 ut
1376 839 1415 870 ad
1436 841 1659 872 necessitatem
1683 842 1798 881 stipem
1822 842 2045 875 emendicandi
2068 854 2119 874 re-

1156 880 1330 920 digeretur,
1355 886 1386 911 et
1407 888 1557 922 tanquam
1579 884 1726 915 mercede
1748 885 1899 917 conducti
1922 886 2118 925 stipendium

1156 923 1338 962 acciperent
1350 924 1427 955 Heli
1450 926 1579 964 posteri,
1603 926 1642 957 ad
1666 937 1744 965 quos
1766 938 1875 959 sacrae
1898 938 2008 960 omnes
2031 929 2118 960 obla-

1156 966 1260 997 tiones
1284 967 1497 1006 pertinebant.
1538 968 1632 1000 Hanc
1654 969 1755 1009 igitur
1777 970 1968 1010 iampridem
1989 977 2119 1002 senten-

1156 1009 1233 1039 tiam
1246 1008 1337 1040 Deus
1349 1009 1466 1040 tulerat
1487 1021 1504 1041 a
1524 1022 1587 1051 qua
1607 1016 1708 1042 totum
1728 1012 1807 1043 illud
1831 1018 1957 1053 tempus
1979 1014 2120 1045 fluxerat

1155 1061 1217 1091 quo
1242 1050 1372 1083 Samuel
1403 1053 1536 1090 vixerat,
1567 1058 1599 1084 et
1629 1054 1742 1086 deinde
1768 1066 1829 1094 quo
1853 1056 1934 1087 Saul
1958 1062 2120 1097 regnarat,

1155 1104 1217 1133 quo
1247 1098 1314 1125 toto
1345 1099 1489 1135 tempore
1520 1096 1608 1127 nulla
1639 1097 1713 1128 dum
1743 1098 1826 1129 facta
1855 1098 1890 1129 in
1922 1098 2015 1130 domo
2043 1098 2121 1130 Heli

1156 1137 1292 1168 mutatio
1322 1137 1435 1173 fuerat,
1464 1143 1499 1169 ut
1522 1139 1618 1170 inane
1641 1140 1703 1170 Dei
1728 1140 1890 1171 decretum
1914 1146 1946 1172 et
1969 1142 2121 1173 frivolum

1156 1180 1306 1210 nuntium
1329 1180 1426 1212 fuisse
1450 1180 1629 1220 videretur,
1653 1182 1804 1223 Dcusque
1827 1183 1946 1215 decreti
1969 1185 2018 1215 sui
2042 1184 2120 1216 obli-

1155 1229 1216 1259 tus,
1239 1228 1270 1253 et
1289 1234 1352 1254 non
1372 1223 1456 1254 serio
1476 1224 1637 1264 loquutus.
1680 1225 1752 1256 Iam
1772 1236 1848 1257 vero
1872 1226 1912 1257 85
1936 1226 2119 1258 sacerdotes

1154 1265 1401 1303 interficiuntur,
1433 1271 1464 1297 et
1493 1267 1583 1298 iussu
1605 1267 1713 1299 Saulis
1742 1279 1807 1298 uno
1831 1268 1881 1299 die
1904 1270 2119 1308 perimuntur.

1154 1308 1257 1339 Porro
1279 1319 1475 1348 quamquam
1500 1309 1578 1341 Saul
1600 1310 1818 1342 sacerdotibus
1841 1321 1952 1342 necem
1975 1312 2118 1343 inferens

1154 1350 1235 1381 nihil
1254 1352 1361 1383 minus
1380 1362 1475 1391 quam
1495 1352 1533 1383 de
1548 1353 1608 1383 Dei
1631 1353 1796 1384 voluntate
1815 1354 2008 1393 perficienda
2031 1355 2118 1395 cogi-

1154 1393 1252 1429 tabat,
1276 1400 1308 1425 et
1321 1405 1385 1425 non
1398 1395 1464 1434 ipse
1478 1395 1730 1435 obtemperabat,
1754 1397 1822 1427 eius
1836 1401 1943 1428 tamen
1964 1407 2119 1429 arcanum

1153 1437 1324 1468 consilium
1344 1438 1587 1477 exsequebatur,
1610 1445 1642 1469 ct
1660 1439 1818 1478 stupenda
1837 1440 1974 1478 quadam
1994 1441 2118 1472 ratione

1151 1480 1316 1519 implebat.
1365 1480 1438 1519 Qua
1466 1481 1499 1511 in
1523 1491 1557 1512 re
1581 1491 1697 1512 arcana
1720 1481 1783 1512 Dei
1806 1482 1939 1513 consilia
1962 1493 2021 1514 nos
2045 1482 2118 1514 ado-

1152 1533 1224 1553 rare
1247 1527 1278 1553 et
1300 1523 1450 1554 venerari
1472 1525 1632 1560 convenit,
1656 1535 1736 1564 quae
1759 1530 1824 1555 tam
1848 1535 1965 1556 arcana
1988 1531 2019 1556 et
2042 1536 2116 1565 pro-

1151 1565 1253 1596 funda
1277 1571 1361 1603 sunt,
1384 1570 1422 1596 ut
1444 1570 1575 1606 captum
1598 1566 1777 1597 humanum
1801 1577 1929 1598 omnem
1951 1572 2115 1608 superent.

1151 1608 1388 1640 Verumtamen
1398 1619 1439 1639 ex
1456 1609 1513 1640 illa
1531 1609 1650 1640 familia
1668 1609 1807 1649 quidam,
1830 1621 1945 1650 nempe
1957 1611 2118 1642 Abiathar

1150 1651 1190 1682 ad
1213 1651 1375 1682 Davidem
1407 1652 1498 1692 fugit,
1530 1656 1565 1683 ut
1587 1652 1650 1683 Dei
1673 1654 1833 1683 sententia
1855 1653 1998 1684 nondum
2021 1654 2117 1694 plane

1149 1694 1283 1734 impleta
1315 1694 1473 1726 videatur.
1518 1694 1601 1725 Nam
1631 1695 1659 1726 si
1682 1695 1818 1726 Davidis
1840 1706 1979 1736 regnum
1999 1706 2115 1736 perpe—

1149 1741 1240 1768 tuum
1282 1737 1411 1775 fuisset,
1455 1736 1653 1768 Abiatharus
1686 1737 1862 1770 sacerdotio
1895 1740 2115 1771 munerandus

1149 1779 1336 1817 videbatur,
1372 1779 1456 1820 quod
1490 1791 1530 1811 ex
1559 1780 1615 1811 illa
1645 1780 1846 1812 sacerdotum
1876 1781 1999 1812 familia
2028 1782 2114 1814 solus

1149 1829 1313 1863 superstes
1349 1824 1518 1860 evasisset,
1553 1827 1585 1854 et
1614 1823 1721 1854 David
1750 1823 1847 1854 etiam
1876 1823 1923 1855 illi
1953 1824 2114 1864 pollicitus

1150 1866 1210 1897 hoc
1240 1866 1360 1897 fuisset.
1414 1865 1479 1897 Sed
1509 1865 1599 1896 Deus
1631 1866 1759 1896 tandem
1791 1866 1874 1905 quod
1903 1877 1982 1907 opus
2009 1868 2114 1907 coepit

1148 1909 1290 1949 perfecit.
1342 1908 1426 1939 Nam
1461 1908 1574 1939 accidit
1605 1914 1642 1939 ut
1675 1908 1833 1940 Abiathar
1866 1910 2112 1949 conspirationis

1149 1951 1309 1983 Adoniiae
1328 1951 1486 1992 particeps
1506 1951 1616 1988 factus,
1640 1962 1698 1982 sua
1717 1951 1873 1992 dignitate
1892 1952 2056 1991 exciderit,
2081 1956 2114 1984 et

1149 1995 1341 2035 abrogatum
1381 1994 1423 2025 sit
1455 1994 1507 2024 illi
1541 1994 1752 2026 sacerdotium
1787 2001 1818 2025 et
1851 1994 1890 2026 ad
1925 1994 2114 2028 Sadochum

1148 2037 1352 2075 translatum,
1376 2047 1438 2077 qua
1456 2037 1581 2068 ratione
1600 2042 1632 2068 et
1644 2037 1705 2068 Dei
1724 2037 1849 2069 iudiciis
1875 2038 1926 2069 via
1948 2039 2033 2070 facta
2054 2045 2111 2072 est.

1148 2081 1324 2112 Caeterum
1357 2079 1432 2112 licet
1462 2080 1552 2111 Deus
1581 2084 1705 2111 tantam
1734 2081 1938 2112 sacerdotum
1969 2088 2112 2123 stragem

1147 2124 1217 2154 fieri
1241 2123 1433 2163 permiserit,
1457 2126 1564 2153 tamen
1587 2123 1620 2153 in
1644 2123 1796 2154 maiorem
1821 2123 1930 2155 Saulis
1953 2125 2111 2157 confusio·

1147 2176 1223 2197 nem
1252 2166 1357 2205 cessit,
1388 2171 1423 2197 ut
1451 2165 1555 2196 solent
1584 2165 1673 2205 impii
1696 2176 1785 2196 suam
1809 2166 2109 2199 condemnationem

1146 2208 1332 2247 accelerare,
1364 2214 1395 2239 et
1426 2208 1534 2239 divina
1560 2208 1677 2239 iudicia
1707 2208 1739 2239 in
1770 2219 1865 2240 suum
1888 2215 1984 2250 caput
2007 2221 2110 2242 accer—

1146 2262 1233 2289 sere,
1264 2257 1296 2282 et
1326 2251 1416 2291 quasi
1444 2251 1522 2290 ipsis
1551 2261 1728 2282 occurrere:
1761 2251 1851 2283 Deus
1874 2252 1982 2292 itaque
2006 2254 2110 2284 voluit

1147 2294 1278 2326 Saulem
1312 2305 1350 2325 eo
1384 2294 1556 2333 impietatis
1590 2298 1620 2324 et
1655 2293 1808 2325 saevitiae
1841 2294 1914 2332 labi,
1947 2300 1982 2326 ut
2013 2296 2109 2328 citius

1144 2337 1324 2369 mercedem
1341 2347 1432 2368 suam
1452 2337 1622 2376 reciperet:
1641 2347 1737 2375 quam
1757 2336 1907 2377 deinceps
1926 2348 1990 2368 non
2009 2338 2107 2379 longo

1146 2385 1216 2420 post
1235 2385 1379 2419 tempore
1399 2380 1556 2418 accepisse
1580 2379 1685 2418 ipsum
1709 2378 1898 2411 videbimus.
1934 2381 2107 2413 Praeterea

1146 2424 1207 2453 Dei
1237 2423 1407 2453 consilium
1438 2422 1490 2453 hic
1521 2421 1755 2458 admirandum,
1786 2422 1839 2461 qui
1863 2423 2022 2454 Davidem
2046 2423 2106 2456 hac

1144 2466 1271 2496 ratione
1300 2466 1386 2495 omni
1416 2464 1534 2495 auxilio
1566 2470 1597 2494 et
1625 2474 1683 2503 ope
1707 2463 1838 2495 destitui
1862 2466 1973 2501 voluit,
2006 2471 2041 2497 ut
2065 2467 2105 2498 ad

1144 2508 1248 2539 solum
1282 2508 1390 2539 Deum
1431 2517 1599 2546 assurgere
1641 2507 1789 2537 disceret.
1843 2507 1980 2538 Interim
2014 2509 2104 2542 Deus

1141 2552 1237 2582 etiam
1263 2550 1395 2582 Saulem
1418 2560 1473 2589 per
1497 2549 1642 2588 proprios
1666 2549 1831 2580 ministros
1855 2556 1887 2580 et
1911 2551 2101 2584 domesticos

1143 2594 1379 2629 condemnavit,
1398 2592 1559 2629 satellites,
1585 2592 1722 2630 inquam.
1746 2599 1777 2622 et
1800 2593 2007 2631 stipulatores
2029 2605 2104 2626 suos

1144 2642 1176 2667 et
1199 2636 1427 2667 mercenaritffi:
1452 2644 1586 2673 quorum
1611 2634 1736 2665 iudiciis
1760 2641 1790 2665 et
1813 2636 1976 2675 suffragiis
1998 2637 2104 2677 ipsum

1865 2686 1897 2711 25
