2551 3044
149 195 209 227 337

531 287 627 319 GAP.
652 285 730 317 XX.
1136 288 1138 300 '

237 397 262 427 1.
288 395 381 435 Fuyit
398 397 497 425 autem
515 393 622 425 David
640 392 676 422 (Ie
696 390 814 422 Naiotlz
834 401 912 430 quae
930 392 973 421 est
996 390 1028 420 in
1043 389 1108 420 Ra·
1134 408 1136 418 ,π

150 439 260 474 naama,
285 439 461 475 veniensque
480 436 620 474 loquutus
640 436 682 464 est
710 443 811 464 coram
838 433 978 464 Ionatha.
1028 431 1110 471 Quid

146 481 231 521 feei?
254 491 330 519 quac
343 482 386 510 est
404 479 555 517 iniquitas
572 487 648 514 meal
667 479 693 507 et
705 476 950 515 quodpeccatum
962 485 1062 505 meum
1076 475 1108 505 ἐπ
1134 484 1135 489 ’

143 527 266 563 patrem
279 525 371 559 tuum,
391 521 462 560 quia
476 519 595 560 quaerit
608 520 746 550 animam
759 519 882 548 meam?
903 518 931 549 2.
956 517 1108 557 Quidam

148 567 193 605 ei7·
227 565 327 602 Absit,
361 574 420 594 non
438 563 580 593 morieris
599 572 693 600 neque
709 561 790 591 enaim
807 562 899 598 faciet
912 564 1005 600 paler
1022 570 1109 590 naeus

147 608 315 648 quidquam
344 605 461 646 yrande
487 605 532 635 vel
548 614 693 643 parvum,
728 604 793 634 υἱεῖ
807 605 902 643 prius
925 603 1109 634 indicaverit

146 650 236 682 milei.-
257 649 335 680 hunc
357 658 425 688 erqo
448 647 555 678 celavit
576 657 623 677 me
642 649 733 686 pater
751 656 836 676 meus
854 656 1022 676 sermonem
1041 648 1107 675 tan—

144 691 321 724 tummodo?
347 700 538 730 nequaquam
562 690 619 720 erit
644 689 733 720 istud.
778 689 807 719 3.
833 688 874 719 Ec
897 688 1015 719 iuravit
1036 698 1107 718 rur·
1132 702 1134 717 ι

144 745 213 766 sum
237 734 374 765 Davidi:
400 736 426 763 et
449 733 499 763 *ille
522 732 583 763 ait.-
606 731 671 762 Scit
683 731 818 771 profecto
832 734 926 770 pater
943 733 1014 761 tuus
1033 730 1107 769 quia
1132 746 1134 769 ¹>

144 778 247 809 inveni
268 777 406 817 ¹(stabiam
429 776 463 806 in
487 774 582 805 oculis
610 775 680 809 tais,
713 777 739 804 et
761 774 853 805 dleet:
893 773 1021 804 Nesciat
1052 772 1106 804 hoc
1132 798 1133 811 ,

146 819 303 856 Ionathas,
327 829 364 849 ne
385 818 462 858 forte
484 817 630 848 tristetur.
665 817 744 856 Quin
771 818 832 847 imo
855 816 929 846 vivit
950 816 1107 846 Dominus
1132 825 1133 832 ¹

143 865 170 894 et
191 863 266 894 vivit
288 862 395 893 anima
419 864 483 900 tua,
515 860 589 899 quia
615 869 675 890 uuo
698 862 815 890 tan-lum
847 858 893 900 (ut
918 859 963 889 ita
992 857 1106 899 dicam)
1132 876 1133 887 l

141 905 243 946 yradu
266 914 316 945 eqo
338 913 478 942 morsque
500 902 682 934 dividimur.

230 1009 396 1050 Quomodo
420 1009 527 1040 Saulis
551 1009 691 1039 furorem
717 1016 748 1039 et
771 1008 996 1039 crudelitatem
1016 1007 1105 1038 Deus
1131 1041 1132 1044 Ἰ

144 1054 277 1095 fregerit
299 1054 454 1084 hactenus
479 1051 681 1082 audivimus:
713 1061 794 1091 quae
818 1051 947 1090 quidem
971 1061 1036 1080 non
1060 1050 1105 1080 sic
1131 1063 1132 1085 3

144 1097 246 1128 fracta
275 1102 323 1127 est
355 1096 432 1135 quin
463 1094 583 1125 Davidi
618 1104 734 1124 nocere
764 1104 891 1133 semper
925 1098 1104 1133 quaereret,

144 1139 199 1171 sed
222 1140 267 1170 ita
290 1145 395 1169 tamen
420 1142 455 1167 ut
478 1137 570 1176 quasi
593 1136 655 1167 Dei
679 1146 776 1167 manu
800 1136 958 1167 coercitus
981 1137 1104 1166 saevire
1130 1150 1131 1155 ¹

144 1182 183 1213 ad
208 1181 370 1213 libidinem
394 1190 456 1210 non
481 1180 631 1219 potuerit.
679 1179 771 1218 Quod
803 1186 909 1209 autem
941 1178 1103 1218 superiore

143 1225 295 1256 concione
317 1223 502 1254 audivimus
532 1222 647 1253 missos
671 1232 688 1252 a
713 1221 809 1253 Saule
833 1222 952 1252 milites
973 1220 1012 1251 ad
1036 1220 1103 1251 Da·
1129 1254 1130 1265 ἶ

143 1267 250 1298 videm
269 1265 469 1306 capiendum,
501 1265 610 1295 divino
634 1265 744 1295 afflatu
769 1265 1020 1304 prophetavisse,
1051 1274 1101 1294 eo-

143 1319 277 1349 rumque
310 1315 441 1340 conatus
475 1309 582 1338 irritos
617 1308 718 1338 factos
751 1308 858 1344 fuisse,
893 1307 977 1338 idem
1012 1306 1103 1338 Sauli

141 1353 205 1383 iam
228 1352 370 1392 contigit,
395 1350 449 1390 qui
471 1361 569 1390 quum
590 1350 744 1381 voluisset
766 1350 902 1390 ipsemet
925 1349 1102 1380 Naiothum

143 1395 262 1429 venire,
285 1400 455 1433 autequam
482 1393 520 1423 ad
544 1393 649 1424 locum
673 1393 778 1432 ipsum
803 1392 976 1428 accederet,
1000 1393 1103 1432 coepit

141 1438 239 1469 etiam
265 1437 334 1477 ipse
363 1436 566 1476 prophetare.
620 1435 733 1474 Neque
772 1442 878 1466 tamen
910 1436 982 1467 ideo
1012 1435 1102 1466 Deus

141 1481 187 1511 illi
210 1490 341 1511 sensum
371 1479 480 1509 iniecit
504 1479 697 1519 agnoscendi
722 1483 898 1518 peccatum,
927 1489 1032 1518 neque
1054 1478 1102 1508 in-

142 1522 306 1563 telligendi
341 1522 542 1562 prophetiam
576 1527 613 1551 ut
651 1521 711 1560 ipsi
747 1522 920 1561 prodesset.
968 1520 1030 1553 Sed
1066 1524 1129 1551 ut*

143 1566 213 1597 heri
237 1565 400 1596 docuimus
430 1565 532 1595 sancti
557 1564 691 1604 spiritus
722 1565 868 1594 afflatum
900 1565 1010 1603 sensit,
1045 1563 1101 1594 sed

142 1610 211 1640 sine
235 1607 385 1639 scientia:
410 1612 441 1637 et
464 1606 733 1646 quemadmodum
760 1607 848 1638 Deus
871 1607 946 1638 olim
972 1607 1099 1637 asinum

145 1650 289 1682 Balaami
312 1650 398 1690 loqui
420 1650 504 1686 fecit,
529 1650 573 1680 ita
594 1654 625 1679 et
646 1649 777 1680 Saulem
802 1660 890 1681 nunc
908 1650 1100 1690 prophetare
1126 1657 1127 1689 ξ

142 1694 253 1725 voluit.
278 1692 364 1732 Quin
387 1693 450 1723 imo
473 1692 596 1723 Paulus
617 1692 781 1732 apostolus
805 1692 895 1723 docet
914 1703 1008 1732 saepe
1028 1702 1098 1723 con-

141 1738 267 1777 tingere
290 1741 326 1766 ut
348 1735 441 1766 multi
465 1735 499 1765 in
523 1735 654 1766 ecclesia
673 1735 766 1766 donis
796 1735 906 1766 multis
929 1734 1099 1773 excellant,
1125 1761 1127 1779 :

141 1786 173 1810 et
205 1777 337 1810 docendi
361 1778 545 1809 facultatem
569 1778 718 1814 habeant,
750 1778 888 1818 denique
912 1778 1099 1818 angelorum
1125 1808 1127 1816 ,

142 1823 244 1853 instar
264 1821 450 1858 habeantur,
475 1820 530 1860 qui
556 1827 662 1851 tamen
682 1820 744 1851 Dei
764 1821 831 1852 sint
853 1826 1099 1861 contemptores,

141 1864 315 1896 ambitione
337 1869 369 1894 et
398 1863 557 1894 honorum
587 1863 771 1904 cupiditate,
800 1864 936 1894 avaritia
967 1869 998 1894 et
1029 1864 1100 1895 aliis

141 1906 323 1939 istiusmodi
353 1906 439 1937 vitiis
468 1906 623 1942 laborent,
655 1906 699 1937 sic
732 1910 767 1937 ut
796 1906 857 1937 Dei
888 1907 1004 1946 spiritu
1035 1917 1098 1937 non

141 1955 303 1991 regantur,
326 1959 430 1989 neque
453 1949 521 1980 eius
545 1949 643 1980 ductu
666 1959 757 1980 suam
781 1949 982 1980 vocationem
1006 1960 1098 1980 exer-

140 1999 242 2030 ceant,
273 1997 305 2023 et
327 1992 360 2022 in
384 2002 421 2022 ea
441 1992 566 2023 sincero
590 1992 705 2023 affectu
729 1998 945 2031 perseverent,
974 1992 1099 2032 Deiqne

138 2035 259 2077 gloriae
288 2034 394 2066 studio
425 2034 567 2065 ardeant.
613 2034 830 2073 Quamobrem
861 2045 924 2065 non
945 2034 1099 2074 estquod

140 2079 294 2109 miremur
324 2078 350 2108 si
379 2077 511 2109 Saulem
538 2076 687 2108 audimus
711 2078 963 2117 prophetavisse‚
998 2088 1100 2117 neque

140 2127 246 2152 tamen
280 2120 345 2151 ullo
374 2130 470 2151 sensu
500 2119 629 2151 divinae
652 2120 774 2161 gloriae
797 2125 829 2150 et
852 2120 982 2151 honoris
1005 2120 1099 2151 affec-

140 2168 209 2194 tum
228 2163 333 2199 fuisse,
352 2162 407 2194 sed
426 2167 581 2202 tanquam
600 2162 763 2202 stupidum
785 2162 947 2193 hominem
963 2167 995 2193 et
1007 2171 1100 2193 extra

142 2216 176 2236 se
216 2205 361 2244 positum,
398 2205 472 2236 licet
506 2210 601 2236 antea
635 2216 710 2237 vero
745 2205 931 2245 prophetiae
965 2205 1047 2236 dono
1083 2216 1101 2236 a

143 2247 255 2287 spiritu
283 2254 390 2279 sancto
418 2254 621 2279 exornatum.
666 2247 754 2279 Hinc
784 2248 996 2279 admonemur
1019 2248 1100 2279 nihil

145 2300 201 2321 nos
228 2290 338 2321 iuvare
366 2290 449 2321 dona
469 2291 625 2330 quaedam
649 2290 800 2331 specialia
823 2290 938 2330 quibus
962 2291 1100 2331 gratiam

144 2338 178 2363 et
217 2333 420 2363 autoritatem
456 2333 548 2365 nobis
583 2333 668 2374 apud
703 2334 849 2364 homines
882 2334 1099 2370 conciliemus,

145 2375 206 2405 nisi
228 2375 261 2405 in
284 2375 395 2414 primis
417 2375 529 2407 demus
549 2387 688 2416 operam,
714 2381 748 2407 ut
770 2376 872 2407 simus
895 2386 996 2407 novae
1015 2386 1100 2407 crea-

145 2422 235 2447 turae
264 2416 298 2447 in
327 2416 465 2456 Christo,
495 2425 532 2449 ut
558 2419 701 2459 loquitur
724 2419 845 2450 Paulus
869 2419 930 2449 alio
954 2419 1038 2450 loco:
1069 2423 1101 2450 et

145 2459 255 2490 fideles
283 2458 433 2490 admonet
454 2465 489 2491 ut
511 2467 679 2493 externam
706 2462 843 2502 speciem
868 2462 1004 2501 fugiant,
1038 2472 1101 2501 qua
1125 2477 1126 2497 i

145 2502 238 2532 multi
260 2501 437 2541 gloriantur
458 2503 607 2542 inaniter,
636 2504 780 2536 contenti
804 2504 939 2545 gloriola
961 2503 1100 2544 quadam

809 191 855 222 IN
879 191 905 222 Ι.
930 190 1017 222 LIB.
1042 189 1241 223 SAMUEL.
1266 191 1363 223 CAP.
1388 192 1464 222 XX.

1132 849 1134 870 2
1159 837 1378 869 fundamento.

144 2551 177 2575 et
217 2554 295 2575 aura
333 2544 487 2583 populari.
536 2546 659 2578 Idcirco
699 2547 820 2578 Paulus
861 2546 1001 2578 ostendit
1038 2547 1126 2578 ista¹

145 2587 252 2618 omnia
284 2586 368 2617 levia
400 2591 431 2617 et
462 2587 571 2619 inania
596 2600 676 2621 esse.
721 2589 867 2629 Quisque
897 2589 997 2630 igitur
1025 2589 1101 2621 Iesu

146 2629 268 2661 Christi
297 2628 478 2660 membrum
506 2630 615 2662 haberi
645 2632 724 2670 vult,
755 2633 812 2664 fiat
835 2642 920 2664 nova
942 2637 1099 2663 creatura.

247 2679 356 2705 Caluini
371 2687 466 2712 opera.
501 2680 558 2707 Vol.
571 2682 666 2709 XXX.

2067 191 2128 222 338

1249 285 1290 315 Et
1314 285 1352 316 dc
1372 286 1470 316 Saule
1490 286 1704 325 prophetante
1725 285 1888 316 hactenus.
1934 284 2028 323 Quod
2049 294 2126 316 vero

1164 326 1321 365 adiicitur,
1347 329 1544 367 prophetasse
1567 328 1653 358 illum
1676 337 1780 359 coram
1805 327 1955 363 Samuele,
1980 337 2125 367 pugnare

1164 369 1290 400 videtur
1322 381 1394 401 cum
1424 381 1460 401 eo
1483 370 1564 410 quod
1590 376 1684 401 antea
1707 370 1907 401 audivimus:
1938 369 2125 401 Samuelem

1135 421 1136 444 1
1163 418 1236 451 post
1259 413 1485 443 denuntiatum
1509 413 1599 443 Sauli
1625 413 1685 443 Dei
1709 412 1873 443 decretum
1898 412 1936 443 de
1955 423 2054 452 regno
2077 412 2125 443 illi

1134 472 1135 476 =
1162 453 1342 491 adimendo,
1373 466 1536 495 nunquam
1566 456 1702 495 amplius
1725 466 1797 485 cum
1823 455 1958 486 vidisse:
1993 455 2124 495 quinam

1161 497 1247 527 enim
1273 498 1332 528 hoc
1356 499 1507 528 convenit
1529 509 1600 529 cum
1626 508 1662 527 eo
1686 497 1768 537 qnod
1795 509 1879 529 nunc
1903 498 2020 528 dicitur
2042 496 2122 529 Saul

1160 540 1192 569 in
1217 539 1379 571 Samuelis
1403 541 1584 579 praeseutia
1609 540 1872 580 prophetavisse?
1919 540 2016 571 Multi
2036 540 2122 571 labo-

1134 601 1135 605 =
1162 588 1235 612 rant
1258 583 1290 613 in
1315 583 1437 623 argutis
1458 583 1669 613 solutionibus
1688 583 1937 623 investigandis:
1963 582 2017 614 alii
2037 583 2122 614 enim

1133 650 1134 654 ,
1161 624 1271 655 dicunt
1301 624 1486 656 Samuelem
1519 636 1581 656 non
1612 625 1749 664 amplius
1780 625 1899 656 vidisse
1930 625 2064 656 Saulem
2088 625 2122 656 in

1161 668 1249 706 regia
1272 678 1389 707 pompa
1411 674 1442 698 et
1465 668 1721 708 magnificentia:
1752 668 1815 704 alii,
1841 668 1958 699 vidisse
1982 668 2121 707 quidem,

1161 709 1215 740 sed
1247 716 1400 749 tanquam
1431 710 1529 741 alium
1562 711 1735 747 hominem,
1767 711 1885 750 quippe
1912 710 2029 750 spiritu
2060 710 2121 741 Dei

1161 753 1304 783 afflat-um
1335 759 1367 783 et
1396 763 1527 793 prorsus
1558 753 1772 788 immutatum,
1805 760 1840 783 ut
1862 764 1927 783 non
1949 753 2018 792 ipse
2041 752 2121 783 Saul

1160 795 1323 825 videretur
1343 795 1397 826 sed
1417 796 1514 826 alius:
1539 795 1593 826 sed
1613 795 1692 825 istae
1711 796 1857 835 argutiae
1870 795 1958 826 nullo
1972 796 2122 826 nituntur

1424 838 1533 876 Quare
1567 837 1801 869 observandum
1836 848 1935 877 quum
1974 838 2122 877 superius

1132 896 1133 909 ι
1159 880 1343 911 audivimus
1375 879 1505 912 Saulem
1538 890 1602 911 non
1633 880 1770 920 amplius
1793 880 1891 911 fuisse
1913 886 2120 920 conspectum

1132 941 1133 944 =
1159 933 1178 953 a
1209 922 1369 961 Samuele,
1401 934 1440 954 ex
1470 923 1631 954 communi
1655 933 1715 953 usu
1740 922 1890 962 loquendi
1913 922 1985 961 dici,
2019 923 2121 954 veluti

1160 975 1259 1004 quum
1283 976 1355 996 raro
1378 965 1492 1005 aliquis
1517 966 1642 996 videtur
1665 965 1770 995 dicere
1791 965 1948 996 solemus:
1971 966 2021 996 Tu
2040 977 2121 996 nun-

1158 1018 1252 1047 quam
1286 1008 1413 1040 videris.
1459 1008 1554 1047 Quod
1583 1019 1645 1038 nou
1677 1014 1801 1038 tantum
1833 1007 1870 1038 de
1900 1008 1971 1039 visu
2002 1008 2056 1039 sed
2081 1008 2120 1040 de

1159 1051 1315 1090 colloquio
1343 1056 1374 1082 et
1397 1051 1616 1082 familiaritate
1640 1050 1841 1089 intelligitur.
1887 1050 1943 1081 Sic
1966 1061 2041 1091 ergo
2064 1050 2120 1082 illa

1158 1098 1293 1132 possunt
1329 1095 1464 1134 exponi:
1505 1093 1687 1125 Samuelem
1726 1104 1789 1123 nou
1826 1093 1964 1132 amplius
1994 1093 2033 1123 ab
2063 1093 2119 1124 illo

1157 1141 1302 1176 tempore
1334 1136 1464 1168 Saulem
1496 1136 1622 1173 vidisse,
1654 1140 1687 1165 ut
1710 1135 1871 1166 indicetur
1894 1146 1957 1166 non
1981 1136 2121 1176 amplius

1158 1179 1256 1209 fuisse
1294 1179 1355 1219 ipsi
1390 1179 1591 1215 familiarem,
1633 1188 1734 1217 neque
1769 1177 1807 1208 ad
1842 1178 1946 1217 ipsum
1980 1179 2119 1218 amplius

1156 1232 1323 1252 reversum
1346 1227 1382 1253 ut
1405 1222 1525 1253 honore
1549 1231 1610 1261 quo
1634 1220 1755 1251 solebat
1778 1221 1926 1257 afficeret,
1957 1226 1990 1252 et
2012 1229 2049 1252 ut
2071 1232 2118 1252 re-

1129 1269 1130 1273 ’
1156 1274 1228 1304 gem
1259 1275 1321 1295 nou
1353 1265 1498 1302 coluisse,
1530 1274 1633 1303 neque
1656 1263 1724 1293 cius
1748 1263 1952 1294 autoritatem
1976 1268 2118 1295 tutatum

1129 1310 1130 1316 ¹
1156 1316 1244 1338 esse:
1274 1307 1350 1338 licet
1381 1314 1488 1338 tamen
1513 1307 1616 1346 ipsum
1640 1305 1749 1336 videre
1773 1306 1944 1345 aliquando
1967 1307 2118 1346 potuerit,

1129 1351 1130 1357 ¹
1156 1349 1211 1380 sed
1242 1350 1311 1381 sine
1334 1350 1475 1390 alloquio
1499 1355 1531 1381 et
1554 1348 1779 1379 familiaritatis
1803 1348 1898 1378 ullius
1922 1349 2117 1381 testimonio.

1156 1392 1249 1424 Licet
1279 1393 1386 1432 itaque
1417 1394 1481 1423 iam
1505 1402 1612 1423 coram
1638 1390 1787 1422 Samuele
1810 1391 2019 1430 prophetarit,
2054 1402 2117 1423 non

1156 1434 1226 1466 ideo
1257 1439 1365 1466 tamen
1396 1435 1609 1466 familiaribus
1641 1433 1804 1472 colloquiis
1833 1444 1905 1464 eum
1929 1434 1988 1465 sibi
2012 1435 2118 1466 eonci-

1128 1488 1129 1493 ’
1155 1478 1256 1517 liavit,
1277 1489 1378 1518 neque
1398 1481 1505 1518 ipsum
1524 1476 1753 1516 interpellavit,
1777 1475 1831 1506 sed
1852 1483 2005 1516 tanquam
2024 1487 2118 1517 pere-

1155 1521 1284 1560 grinum
1327 1521 1489 1551 hominem
1532 1525 1563 1550 et
1600 1520 1746 1558 ignotum
1784 1518 1903 1555 habuit,
1943 1520 1993 1550 cui
2027 1520 2117 1551 Deus

1156 1569 1294 1594 mentem
1338 1563 1502 1594 ademerat
1540 1568 1670 1602 propter
1711 1561 1984 1600 ingratitudinem.
2028 1562 2117 1594 Hinc

1127 1613 1128 1616 ’
1153 1606 1335 1646 colligimus
1358 1606 1467 1637 Deum
1490 1605 1632 1636 voluisse
1656 1603 1787 1635 Saulem
1807 1604 1986 1644 ignominia
2004 1611 2116 1636 notare

1154 1654 1186 1678 et
1226 1648 1379 1680 dedecore
1417 1649 1553 1685 afficere,
1596 1648 1649 1686 qui
1684 1646 1803 1676 furioso
1837 1647 1974 1686 quodam
2009 1648 2116 1678 animo

1156 1691 1313 1722 Davidem
1353 1701 1549 1731 persequens
1580 1695 1708 1729 praeter
1737 1689 1906 1719 consilium
1938 1696 1969 1719 et
2000 1690 2116 1721 volun-

1153 1739 1250 1764 tatem
1275 1741 1404 1766 coactus
1427 1738 1475 1765 est
1498 1733 1654 1764 int-actum
1679 1731 1859 1770 relinquere
1880 1737 1912 1762 et
1931 1742 1965 1762 se
1985 1732 2114 1764 domum

1152 1787 1216 1808 reci
1243 1787 1304 1808 ere.

1220 1788 1316 1850 pFuit
1339 1819 1466 1859 quidem
1486 1819 1586 1858 igitur
1606 1817 1685 1848 Saul
1707 1817 1740 1846 in
1760 1822 1852 1847 coetu
1872 1816 2116 1857 prophetarum,

1152 1862 1207 1893 sed
1248 1862 1287 1893 ad
1317 1870 1453 1901 tempus.
1491 1861 1581 1900 quasi
1612 1859 1738 1890 turbine
1768 1859 1906 1898 quodam
1938 1867 2114 1901 correptus,

1125 1909 1127 1913 “
1152 1916 1247 1944 quem
1272 1905 1361 1936 Deus
1384 1904 1451 1944 agit
1474 1909 1695 1934 transversum
1719 1908 1874 1941 tanquam
1898 1903 2063 1943 stupidum
2083 1910 2116 1935 et

1151 1959 1265 1979 sensus
1299 1953 1464 1986 expertem
1498 1945 1679 1976 hominem:
1719 1944 1753 1974 in
1788 1954 1850 1983 quo
1884 1944 1949 1975 Dei
1983 1946 2115 1985 spiritus

1152 1991 1274 2031 agebat,
1310 2001 1371 2021 non
1404 1989 1532 2019 honoris
1564 1997 1660 2019 causa
1690 1986 1743 2017 sed
1775 1986 1940 2018 dedecoris
1970 1994 2002 2018 et
2023 1989 2115 2028 igno—

1150 2034 1277 2064 miniae.
1325 2033 1403 2064 Saul
1436 2032 1535 2071 igitur
1563 2034 1696 2070 apparet
1718 2039 1833 2060 seusus
1857 2030 1962 2060 omnis
1986 2035 2017 2061 et
2040 2041 2114 2062 con-

1151 2076 1214 2108 silii
1244 2086 1370 2115 expers,
1404 2085 1501 2114 quum
1534 2074 1618 2103 inter
1641 2072 1813 2111 prophetas
1836 2077 1984 2104 versatus
2008 2084 2114 2114 neque

1152 2119 1337 2151 Samuelem
1371 2128 1473 2157 neque
1504 2116 1581 2147 alios
1612 2115 1663 2154 qui
1695 2115 1725 2144 in
1749 2114 1803 2144 illo
1826 2120 1918 2145 coetu
1942 2122 2034 2146 erant
2056 2127 2113 2157 ag-

1152 2162 1259 2192 novit:
1291 2161 1345 2192 sed
1375 2159 1524 2191 omnibus
1555 2163 1707 2197 tanquam
1732 2157 1832 2187 divini
1855 2156 1965 2188 iudicii
1988 2165 2112 2199 specta-

1152 2205 1261 2236 culum
1286 2208 1334 2234 est
1357 2203 1530 2238 exhibitus,
1555 2206 1587 2232 et
1611 2200 1649 2230 ab
1674 2210 1710 2230 eo
1734 2204 1825 2230 coetu
1849 2200 1894 2230 sic
1913 2202 2051 2235 recessit.
2075 2207 2112 2232 ut

1152 2247 1301 2279 omnibus
1324 2257 1357 2277 se
1380 2245 1550 2276 ridendum
1574 2243 1782 2282 proposuerit.
1828 2243 1933 2281 Atque
1952 2242 2003 2274 hic
2023 2244 2112 2274 vide—

1152 2298 1204 2321 tur
1239 2289 1495 2328 simplicissimus
1531 2287 1626 2317 huius
1662 2285 1722 2315 loci
1759 2294 1883 2315 sensus.
1936 2285 2110 2318 Caeterum

1152 2343 1250 2372 quum
1275 2331 1394 2362 dicitur
1411 2341 1444 2361 se
1463 2330 1528 2360 suis
1548 2327 1748 2359 vestimentis
1767 2327 1965 2366 spoliavisse‚
1989 2328 2111 2360 nudus-

1152 2386 1212 2415 que
1237 2375 1333 2405 fuisse
1356 2379 1424 2404 tota
1447 2372 1497 2403 die
1520 2371 1576 2402 illa
1594 2376 1626 2400 et
1644 2374 1745 2405 nocte,
1769 2369 1872 2400 oritur
1890 2371 2045 2409 quaestio,
2069 2382 2111 2403 an

1151 2417 1381 2458 prophetarum
1412 2425 1481 2446 mos
1511 2414 1608 2445 fuerit
1635 2423 1704 2443 sese
1727 2412 1930 2443 vestimentis
1953 2413 2109 2453 spoliare:

1153 2471 1254 2500 neque
1295 2459 1380 2490 enim
1420 2457 1549 2488 videtur
1589 2456 1649 2486 hoc
1689 2455 1805 2486 rationi
1846 2461 2111 2488 consentaneum.

1125 2500 1126 2507 ¹
1151 2502 1289 2542 Quidam
1313 2502 1412 2541 igitur
1434 2500 1623 2539 intelligunt
1645 2497 1777 2528 Saulem
1800 2507 1869 2528 sese
1892 2498 1989 2538 regiis
2012 2500 2112 2530 vesti-

1151 2546 1210 2577 bus
1239 2544 1376 2581 exuisse,
1407 2548 1438 2574 et
1462 2542 1540 2573 alias
1563 2540 1714 2576 induisse,
1749 2539 2016 2580 quemadmodum
2040 2552 2113 2582 pro-

1153 2589 1238 2628 prias
1267 2585 1421 2627 quasdam
1450 2584 1547 2616 fuisse
1571 2583 1798 2623 prophetarum
1823 2587 1930 2614 vestes
1952 2583 2111 2617 videmus.

1154 2629 1219 2663 Sed
1249 2628 1442 2661 nominatim
1472 2627 1589 2658 dicitur
1619 2625 1725 2656 nudus
1747 2625 1854 2664 fuisse,
1883 2625 2018 2658 minime
2040 2627 2115 2667 qui—

1878 2676 1912 2702 22
