2551 3044
430 229 493 261 5⁴3

432 321 679 354 multabuntur?
726 331 766 351 an
808 320 939 358 sanguis
981 321 1134 350 innocens
1175 325 1241 348 tam
1281 317 1398 348 leviter

433 363 638 396 effundetur?
664 363 772 402 Quare
786 362 922 394 Davidis
947 362 1083 393 barbara
1106 360 1264 401 quaedam
1289 360 1400 392 crude-

434 408 507 438 litas
551 407 601 437 liic
643 412 798 447 apparet,
842 412 871 436 et
907 405 1007 445 ipsius
1042 406 1074 435 in
1109 403 1303 435 assumendo
1337 403 1399 434 Dei

435 450 564 481 nomine
593 450 766 480 temeritas.
814 448 883 479 Nae
913 447 1087 479 crudelitas
1117 447 1218 487 ipsius
1249 445 1400 477 condem-

434 495 563 524 natione
585 492 682 532 digna
701 500 786 523 erat:
810 491 865 522 sed
886 490 970 531 qnod
995 491 1087 525 iurat,
1113 490 1145 520 in
1170 499 1289 520 vanum
1314 489 1400 525 facit,

434 536 561 575 Deique
593 546 707 566 nomen
740 541 908 574 propterea
933 534 1052 574 insigni
1077 532 1270 564 contumelia
1293 532 1402 568 afficit,

436 586 466 609 ct
504 579 605 609 veluti
641 577 841 617 blasphemia
874 576 1032 617 pollutum
1063 575 1196 616 pedibus
1227 575 1401 606 conculcat.

436 622 555 652 Gravis
586 631 663 652 sane
687 619 824 651 Davidis
855 619 974 659 lapsus,
1006 619 1066 650 etsi
1090 618 1244 659 puniendi
1270 617 1402 649 Nabalis

437 666 522 696 iusta
553 665 614 704 ipsi
646 664 768 694 occasio
799 661 970 693 videbatur
994 661 1117 693 oblata:
1148 666 1179 692 et
1203 667 1265 692 tani
1291 659 1402 700 procul
1428 674 1430 702 ᾗ

436 718 453 737 a
474 714 559 739 recta
592 707 642 737 via
663 705 815 737 recedens
835 705 934 736 animi
955 705 1059 746 passio
1084 715 1147 735 non
1172 704 1271 744 potuit
1295 713 1402 734 eoram

441 751 577 781 Domino
609 749 742 780 absolvi.
783 748 866 779 Nam
898 748 959 779 etsi
989 747 1181 788 permissum
1206 747 1266 786 ipsi
1290 746 1403 776 fuisset

437 793 594 824 Nabalem
627 792 772 823 severius
803 791 924 831 ulcisci,
956 791 1098 831 reliquae
1130 795 1237 820 tamen
1262 788 1403 819 familiae

437 835 632 876 parcendum
653 840 721 865 erat
746 834 920 866 innocenti.
955 833 1064 873 Quare
1086 833 1228 863 dicamus
1241 831 1403 862 Davidem

437 880 484 909 ira
515 878 673 918 percitum
706 876 876 908 indulsisse
908 877 1045 907 nimium
1075 875 1242 907 affectibus
1266 874 1341 911 suis,
1373 878 1403 903 et

439 922 534 953 officii
565 921 615 952 sui
645 920 797 951 oblitum:
832 920 936 951 Deum
967 925 1075 950 autem
1100 918 1190 949 illum
1216 917 1306 947 nobis
1330 925 1401 956 pro-

438 975 556 1004 ponere
588 962 773 1003 exemplum
803 973 842 994 ex
873 973 935 1002 quo
964 962 1125 993 discamus
1149 959 1316 991 affectibus
1341 969 1404 989 uon

439 1007 618 1047 indulgere,
647 1006 702 1037 sed
735 1006 766 1036 in
798 1005 901 1046 ipsius
933 1005 1047 1036 timore
1078 1015 1136 1035 nos
1159 1003 1341 1035 continere:
1373 1005 1406 1032 ct

438 1060 553 1082 cavere
585 1060 623 1080 ne
652 1059 794 1088 unquam
824 1048 1018 1085 deficiamus,
1049 1045 1306 1087 qnandoquidem
1337 1054 1405 1075 mo-

439 1098 548 1124 mento
578 1092 633 1132 qui
663 1097 764 1122 totum
795 1090 880 1122 vitae
909 1090 1103 1122 curriculum
1134 1089 1202 1119 sine
1230 1088 1322 1128 lapsu
1353 1086 1407 1118 de-

438 1141 618 1171 currerant,
650 1134 829 1174 impingere
859 1139 892 1164 et
921 1133 984 1164 labi
1017 1138 1158 1173 possunt,
1188 1137 1219 1162 et
1248 1131 1407 1162 iacturam

444 1179 557 1210 facere.
613 1177 787 1208 Discamus
829 1182 997 1216 praeterea
1037 1176 1080 1206 sic
1122 1184 1236 1205 causae
1277 1179 1406 1204 nostrae

442 1221 616 1253 bonitatem
648 1221 740 1256 tueri,
774 1230 812 1250 ne
840 1219 934 1250 officii
969 1219 1070 1249 nostri
1101 1216 1341 1254 obliviscamur,
1373 1220 1407 1246 ut

442 1264 495 1296 hic
518 1264 630 1295 fecisse
654 1261 815 1294 Davidem
839 1262 1063 1301 conspicimus.
1110 1260 1192 1291 Nam
1216 1259 1322 1290 inanis
1345 1258 1407 1289 erit

441 1307 525 1347 apud
551 1306 658 1337 Deum
689 1305 863 1341 excusatio,
895 1305 920 1335 si
951 1304 1073 1334 malum
1097 1302 1180 1343 quod
1204 1312 1267 1333 non
1292 1301 1408 1332 licebat

441 1349 745 1390 perpetraverimus.
781 1347 887 1379 David
908 1347 993 1377 enim
1019 1351 1143 1386 poterat
1166 1345 1205 1376 de
1228 1356 1261 1376 so
1284 1349 1317 1375 et
1339 1343 1408 1375 suis

442 1392 604 1433 profiteri,
645 1390 913 1431 quemadmodum
955 1396 986 1419 et
1021 1389 1154 1419 Nabalis
1193 1389 1260 1427 ipse
1294 1397 1407 1418 servus

443 1434 666 1466 testiinonium
678 1434 738 1473 ipsi
753 1433 908 1474 perhibet,
929 1432 1054 1462 nullum
1074 1431 1234 1471 accepisse
1253 1429 1407 1460 damnum

442 1477 599 1509 Nabalem
630 1487 687 1507 nec
719 1475 957 1507 incommodum
981 1485 1000 1506 a
1022 1474 1150 1505 Davide
1173 1478 1228 1505 aut
1252 1472 1408 1504 militibus

443 1521 561 1561 ipsius:
585 1530 682 1559 quum
707 1524 813 1550 tamen
837 1529 944 1549 rerum
968 1518 1111 1548 omnium
1137 1516 1229 1557 egeni
1253 1521 1285 1547 ct
1307 1516 1408 1546 fame·

443 1563 495 1594 lici
521 1562 708 1593 viderentur
732 1573 796 1592 uon
821 1572 913 1601 posse
937 1561 975 1592 ab
999 1560 1120 1591 iniuria
1143 1557 1312 1590 inferenda
1336 1557 1407 1588 abs-

444 1606 565 1637 tinere:
598 1604 654 1635 sed
682 1611 793 1636 contra
825 1611 968 1644 pastores
992 1602 1125 1634 Nabalis
1156 1601 1195 1632 ab
1226 1602 1304 1641 ipsis
1335 1611 1410 1631 con-

445 1653 601 1686 servatos,
631 1653 663 1677 et
693 1647 841 1678 defensos
866 1647 964 1677 fuisse
988 1645 1075 1677 servi
1099 1645 1200 1685 ipsius
1224 1643 1409 1675 testimonio

443 1691 567 1723 clarum
602 1694 661 1721 est.
711 1690 829 1721 Merito
863 1689 972 1729 itaque
1004 1688 1109 1719 David
1144 1687 1231 1718 illius
1264 1687 1409 1717 animum

445 1735 610 1774 ingratum
641 1742 772 1773 carpere
803 1739 834 1763 et
863 1731 902 1762 de
925 1732 995 1772 ipso
1019 1730 1170 1770 conqueri
1195 1734 1328 1770 poterat,
1354 1727 1410 1759 sed

445 1786 510 1807 non
552 1780 660 1806 tamen
696 1780 763 1806 tam
797 1780 961 1806 cruentam
998 1773 1173 1804 vindictam
1209 1772 1247 1803 dc
1281 1772 1409 1812 ingrato

444 1828 581 1850 sumere.
623 1818 689 1849 Nos
720 1818 827 1857 itaque
858 1817 884 1848 si
915 1826 992 1857 erga
1020 1815 1171 1857 indignos
1194 1815 1280 1845 omni
1305 1814 1410 1845 officio

443 1861 543 1893 functi
567 1860 730 1897 fuerimus,
756 1860 885 1891 illorum
908 1858 1039 1900 quidem
1062 1858 1330 1899 ingratitudinem
1355 1868 1409 1888 ex-

444 1904 600 1945 probrare
634 1903 819 1943 poterimus,
853 1902 887 1933 in
922 1903 1065 1942 ipsorum
1099 1901 1337 1936 confusionem,
1379 1905 1411 1930 ct

444 1948 553 1978 Deum
595 1947 783 1977 invocantes
818 1951 961 1976 nostram
996 1944 1211 1976 innocentiam
1247 1942 1409 1983 proferre:

444 1989 500 2021 sed
531 1999 594 2020 non
620 1988 691 2020 ideo
716 1994 825 2019 tamen
849 1988 958 2019 licebit
981 1988 1125 2028 privatas
1145 1986 1279 2018 iniurias
1303 1996 1409 2025 perse-

446 2033 511 2073 qui,
544 2038 574 2062 et
605 2031 643 2063 do
673 2031 814 2062 inimicis
845 2041 963 2071 poenas
987 2040 1124 2061 sumere.
1170 2027 1276 2059 David
1301 2028 1410 2068 itaque

447 2086 511 2106 non
541 2075 656 2105 leviter
693 2073 835 2114 peccavit
861 2073 922 2105 hac
946 2073 978 2104 in
998 2078 1088 2113 parto
1113 2078 1177 2103 tam
1203 2071 1271 2101 dira
1294 2070 1409 2101 Nabali

446 2118 569 2157 totique
600 2117 738 2148 familiae
769 2116 932 2148 innocenti
963 2116 1121 2146 minatus:
1146 2114 1236 2146 cuius
1262 2113 1410 2153 exemplo

447 2171 560 2200 sapere
590 2170 648 2190 nos
678 2165 819 2200 oportet:
857 2170 898 2190 ne
924 2159 1126 2200 passionibus
1157 2157 1276 2188 nostris
1306 2156 1410 2188 locum

449 2204 578 2239 dantes,
620 2207 714 2233 extra
750 2202 885 2233 rationis
917 2201 1073 2234 terminos
1101 2210 1262 2238 erremus,
1294 2198 1412 2229 Danda

449 2247 558 2285 itaque
588 2256 685 2285 opera
715 2251 750 2275 ut
780 2245 813 2276 in
844 2245 948 2276 officio
978 2244 1217 2275 contineamur:
1249 2241 1333 2282 quod
1359 2242 1413 2272 fiet

449 2289 476 2320 si
508 2287 589 2319 nihil
621 2288 681 2318 nisi
712 2288 782 2319 Deo
813 2287 892 2318 duce
920 2287 1171 2327 susceperimus:
1203 2295 1278 2316 nam
1306 2284 1332 2316 si
1362 2283 1412 2315 vel

449 2331 613 2362 tantillum
644 2342 662 2361 a
686 2336 772 2362 recta
796 2331 848 2360 via
872 2330 1107 2366 deflexerimus,
1139 2328 1283 2360 futurum
1306 2331 1354 2358 est
1378 2331 1414 2358 ut

449 2373 702 2415 praecipitemur
721 2374 752 2403 in
773 2374 844 2404 avia
868 2373 944 2410 loca,
969 2384 1006 2404 ex
1031 2372 1147 2412 quibus
1171 2371 1225 2403 vix
1249 2380 1413 2410 emergere

450 2426 614 2457 queamus.
655 2416 780 2447 Malum
809 2416 916 2456 itaque
947 2414 1216 2456 praeveniendam
1240 2417 1304 2451 est;
1333 2418 1366 2443 et
1388 2413 1414 2444 si

451 2470 511 2490 nos
542 2459 604 2490 labi
636 2459 816 2499 contigerit,
844 2458 1001 2489 auxilium
1033 2458 1071 2489 ab
1101 2468 1138 2489 eo
1161 2455 1336 2498 petendum
1361 2456 1413 2495 qui

452 2502 557 2542 lapsos
578 2501 748 2533 sublevare
767 2507 886 2542 potest:
909 2507 941 2532 et
960 2501 985 2532 si
1007 2500 1186 2541 periculum
1206 2498 1414 2535 evaserimus,

453 2555 511 2585 pro
542 2545 626 2575 virili
658 2550 767 2575 nostra
795 2554 966 2575 caveamus
995 2554 1035 2574 nc
1059 2544 1092 2573 in
1116 2542 1202 2574 aliud
1227 2541 1414 2578 incidamus,

454 2587 615 2618 diabolum
657 2587 793 2618 scientes
828 2593 983 2626 perpetuo
1018 2586 1181 2617 excubare
1216 2585 1248 2616 in
1279 2583 1416 2623 insidiis,

454 2630 637 2669 multasque
657 2630 798 2660 rationes
818 2629 935 2660 habere
955 2640 1012 2660 nos
1033 2628 1205 2660 seducendi
1230 2632 1263 2658 et
1286 2637 1416 2667 prorsus

455 2672 657 2711 excaecandi,
684 2678 718 2703 ut
749 2682 767 2702 a
792 2672 923 2703 Domini
955 2673 1069 2702 timore
1103 2675 1238 2702 avertat.
1291 2669 1360 2701 Nae
1389 2668 1416 2700 si

1281 222 1481 254 HOMILIA
1509 222 1581 255 XC.

2355 223 2418 254 544

1453 316 1559 348 David
1594 327 1687 356 quam
1722 324 1933 347 consueverat
1963 316 2152 356 patientiam
2183 317 2215 346 in
2246 318 2416 348 consilium

1452 359 1671 393 adhibuisset,
1719 369 1781 389 non
1823 365 1888 389 tam
1930 364 2050 390 temere
2092 359 2320 400 processisset,
2363 359 2419 392 sed

1452 402 1606 433 Nabalcm
1639 401 1751 432 adiens
1780 401 1818 433 de
1849 402 1952 441 ipsius
1983 402 2165 433 temeritate
2188 408 2219 432 et
2243 402 2281 432 de
2304 408 2418 434 contu-

1425 445 1427 475 }
1453 445 1557 476 meliis
1575 450 1769 484 conquestus
1787 444 1871 484 apud
1895 445 2000 484 ipsum
2021 444 2145 483 fuisset,
2169 454 2204 476 ac
2227 444 2418 476 satisfactio-

1454 498 1526 518 nem
1558 487 1767 526 postulasset:
1797 486 1853 518 sed
1879 497 1978 527 quum
2010 497 2044 518 se
2073 486 2112 518 ab
2143 487 2309 518 iracundia
2334 487 2420 520 vinci

1427 534 1565 577 {passus
1596 536 1690 567 esset,
1721 529 1760 561 de
1790 536 1893 561 morte
1925 539 1989 560 non
2021 536 2148 560 tantum
2180 529 2330 567 Nabalis,
2363 529 2421 562 sed

1454 573 1591 604 aliorum
1617 573 1838 604 innocentium
1862 571 2030 613 cogitavit.
2065 572 2308 613 Prophetamne
2332 583 2420 610 vero,

1455 624 1585 655 tamque
1604 615 1815 647 excellentem
1829 614 1891 646 Dei
1910 625 2052 652 servum,
2071 620 2103 646 et
2121 615 2252 655 quidem
2272 615 2421 655 electum,

1454 666 1490 690 ut
1513 662 1596 690 esset
1609 657 1742 689 Domini
1766 658 1866 690 nostri
1880 658 1954 689 Iesu
1977 657 2101 690 Christi
2125 659 2240 699 figura,
2263 669 2300 690 eo
2324 658 2421 690 deve-

1428 738 1429 741 *
1456 702 1540 732 nisse
1559 700 1760 732 crudelitatis
1778 706 1811 732 et
1834 699 1975 732 furoris?
2010 702 2056 732 At
2078 701 2105 732 si
2129 706 2218 732 tanto
2241 701 2313 733 viro
2336 700 2423 733 istud

1455 743 1579 782 accidit,
1601 743 1677 784 quid
1701 743 1793 775 nobis
1815 743 1962 775 futurum
1986 749 2147 784 putamus,
2171 744 2225 784 qui
2246 744 2359 784 procul
2382 744 2422 776 ab

1456 787 1557 826 ipsius
1605 785 1778 817 virtutibus
1826 786 2004 818 absumus?
2066 785 2286 826 Quamobrem
2333 792 2424 819 tanto

1456 830 1558 860 maior
1581 828 1765 860 adhibenda
1789 829 1879 860 nobis
1901 829 2008 861 cautio
2031 835 2089 866 est,
2120 839 2159 860 ne
2183 840 2201 860 a
2224 829 2350 861 diabolo
2372 839 2423 862 se-

1456 872 1622 909 ducamur,
1646 876 1677 903 et
1695 879 1788 903 extra
1813 872 1899 903 viam
1923 872 2100 912 rapiamur,
2124 873 2243 904 nostris
2266 871 2424 913 passioni-

1456 915 1516 946 bus
1539 915 1703 946 cedentes:
1729 914 1784 946 sed
1808 914 1954 946 fraenum
1980 915 2046 946 illis
2068 914 2279 946 iniiciendum
2303 920 2363 953 est,
2393 917 2426 947 et

1457 957 1560 989 divini
1584 958 1724 989 nominis
1747 963 1837 989 metu
1860 957 2068 989 cohibendae.

1544 1001 1690 1033 Accessit
1729 1000 1769 1031 ad
1803 1000 1867 1031 duo
1901 1001 1957 1032 illa
1993 999 2129 1032 Davidis
2163 1005 2294 1041 peccata
2326 1001 2426 1032 etiam

1459 1043 1602 1082 tertium,
1627 1043 1735 1075 inanis
1759 1043 1914 1074 nimirum
1933 1042 1996 1074 Dei
2020 1043 2161 1074 nominis
2184 1043 2371 1084 assumptio,
2395 1046 2428 1075 et

1459 1086 1573 1118 inutile
1604 1085 1843 1118 iusiurandum.
1889 1085 2011 1117 Notum
2041 1086 2128 1117 enim
2159 1091 2209 1118 est
2234 1096 2332 1127 quam
2355 1096 2427 1127 pre-

1458 1130 1578 1161 tiosum
1603 1129 1692 1161 Deus
1724 1139 1839 1160 nomen
1868 1139 1960 1160 suum
1984 1128 2112 1165 habeat,
2145 1135 2180 1160 ut
2205 1129 2286 1160 nolit
2309 1128 2430 1161 assumi

1458 1183 1476 1203 a
1508 1172 1599 1203 nobis
1629 1172 1692 1203 nisi
1721 1183 1794 1203 cum
1827 1182 1954 1203 summa
1983 1171 2157 1203 sobrietate
2181 1176 2213 1203 et
2235 1172 2428 1204 reverentia.

1459 1214 1566 1246 David
1597 1220 1706 1246 autem
1735 1221 1857 1246 temere
1880 1215 1914 1245 in
1937 1214 2105 1245 iracundia
2127 1214 2212 1246 istud
2237 1215 2428 1256 assumpsit:

1459 1268 1563 1298 neque
1594 1268 1670 1289 vero
1700 1262 1808 1289 tamen
1838 1261 1873 1288 ut
1897 1256 2030 1289 haberet
2053 1257 2133 1288 illud
2158 1257 2307 1297 ludibrio,
2333 1257 2431 1290 sicuti

1462 1301 1590 1341 profani
1622 1300 1717 1331 multi
1747 1300 1895 1331 homines
1925 1300 2031 1331 solent
2068 1300 2102 1330 in
2142 1300 2311 1332 iracundia
2344 1300 2430 1332 deie-

1461 1354 1542 1380 rare,
1573 1349 1605 1374 et
1629 1343 1736 1374 Deum
1765 1342 1964 1384 blasphemis
1996 1342 2126 1374 vocibus
2151 1342 2304 1381 lacerare,
2337 1347 2374 1375 ut
2396 1353 2431 1375 se

1461 1386 1609 1417 homines
1647 1396 1716 1417 esse
1753 1397 1818 1417 non
1852 1385 2071 1417 meminerint.
2123 1385 2175 1417 Ex
2203 1396 2265 1426 quo
2294 1390 2432 1427 apparet

1461 1433 1581 1470 quanta
1600 1429 1643 1459 sit
1662 1429 1846 1469 passionum
1867 1433 2052 1459 nostrarum
2072 1428 2122 1460 vis
2144 1428 2179 1459 in
2202 1428 2294 1460 nobis
2317 1439 2429 1461 excae-

1461 1471 1582 1511 candis‚
1609 1477 1645 1502 ut
1658 1472 1733 1503 licet
1751 1471 1961 1511 integerrime
1981 1471 2170 1509 vixerimus,
2191 1476 2300 1503 tamen
2319 1471 2430 1504 istius·

1462 1514 1547 1546 modi
1582 1514 1789 1545 affectionum
1824 1514 2031 1545 vehementia
2064 1514 2259 1554 praeteritae
2289 1515 2430 1547 virtutes

1461 1567 1573 1589 omnes
1603 1562 1853 1597 corrumpantur
1883 1563 1915 1588 et
1945 1556 2165 1588 destruantur.
2211 1555 2431 1596 Quamobrem

1463 1600 1598 1631 affectus
1621 1600 1724 1631 nostri
1748 1605 1823 1631 sunt
1846 1600 1892 1630 ita
1915 1599 2094 1637 fraenandi,
2118 1610 2159 1630 ne
2181 1599 2314 1631 modum
2336 1609 2430 1632 exee-

1463 1642 1562 1674 dant:
1591 1647 1623 1674 et
1651 1643 1686 1674 in
1718 1643 1831 1683 primis
1859 1647 1928 1673 tam
1958 1647 2199 1674 sacrosanctum
2222 1641 2286 1674 Dei
2309 1653 2430 1675 nomen

1462 1685 1649 1723 habeamus,
1669 1696 1710 1717 ne
1722 1685 1804 1716 illud
1818 1695 1972 1725 umquam
1984 1690 2103 1716 temere
2112 1695 2325 1717 assumamus.
2349 1685 2430 1718 an-

1463 1735 1567 1760 terum
1591 1728 1731 1760 formula
1753 1727 1963 1760 iurisiurandi
1987 1738 2051 1768 qua
2063 1727 2172 1759 David
2198 1728 2308 1766 utitur,
2332 1728 2433 1761 male·

1463 1771 1612 1803 dictionis
1647 1771 1912 1812 imprecationem
1942 1771 2095 1802 continet.
2149 1769 2259 1809 Quum
2287 1771 2433 1804 Hebraei

1463 1814 1569 1854 aliqua
1601 1814 1832 1854 imprecatione
1855 1824 1924 1845 sese
1948 1813 2119 1851 devovent,
2144 1814 2252 1845 aiunt:
2276 1813 2329 1846 Ita
2350 1813 2434 1846 mihi

1464 1858 1553 1888 Deus
1586 1858 1702 1895 faciat,
1736 1863 1783 1888 et:
1827 1856 1917 1888 Haec
1947 1856 2027 1887 mihi
2062 1856 2151 1888 Deus
2184 1856 2301 1894 addat,
2334 1855 2429 1898 quasi

1463 1899 1587 1931 dicant:
1616 1899 1668 1931 Ita
1696 1910 1748 1931 me
1778 1900 1868 1931 Deus
1899 1899 2089 1937 ulciscatur,
2118 1899 2143 1930 si
2172 1909 2285 1939 pecco,
2314 1904 2373 1931 aut
2401 1899 2430 1932 si

1463 1943 1620 1973 mentior:
1650 1941 1786 1974 Davidis
1823 1952 1900 1973 vero
1931 1942 2150 1973 iuramentum
2179 1941 2300 1982 aliquid
2329 1941 2429 1974 habet

1463 1985 1637 2026 peculiare:
1661 1985 1824 2016 Dominus
1847 1985 1894 2016 sic
1917 1985 2012 2016 faciat
2035 1984 2176 2016 inimicis
2192 1984 2339 2017 Davidis.
2375 1983 2431 2017 Sic

1463 2028 1584 2059 multos
1618 2028 1768 2059 videmus
1802 2027 1940 2068 obliquis
1971 2026 2181 2059 iurisiurandi
2211 2027 2359 2059 formulis
2388 2027 2429 2059 ad

1463 2071 1623 2102 malitiam
1651 2082 1743 2102 suam
1772 2070 1943 2111 tegendam
1974 2070 2038 2101 uti:
2069 2080 2151 2110 quae
2181 2075 2289 2102 tamen
2320 2070 2430 2102 inania

1463 2118 1538 2144 sunt
1551 2114 1681 2154 effugia,
1701 2119 1733 2145 et
1752 2113 1874 2145 nullius
1892 2113 2048 2144 momenti
2068 2113 2303 2144 excusationes.
2326 2112 2429 2152 Quid-

1463 2156 1539 2196 quid
1563 2157 1604 2187 sit
1627 2156 1788 2187 Davidem
1812 2161 1947 2197 apparet
1969 2155 2099 2187 nomine
2122 2154 2186 2186 Dei
2208 2155 2314 2187 abuti:
2344 2155 2430 2196 quod

1464 2210 1541 2230 sane
1579 2205 1645 2230 tam
1675 2201 1709 2230 in
1739 2199 1847 2230 animo
1877 2209 1972 2239 quam
2004 2199 2035 2229 iu
2065 2208 2119 2229 ore
2149 2197 2260 2229 debuit
2289 2198 2432 2230 habere:

1465 2241 1520 2272 sed
1545 2242 1640 2282 longe
1664 2242 1727 2273 alia
1750 2243 1883 2273 ratione.
1918 2241 2001 2272 Nam
2026 2251 2124 2281 quum
2148 2251 2182 2272 se
2206 2240 2431 2274 vehementius

1465 2284 1633 2316 iracundia
1663 2285 1859 2316 commoveri
1888 2284 2033 2321 sentiret,
2065 2289 2097 2315 et
2120 2284 2153 2314 in
2176 2283 2343 2324 graviores
2365 2284 2430 2316 iras

1466 2327 1621 2358 adversus
1633 2327 1790 2358 Nabalem
1809 2337 2013 2367 consurgere,
2038 2327 2145 2357 Deum
2165 2326 2289 2367 precari
2308 2325 2432 2366 debuit,

1439 2395 1440 2400 ,
1466 2375 1501 2400 ut
1538 2370 1638 2401 animi
1673 2376 1781 2402 metus
1818 2369 1891 2401 illos
1919 2374 2150 2409 compesceret,
2181 2373 2214 2400 et
2243 2373 2432 2410 surgentem

1466 2413 1572 2452 ignem
1604 2413 1836 2454 exstingueret.
1882 2412 1938 2444 Sic
1962 2411 2023 2443 Dei
2054 2422 2170 2443 nomen
2201 2411 2430 2452 invocandum.

1467 2455 1531 2486 Sed
1563 2466 1627 2486 non
1658 2466 1696 2487 ea
1718 2455 1843 2487 ratione
1866 2454 1975 2486 David
1999 2454 2079 2486 illud
2104 2454 2242 2492 invocat,
2265 2455 2319 2495 qui
2342 2458 2430 2486 totus

1467 2499 1514 2528 ira
1544 2504 1745 2536 exaestuans,
1778 2498 1882 2538 ipsum
1914 2497 2019 2538 potius
2043 2497 2171 2529 videtur
2192 2506 2268 2529 suae
2291 2496 2431 2529 crudeli-

1467 2542 1543 2571 tatis
1566 2541 1688 2572 socium
1712 2542 1815 2573 facore
1840 2540 1931 2572 velle.
1977 2540 2061 2571 Nam
2084 2540 2110 2571 si
2134 2539 2244 2580 pravis
2263 2539 2431 2572 affectibus

1468 2583 1598 2623 impulsi
1629 2584 1690 2615 Dei
1713 2594 1828 2615 nomen
1853 2584 2050 2620 invocamus,
2080 2586 2111 2614 ct
2134 2582 2224 2613 illum
2249 2582 2431 2614 adiutorem

1469 2626 1677 2664 advocamus,
1710 2636 1818 2658 nonne
1849 2630 2052 2657 sacrosancta
2082 2625 2184 2665 ipsius
2215 2625 2367 2658 maiestas
2394 2635 2431 2657 ea

1469 2669 1594 2700 ratione
1625 2669 1788 2709 polluitur,
1818 2673 1850 2700 et
1880 2669 1912 2700 in
1943 2668 2149 2709 opprobrium
2181 2667 2291 2699 venit?
2344 2666 2430 2707 Quid
