2551 3044
236 206 297 237 689

235 299 266 330 iu
304 309 340 329 eo
369 299 471 338 ipsius
511 298 607 329 etiam
638 300 772 338 apparet
802 297 919 336 pietas,
954 296 1008 336 qui
1032 296 1101 326 sine
1126 295 1195 325 Deo

235 343 415 381 suscipere,
454 349 510 371 aut
544 340 675 380 aggredi
713 339 791 370 nibil
832 340 948 374 voluit,
986 339 1015 369 id
1051 344 1099 368 est
1134 337 1195 367 nisi

236 385 409 424 impetrata
439 395 457 414 a
482 384 549 413 Deo
582 384 682 413 venia.
730 381 834 421 Saepe
863 382 948 412 enim
981 382 1082 411 multa
1105 380 1196 410 Deus

237 427 418 457 hominibus
450 425 608 465 permittit
639 436 719 464 quae
750 432 856 455 tamen
890 432 921 453 ut
948 424 1032 455 licita
1058 434 1116 453 non
1142 432 1195 461 ap-

236 470 356 509 probat,
382 467 451 499 ideo
476 467 583 498 David
608 467 668 498 Dei
694 467 892 497 voluntatem
917 467 1105 506 interrogat,
1131 476 1199 504 pro-

237 512 330 542 betne
365 521 397 541 se
439 511 547 540 hostes
582 510 742 549 fugientes
777 510 944 548 persequi:
987 509 1120 547 ideoque
1152 518 1199 537 re·

234 564 385 594 sponsum
410 553 524 592 accipit
546 564 563 582 a
590 553 666 590 Deo,
699 552 824 592 probari
850 560 882 582 ut
907 558 1129 590 persequatur:
1154 550 1198 580 sic

236 597 334 637 igitur
357 606 396 626 cx
420 603 510 634 parte
532 605 626 634 quam
649 595 757 633 gravis
782 596 914 625 tentatio
939 595 1033 624 tuerit
1057 592 1196 623 animad-

235 639 408 676 vertimus,
443 648 539 677 quum
572 639 677 668 omnis
709 638 832 668 consilii
866 648 980 676 expers
1015 637 1089 676 quid
1116 638 1198 666 facto

234 691 314 721 opus
337 686 421 711 esset
444 681 618 720 ignoraret,
642 680 696 711 sed
714 681 808 710 etiam
827 681 927 718 ipsius
947 679 1102 710 modestia
1125 688 1197 708 con-

234 723 367 763 spicitur
391 733 489 762 quum
513 734 546 753 se
568 724 633 754 Deo
657 729 757 753 totum
779 723 944 762 permittit,
968 728 999 752 et
1022 723 1066 751 ita
1083 720 1200 760 pendet

234 766 273 796 ab
304 766 404 805 ipsius
436 766 596 800 mandato,
628 773 662 795 ut
686 776 725 795 ue
750 766 860 804 pedem
886 765 1012 804 quidem
1037 765 1106 794 sine
1129 764 1199 802 ipso

234 818 422 848 promovere
448 809 534 839 velit.
562 808 674 838 Virtus
699 819 775 838 sane
799 808 889 838 valde
911 807 1087 844 laudabilis,
1111 816 1197 845 prae-

234 852 344 882 sertim
371 852 401 880 in
427 856 518 881 tanta
543 862 650 881 rerum
675 851 874 881 difficultate.
900 850 1012 889 Neque
1036 850 1119 879 enim
1144 847 1199 878 abs

234 904 268 924 re
294 894 341 924 bis
363 894 396 923 in
420 900 509 923 textu
536 894 689 933 repetitur
709 900 835 933 ereptas
851 893 967 922 Davidi
982 892 1061 922 duas
1083 901 1199 922 uxores

234 935 415 967 Achinoam
441 936 664 966 Iezrahelitem
704 943 736 966 et
761 936 956 975 Abigailem,
997 945 1078 974 quae
1117 943 1200 964 uxor

233 979 339 1009 fuerat
362 978 495 1009 Nabalis
517 979 720 1014 Carmelitae,
753 987 782 1008 et
814 989 925 1008 omnes
950 980 1102 1014 fortunas,
1134 984 1198 1006 tam

233 1031 308 1052 suas
332 1032 428 1060 quam
453 1022 610 1052 sociorum
635 1022 674 1051 ab
701 1022 843 1051 hostibus
868 1027 1055 1060 asportatas,
1081 1026 1114 1050 ut
1138 1029 1199 1058 quo

234 1064 336 1094 maior
366 1064 425 1093 fuit
451 1063 585 1094 Davidis
619 1065 774 1099 anxietas,
810 1071 839 1093 et
870 1063 995 1094 consilii
1027 1063 1136 1102 inopia
1167 1063 1198 1091 in

234 1113 325 1136 tanta
344 1106 541 1143 difficultate,
565 1117 602 1137 eo
625 1108 665 1137 sit
684 1107 883 1146 conspectior
907 1113 939 1136 et
958 1106 1113 1136 illustrior
1132 1104 1200 1134 eius

235 1150 348 1185 virtus,
382 1160 478 1187 quum
510 1160 543 1179 se
574 1150 606 1179 in
631 1149 690 1179 Dei
715 1149 895 1180 obedientia
918 1149 1078 1188 patienter
1101 1148 1200 1177 conti-

234 1193 314 1227 nuit,
339 1198 371 1221 et
390 1193 459 1222 sine
479 1192 579 1231 ipsius
599 1193 685 1222 iussu
707 1192 818 1231 pedem
840 1202 903 1221 non
926 1191 1094 1231 promovit,
1118 1200 1200 1229 quae

234 1245 311 1265 sane
336 1234 395 1264 fuit
418 1234 609 1265 admiranda
636 1235 693 1265 Dei
718 1235 830 1275 gratia.
857 1234 922 1265 Nus
939 1233 1037 1273 igitur
1062 1233 1121 1263 hoc
1145 1244 1199 1262 ex-

234 1277 340 1316 emplo
364 1276 524 1307 discamus
550 1288 606 1308 nos
627 1278 720 1308 malis
738 1278 926 1317 urgentibus
947 1284 977 1307 et
997 1275 1200 1315 passionibus

235 1327 266 1350 ct
281 1320 449 1350 affectibus
468 1319 507 1350 ad
521 1320 755 1360 impatientiam
773 1320 1019 1350 sollicitantibus
1043 1318 1081 1349 ad
1092 1318 1199 1348 Deum

235 1373 421 1402 assurgere,
456 1369 487 1393 et
522 1373 562 1393 ne
598 1363 707 1402 pedem
733 1363 862 1402 quidem
895 1364 963 1392 sine
988 1362 1088 1401 ipsius
1112 1361 1201 1391 iussu

235 1415 373 1439 movere,
405 1412 436 1435 et
460 1406 491 1435 in
517 1406 666 1436 maximis
691 1405 917 1436 afflictionibus
942 1405 1002 1436 hoc
1027 1415 1127 1434 unum
1153 1414 1200 1434 re-

234 1447 375 1478 medium
399 1458 568 1487 quaerere,
600 1455 634 1478 ut
662 1455 901 1479 sacrosanctum
924 1459 958 1478 os
982 1447 1082 1486 ipsius
1106 1448 1204 1476 inter-

235 1500 394 1526 rogemus.
435 1490 587 1521 Diximus
607 1499 714 1521 autem
739 1502 801 1521 non
826 1491 962 1530 amplius
987 1489 1200 1520 adhibendam

236 1533 330 1563 hodie
375 1534 609 1564 caeremoniam
651 1534 739 1564 illam
781 1533 964 1564 assumendi
1001 1532 1199 1563 materialem

235 1575 351 1615 ephod,
375 1576 458 1615 quod
482 1577 545 1606 iam
569 1584 611 1606 stt
634 1576 760 1610 abolita,
786 1587 886 1616 quum
912 1575 1086 1606 habeamus
1105 1585 1203 1606 evan-

236 1619 355 1658 gelium
390 1619 471 1657 quod
497 1619 591 1649 debet
624 1620 788 1650 sufficere:
824 1619 878 1649 sed
912 1625 1036 1657 praeter
1071 1618 1200 1648 univer-

235 1662 334 1692 salem
371 1662 458 1691 illam
499 1662 642 1701 regulam
687 1673 782 1701 quam
826 1662 915 1692 nobis
957 1662 987 1691 in
1034 1661 1201 1699 evangelio

236 1703 387 1735 Christus
411 1704 513 1739 dedit,
546 1705 678 1735 minime
703 1705 914 1735 dubitandum
940 1710 987 1734 est
1010 1703 1087 1743 quin
1112 1703 1201 1734 Deus

234 1747 403 1777 invocatus
433 1757 451 1777 a
481 1747 571 1778 nobis
595 1747 733 1787 singulis
765 1747 938 1777 momentis
969 1754 1091 1776 rectum
1125 1756 1200 1777 con-

236 1789 343 1820 silium
367 1797 529 1829 suggerat,
554 1797 585 1820 et
609 1791 827 1821 crescentibus
851 1790 945 1820 malis
968 1789 1124 1819 adversus
1147 1789 1203 1818 illa

235 1831 412 1862 remedium
445 1834 612 1872 praebeat,
648 1843 683 1863 ac
719 1843 752 1863 re
783 1834 851 1872 ipsa
883 1832 967 1871 quod
999 1834 1031 1862 in
1064 1832 1202 1862 Psalmis

236 1875 366 1905 docetur
390 1876 547 1914 experriri
573 1887 628 1906 nos
660 1876 762 1907 faciat⁴
795 1875 965 1906 custodiam
989 1874 1121 1905 Israc³lts
1144 1884 1203 1904 non

235 1918 413 1949 dormitare.
448 1920 502 1949 Sic
526 1919 625 1957 igitur
651 1917 784 1949 Davidis
808 1918 992 1957 exemplum
1017 1917 1107 1948 nobis
1130 1917 1202 1947 imi-

235 1962 370 1990 tandum
394 1967 458 1999 est,
491 1968 523 1991 ut
549 1962 720 2001 diligenter
744 1961 806 1991 Dei
830 1960 963 1991 verbum
990 1960 1140 1999 legamus,
1172 1965 1203 1990 et

236 2014 316 2042 quae
339 2013 370 2032 in
395 2014 430 2033 eo
461 2005 581 2043 scripta
610 2011 686 2035 sunt
710 2005 740 2034 iu
768 2012 908 2034 nostram
934 2003 1104 2033 utilitatem
1132 2014 1202 2034 con-

236 2053 417 2076 vertamus:
449 2046 564 2077 deinde
589 2055 622 2077 ut
647 2047 671 2077 si
697 2048 851 2077 fuerimus
876 2048 986 2084 inopes
1011 2046 1146 2081 consilii,
1171 2050 1202 2076 et

237 2088 343 2118 nuilus
367 2097 520 2128 appareat
540 2100 578 2120 ex
603 2089 848 2120 difficultatibus
872 2090 985 2125 exitus,
1017 2094 1049 2118 et
1072 2089 1105 2118 in
1131 2089 1203 2119 hos-

238 2129 318 2159 tium
339 2138 526 2169 potestatem
547 2133 675 2163 iamiam
698 2132 825 2162 venturi
847 2131 1022 2166 videamur,
1043 2131 1080 2161 ad
1095 2130 1203 2161 Deum

239 2178 384 2202 nostrum
414 2175 601 2205 ardentibus
627 2175 773 2215 precibus
795 2181 826 2205 et
849 2174 1048 2205 orationibus
1072 2184 1203 2204 conver-

240 2219 353 2250 tamur,
377 2226 469 2254 quem
485 2224 606 2247 certum
631 2224 677 2248 est
695 2226 866 2257 momento,
889 2225 999 2248 contra
1019 2216 1203 2256 opinionem

239 2262 271 2287 et
286 2261 556 2296 exspectationem
572 2262 726 2297 omnium,
749 2261 918 2291 consilium
935 2266 965 2290 et
982 2260 1068 2290 vires
1088 2269 1204 2299 suppe—
1229 2281 1231 2300 1,

241 2299 426 2337 ditaturum,
450 2302 564 2340 quibus
601 2303 649 2332 vel
687 2304 927 2342 potentissimos
964 2302 1075 2333 hostes
1108 2312 1202 2341 supe-

240 2352 357 2372 remus.

327 2384 374 2415 Ita
410 2385 554 2416 videmus
591 2387 651 2417 hoc
695 2387 762 2418 loco
786 2388 906 2419 Davidi
937 2397 1141 2430 responsum:
1179 2387 1202 2424 Ι,

242 2438 434 2467 persequere
454 2428 569 2464 hostes,
595 2439 668 2458 nam
692 2430 822 2460 omnino
842 2431 1019 2469 assequeris
1043 2437 1075 2460 et
1095 2429 1202 2460 debel-

241 2471 331 2501 labis.
387 2471 457 2501 Duo
488 2478 562 2500 sunt
600 2470 693 2501 huius
724 2474 866 2511 responsi
896 2473 1009 2512 capita.
1056 2473 1202 2503 Primum

241 2513 327 2543 enim
352 2513 441 2543 Deus
466 2513 583 2543 Davidi
622 2519 808 2552 potestatem
846 2516 921 2545 facit
959 2516 1065 2546 hostes
1099 2526 1203 2554 perse-

241 2556 369 2596 quendi.
396 2556 521 2586 Deinde
536 2556 779 2595 promissionem
803 2557 910 2588 adiicit.
934 2557 1092 2588 victoriae.
1115 2557 1203 2588 Hinc

242 2599 381 2638 primum
424 2599 582 2629 discamus
619 2597 790 2631 diligenter
821 2599 882 2629 Dei
917 2599 1118 2630 voluntatem
1153 2601 1202 2631 in—

242 2652 393 2681 quererc,
418 2648 545 2671 nostrae
570 2641 755 2680 fragilitatis
778 2648 809 2672 et
832 2641 1059 2672 imbecillitatis
1082 2644 1114 2672 iu
1138 2653 1204 2673 om-

327 2692 436 2719 Galvini
454 2700 545 2725 opera.
586 2691 641 2717 Vol.
656 2691 751 2717 XXX.

883 203 931 233 IN
954 203 978 233 I.
1004 202 1091 233 LIB.
1116 199 1316 232 SAMUEL.
1341 200 1436 229 (¹AP.
1460 199 1572 230 XXX.

1229 2603 1230 2614 l

1229 2615 1232 2665 l

2157 200 2219 230 1390

1250 292 1343 323 nibus
1366 293 1506 324 consiliis
1536 293 1651 323 nostris
1676 303 1848 323 memores:
1880 297 1914 322 ut
1939 292 2092 332 quidqtiid
2118 293 2218 324 susci-

1251 336 1355 374 pimus
1395 346 1470 365 vera
1505 336 1562 365 Dei
1599 336 1780 365 obedientia
1811 337 1949 365 nitatur:
1990 335 2106 365 deinde
2146 347 2218 375 pro-

1252 377 1434 408 missionem
1464 379 1561 408 etiam
1594 379 1692 408 felicis
1729 379 1833 408 oximis
1871 388 2111 417 exq‘nfetetuus,
2147 379 2217 409 siue

1251 431 1313 460 qua
1337 420 1417 450 nihil
1444 420 1503 450 nisi
1536 421 1677 457 seguiter
1702 428 1864 459 prm—stare
1890 431 2064 460 pesscmus,
2092 429 2124 450 et
2148 421 2218 451 aui-

1252 473 1340 493 mum
1369 463 1427 493 Dei
1460 463 1582 493 viribus
1613 463 1756 493 destituti
1789 463 2068 502 desponderemus.
2116 463 2218 494 Porro

1252 505 1424 545 Vtgilantes
1447 516 1516 535 esse
1540 516 1596 535 nos
1620 512 1745 544 oportet
1769 506 1799 535 in
1826 506 2023 545 rxcipicudis
2045 506 2103 536 Dei
2131 518 2218 536 inan-

1251 548 1334 578 datis
1365 555 1396 578 et
1427 548 1538 578 iisdem
1571 548 1749 587 implendis,
1798 549 1879 578 Nam
1906 549 1956 578 nbi
1983 548 2071 579 Deus
2096 548 2218 588 aliquid

1253 591 1402 629 promisit
1418 596 1451 620 et
1473 590 1541 620 fieri
1566 591 1657 620 iussit
1683 598 1787 620 ratum
1811 591 1890 621 illud
1909 595 1972 621 tore
1992 599 2076 621 certa
2103 592 2218 622 fiducia

1251 632 1381 664 credere
1394 633 1556 663 debemus.
1583 633 1689 663 David
1703 634 1786 663 enim
1803 634 1860 664 Dei
1881 637 1978 664 frctus
1998 634 2218 673 promissioni-

1253 676 1310 707 bus
1361 686 1522 714 uunquam
1569 686 1624 715 spe
1664 687 1722 706 sua
1758 675 1895 712 decidit,
1932 687 2032 715 neque
2076 687 2217 715 unquam

1252 730 1324 749 eum
1350 718 1512 748 Dominus
1543 726 1591 748 est
1621 720 1802 755 frustratus,
1836 731 1871 748 ac
1897 719 2029 758 proinde
2052 730 2218 758 speremus

1252 763 1350 792 etiam
1381 773 1437 791 nos
1469 760 1508 791 ad
1538 760 1643 799 ipsum
1678 772 1751 791 vcra
1783 762 1962 791 humilitate
1992 768 2023 791 et
2047 772 2122 792 vera
2157 762 2218 792 tide

1252 805 1490 843 confugientes,
1526 810 1557 833 et
1590 803 1746 833 auxilium
1780 804 1880 843 ipsius
1917 810 2076 842 petentes,
2112 804 2219 834 Deum

1253 857 1418 886 nunquam
1444 847 1685 876 frustratur-um.
1728 846 1844 876 Vocem
1870 846 1996 886 quidem
2022 848 2123 877 fateor
2148 847 2220 877 nul-

1254 891 1314 920 lam
1342 889 1434 920 hodie
1459 888 1634 923 audiemus,
1658 896 1688 918 et
1714 889 1836 919 nullum
1861 901 1989 929 siguum
2015 890 2157 920 exterius
2181 888 2221 920 ad

1254 932 1462 963 revelandum
1499 931 1590 961 nobis
1617 932 1674 961 Dei
1700 932 1867 962 consilium
1901 932 2133 971 percipiemus,
2164 931 2219 962 sed

1254 982 1362 1006 tamen
1381 974 1470 1005 Deus
1488 973 1692 1013 respondebit
1712 974 1945 1013 consiliumque
1965 982 2121 1014 quantum
2139 985 2220 1014 opus

1253 1019 1313 1049 erit
1345 1016 1571 1057 suppeditabit.
1619 1016 1700 1046 Nam
1733 1017 1815 1055 quod
1846 1017 1884 1047 de
1908 1017 2033 1047 Davule
2065 1017 2117 1048 hic
2142 1017 2219 1048 dici-

1253 1066 1324 1098 tur,
1358 1071 1421 1090 non
1457 1059 1593 1099 speciale
1624 1059 1752 1098 aliquod
1785 1060 1989 1098 privilegium
2021 1066 2128 1094 notat.
2164 1059 2221 1090 sed

1254 1110 1358 1143 potius
1383 1102 1524 1133 declarat
1548 1102 1632 1132 idem
1660 1102 1750 1132 uobis
1770 1104 2019 1141 exspectandum
2041 1102 2220 1139 consilium,

1253 1153 1284 1177 et
1315 1156 1379 1176 non
1410 1144 1622 1176 dubitandum
1653 1145 1729 1184 quin
1758 1145 1843 1175 Dens
1876 1146 1964 1175 nobis
1996 1145 2101 1185 ipsum
2130 1146 2221 1176 invo-

1252 1188 1398 1220 cantibus
1438 1187 1595 1218 auxilium
1637 1198 1734 1226 quum
1781 1198 1861 1227 opus
1908 1189 1970 1218 erit
2013 1190 2134 1218 laturus
2168 1188 2219 1225 sit,

1253 1230 1512 1272 quandoquidem
1538 1230 1729 1260 nominatim
1755 1241 1811 1269 per
1834 1237 2023 1269 propnetam
2050 1232 2221 1270 profitetur

1254 1286 1348 1305 aures
1372 1285 1446 1304 suas
1466 1273 1660 1313 propinquas
1684 1284 1752 1303 csse
1776 1274 1923 1303 omnibus
1948 1274 2052 1312 ipsum
2078 1273 2111 1303 in
2137 1274 2221 1303 veri-

1255 1324 1319 1348 tate
1354 1317 1601 1356 quaerentibus,
1643 1320 1673 1345 et
1698 1316 1804 1346 oculos
1839 1317 1981 1346 intentos
2020 1317 2051 1346 in
2083 1327 2135 1347 eos
2167 1316 2222 1355 qui

1254 1360 1411 1391 auxilium
1435 1359 1534 1398 ipsius
1558 1364 1754 1397 exspectant.
1785 1358 1988 1398 Responsum
2013 1359 2112 1398 igitur
2136 1358 2222 1393 istud

1254 1403 1372 1433 Davidi
1401 1403 1521 1432 factum
1553 1407 1677 1431 eertum
1710 1408 1741 1431 et
1764 1401 1980 1431 indubitatum
2005 1410 2051 1431 est
2077 1402 2221 1432 testimo-

1255 1448 1343 1476 nium
1359 1444 1595 1479 auxiliidivini,
1616 1445 1739 1483 quoties
1762 1444 1839 1474 nihil
1862 1451 1980 1474 temere
1999 1444 2222 1484 suscipiemus,

1254 1489 1308 1519 sed
1341 1499 1358 1518 a
1382 1487 1452 1518 Deo
1482 1487 1537 1517 toti
1562 1486 1787 1526 pendebimus,
1817 1493 1847 1516 et
1876 1487 1909 1517 in
1946 1487 2045 1526 ipsius
2069 1487 2221 1527 obsequio

1254 1542 1311 1562 nos
1342 1529 1586 1562 continebimus.
1639 1529 1687 1559 Ne
1721 1529 1821 1567 igitur
1856 1530 2029 1559 multorum
2061 1530 2222 1560 insaniam

1255 1574 1349 1604 hodie
1390 1574 1572 1608 imitemur,
1614 1573 1667 1611 qui
1706 1583 1739 1602 se
1775 1573 2002 1611 praescriptam
2039 1572 2169 1611 quidem
2205 1583 2223 1603 a

1255 1617 1394 1647 Domino
1419 1617 1503 1646 viam
1529 1615 1619 1654 sequi
1644 1615 1725 1645 velle
1749 1614 1866 1651 dicant,
1891 1622 1919 1644 et
1945 1615 2223 1654 opportunitatem

1255 1666 1398 1699 tempore
1416 1659 1505 1695 scire,
1530 1657 1623 1687 modo
1641 1658 1782 1687 externis
1802 1657 1961 1696 aliquibus
1985 1658 2087 1697 signis
2111 1658 2223 1688 volun-

1255 1709 1355 1733 tatem
1378 1712 1469 1732 suam
1487 1701 1576 1731 Deus
1601 1701 1677 1739 ipsis
1698 1700 1900 1739 patefaceret.
1926 1699 1991 1731 sed
2012 1711 2111 1740 quum
2134 1701 2224 1731 Deus

1256 1746 1457 1776 voluntatem
1482 1753 1572 1774 suam
1597 1743 1693 1773 verbo
1718 1753 1773 1773 suo
1799 1743 1994 1782 patefecerit,
2020 1744 2094 1782 quid
2121 1744 2225 1782 pluri-

1256 1789 1313 1819 bus
1346 1798 1427 1827 opus
1458 1786 1527 1817 est?
1577 1786 1623 1816 Ne
1661 1785 1797 1824 denique
1830 1785 2012 1825 hypocritas
2049 1787 2223 1824 imitemur,

1255 1831 1309 1871 qui
1333 1832 1392 1861 sibi
1418 1830 1523 1860 Deum
1556 1829 1739 1859 devinctum
1775 1827 1973 1858 arbitrantur
1996 1839 2094 1867 quum
2119 1829 2225 1868 ipsum

1254 1875 1466 1908 invocarunt,
1490 1879 1520 1902 et
1545 1872 1572 1901 si
1599 1882 1660 1901 uon
1688 1879 1819 1910 repente
1843 1872 1941 1910 ipsius
1966 1871 2124 1901 auxilium
2149 1882 2223 1902 sen-

1256 1919 1338 1947 tia-nt
1368 1916 1576 1946 vehementer
1605 1913 1832 1953 indignantur,
1864 1920 1896 1944 et
1926 1914 1986 1953 ipsi
2018 1914 2114 1944 etiam
2140 1914 2226 1945 oblo-

1256 1966 1416 2000 quuntur,
1452 1957 1535 1996 quod
1572 1967 1635 1986 nou
1669 1957 1838 1987 invocatus
1869 1958 1907 1986 ab
1939 1957 2016 1995 ipsis
2039 1958 2148 1987 statim
2174 1968 2223 1988 re-

1256 2002 1435 2043 sponderit:
1456 2006 1487 2031 et
1502 2000 1603 2029 inulta
1617 2006 1778 2038 satagunt,
1793 2006 1825 2029 et
1842 1998 2052 2038 undecunque
2066 1999 2224 2030 auxilium

1256 2052 1431 2086 quaerunt,
1461 2043 1515 2073 sed
1541 2042 1655 2081 quibus
1681 2041 1809 2071 tandem
1835 2041 1926 2072 Deus
1951 2052 2015 2072 non
2042 2046 2222 2081 respondet,

1256 2090 1332 2128 quin
1354 2087 1459 2127 potius
1484 2086 1516 2115 in
1541 2085 1768 2115 difficultatum
1788 2085 1949 2123 angustiis
1970 2095 2033 2115 non
2055 2085 2224 2116 exauditos

1257 2130 1423 2169 relinquit;
1458 2127 1540 2168 quod
1576 2129 1676 2167 ipsius
1708 2127 1815 2157 Saulis
1844 2127 1993 2166 exemplo
2027 2128 2119 2166 paulo
2150 2134 2225 2158 ante

1259 2175 1415 2210 vidimus,
1460 2172 1513 2210 qui
1552 2171 1655 2200 Deum
1691 2170 1820 2209 quidem
1855 2176 1886 2200 et
1920 2171 1989 2200 eius
2027 2170 2224 2201 voluntatem

1257 2216 1355 2247 variis
1385 2213 1487 2245 modis
1518 2213 1738 2252 interrogavit,
1773 2212 1828 2243 sed
1852 2213 1904 2243 cui
1931 2214 2027 2251 Deus,
2052 2214 2136 2252 quod
2161 2224 2224 2243 non

1256 2270 1334 2290 vera
1354 2257 1431 2288 fides
1452 2267 1553 2296 neque
1574 2256 1769 2295 poenitentia
1789 2256 2002 2291 invocaretur,
2028 2256 2151 2285 nullum
2175 2266 2225 2286 re-

1255 2311 1410 2341 sponsum
1446 2299 1541 2330 dedit.
1598 2298 1693 2328 Hauc
1727 2298 1826 2338 igitur
1859 2298 2038 2327 doctrinam
2075 2297 2224 2328 meditari

1228 2345 1313 2375 ''nos
1350 2343 1522 2382 diligenter
1546 2347 1691 2380 oportet,
1726 2348 1756 2370 et
1781 2346 1932 2379 tanquam
1969 2341 2156 2369 thesaurum
2191 2342 2225 2370 in

1256 2387 1373 2417 animis
1393 2384 1574 2420 recondere,
1600 2390 1632 2413 ut
1656 2393 1755 2422 quum
1775 2384 1805 2412 in
1828 2382 2005 2412 istiusmodi
2027 2383 2224 2412 tentationes

1256 2428 1474 2463 inciderimus,
1500 2438 1563 2457 non
1582 2427 1775 2456 fluctuemus
1794 2425 1918 2454 consilii
1938 2425 2056 2463 inopes,
2081 2430 2113 2454 et
2137 2431 2224 2455 metu

1255 2483 1290 2503 ac
1326 2478 1447 2501 terrore
1490 2469 1728 2509 praeoccupati,
1770 2467 1853 2506 quod
1892 2467 2080 2505 plerumque
2115 2474 2223 2498 tamen

1257 2522 1385 2554 propter
1413 2512 1583 2552 segnitiem
1620 2511 1786 2540 homiuum
1817 2512 1968 2548 contigit.
2001 2518 2035 2538 ut
2066 2510 2134 2540 Deo
2166 2521 2224 2541 nos

1256 2562 1425 2588 exercente
1465 2555 1571 2593 aliqua
1606 2554 1782 2582 tentatione
1825 2551 1899 2590 quid
1934 2562 2067 2591 agamus
2108 2553 2224 2584 incerti

1230 2596 1231 2601 ¹
1257 2601 1367 2633 simus.
1392 2604 1424 2628 et
1443 2597 1616 2636 gemitibus
1640 2603 1672 2625 et
1690 2594 1884 2624 clamoribus
1897 2594 2004 2624 omnia
2025 2594 2226 2633 repleamus:

1257 2642 1312 2674 sed
1351 2640 1444 2672 malis
1480 2639 1598 2669 nostris
1632 2637 1810 2668 remedium
1846 2637 1972 2667 nullum
2006 2637 2224 2670 inveniamus.

2031 2686 2066 2712 44
