2551 3044
360 207 400 240 99
1191 205 1393 239 HOMILIA
1417 205 1507 238 LIII.

362 303 459 334 homo
482 308 575 332 extra
598 311 632 331 se
654 301 777 340 positus
799 300 959 332 exclamat
984 302 1042 333 Dei
1069 311 1183 332 nomen
1208 300 1322 332 videns

363 346 393 376 in
417 350 635 383 contemptum
660 344 782 382 venire,
805 349 837 374 et
859 353 949 375 suam
974 354 1132 384 quemque
1156 343 1244 383 sequi
1267 353 1322 375 cu-

362 387 538 428 piditatem,
569 387 657 426 quasi
683 386 742 417 Dei
773 385 895 416 iustitia
921 387 1043 419 abiecta
1075 386 1184 416 mundi
1209 386 1323 426 guber-

364 430 495 461 natione
523 440 555 459 iu
586 427 672 460 coelo
702 428 871 460 desideret.
916 429 1132 468 Quamobrem
1166 428 1322 468 propheta

364 473 433 504 istis
461 472 546 502 curis
573 472 714 511 agitatus
748 470 787 502 ad
821 477 1001 503 extremum
1035 473 1179 512 angitur,
1213 479 1245 502 et
1279 475 1348 502 ait'

364 515 541 546 Dominum
565 513 770 553 compellans,
797 514 932 546 Domine
956 516 1002 546 tui
1038 515 1175 545 nominis
1205 515 1319 545 menti—

364 568 457 588 onem
482 557 619 597 amplius
644 567 704 587 non
727 557 850 588 faciam.
886 557 1031 588 Profecto
1053 568 1116 587 nou
1130 556 1321 587 abhorrebat

364 611 381 630 a
407 600 465 631 Dei
491 600 636 630 nomine:
667 598 722 629 sed
751 609 825 629 suas
855 609 947 631 curas
978 609 1009 630 et
1031 601 1144 630 anxias
1167 598 1319 630 sollicitu—
1345 629 1347 636 ,

364 643 455 673 dines
485 648 517 673 et
545 651 687 672 summos
715 641 840 672 dolores
870 643 913 673 ita
943 653 1015 674 cum
1048 643 1115 674 Deo
1143 642 1319 673 communi-

365 685 464 722 cabat,
488 693 518 715 et
542 685 659 724 quibus
684 685 824 715 maxime
846 684 1010 717 doloribus
1029 693 1204 725 angeretur
1217 685 1318 724 expli-

365 730 466 763 cabat,
490 729 579 767 quasi
604 727 706 758 dicat:
730 726 823 758 Eheu
839 726 990 765 Domine,
1014 738 1073 769 ego
1097 738 1166 758 sum
1180 728 1319 758 miseret
1346 743 1347 750 κ

365 781 465 810 paene
479 770 517 801 de
531 770 671 807 relictus,
695 769 771 809 quid
784 779 859 808 ergo
873 769 912 801 de
924 781 975 802 me
989 772 1132 802 futurum
1147 776 1204 806 est,
1229 771 1254 801 si
1269 781 1320 801 no-

366 824 436 844 men
453 822 544 843 tuum
562 813 640 843 sinis
658 813 701 843 ita
715 813 901 852 profanari?
935 812 1044 852 Quare
1059 814 1230 853 diligenter
1242 812 1321 844 haec

366 856 461 887 verbu
486 863 562 885 suut
581 855 774 892 meditanda,
798 854 941 887 Samueli
955 857 1152 897 displicuisse
1166 856 1319 886 reiectum

367 898 509 937 Saulem,
533 906 564 929 et
589 907 645 938 pro
668 908 704 928 eo
729 905 794 928 tota
818 905 910 930 nocte
933 899 971 929 ad
995 900 1097 930 Deum
1121 899 1318 929 clamavisse.

366 941 437 972 Hac
467 942 567 980 igitur
598 940 664 971 sola
688 941 812 971 ratione
832 941 864 972 in
888 943 1021 972 summis
1043 941 1197 981 angustiis
1221 941 1320 971 animi

366 991 397 1015 et
420 983 666 1015 difficultatibus
689 984 853 1014 constituti
878 993 1089 1024 emergemus,
1119 984 1144 1014 si
1176 983 1322 1023 precibus

366 1027 404 1057 ad
429 1027 530 1057 Deum
556 1026 788 1065 confugiamus,
823 1025 898 1058 Sola
923 1037 998 1068 ergo
1023 1028 1103 1058 ratio
1121 1027 1322 1058 difficultates

367 1079 479 1099 omnes
502 1069 684 1108 superandi,
708 1076 739 1098 et
761 1069 841 1099 iram
858 1068 917 1099 Dei
942 1070 1098 1109 placandi,
1122 1070 1152 1099 in
1177 1070 1322 1099 oratione

367 1111 405 1142 ad
433 1112 547 1148 Deum,
571 1119 601 1142 et
626 1113 656 1141 iu
681 1111 861 1142 obedientia
886 1113 987 1151 ipsius
1011 1113 1164 1143 consistit.
1200 1112 1322 1150 Quam-

365 1155 472 1185 obrem
507 1156 600 1184 etiam
633 1164 803 1185 monemur
832 1155 864 1185 in
889 1155 1028 1185 Psalmis
1053 1165 1069 1185 a
1098 1155 1259 1194 propheta,
1290 1155 1321 1184 in

367 1197 427 1227 Dei
452 1197 557 1227 sinum
580 1206 673 1227 curas
696 1207 806 1227 omnes
830 1205 957 1228 nostras
979 1198 1146 1228 coniicere.
1191 1197 1273 1227 Nam
1297 1197 1322 1227 si

367 1249 458 1270 secus
487 1239 667 1275 fecerimus,
704 1241 824 1270 frustra
854 1240 1082 1276 laborabimus,
1115 1248 1144 1270 et
1176 1241 1322 1270 fraenum

366 1288 511 1313 nostrum
542 1281 738 1313 arrodemus.
786 1282 942 1322 Exemplo
972 1291 1038 1313 esto
1067 1283 1166 1314 bonus
1189 1283 1242 1312 ille
1268 1293 1323 1313 rex

367 1325 530 1358 Ezechias,
555 1334 648 1364 quem
671 1325 815 1355 videmus
835 1325 952 1356 auditis
964 1325 1158 1365 blasphemis
1172 1326 1203 1355 in
1217 1324 1322 1355 Deum

369 1367 499 1399 vocibus
524 1368 610 1407 iinpii
633 1367 722 1397 illius
743 1367 911 1402 Rabsaces,
933 1373 1035 1398 totum
1059 1369 1268 1404 cohorruisse,
1292 1374 1323 1398 et

367 1411 398 1441 in
430 1410 564 1441 summis
594 1410 752 1450 angustiis
781 1411 877 1441 fuisse
907 1412 1126 1442 constitutum.
1178 1411 1324 1441 Profecto

367 1452 488 1483 multae
520 1462 697 1492 gravesque
731 1462 844 1484 causae
881 1453 1029 1484 videntur
1056 1455 1236 1485 Samuelem
1273 1453 1324 1484 hic

368 1495 584 1535 perturbasse,
623 1504 720 1534 quum
756 1496 910 1536 cogitaret
944 1496 1002 1527 Dei
1038 1507 1152 1527 nomen
1188 1496 1324 1527 dedecus

369 1537 496 1578 aliquod
526 1547 706 1578 passurum,
741 1544 771 1568 et
801 1538 918 1578 impios
947 1538 1094 1570 homines
1127 1539 1323 1570 occasionem

370 1580 524 1612 adversus
558 1580 663 1611 Deum
700 1579 943 1620 blasphemandi
984 1588 1186 1622 accepturos,
1228 1581 1325 1613 Saule

370 1624 487 1654 reiecto
517 1629 550 1654 et
582 1628 798 1654 exauctorato.
843 1623 925 1654 Nam
957 1622 1118 1656 Samuelis
1149 1625 1324 1655 ministerio

369 1673 486 1697 unctus
510 1666 624 1703 fuerat,
648 1671 679 1696 et
703 1666 742 1696 ab
765 1666 833 1705 ipso
845 1665 915 1697 Deo
938 1677 954 1697 e
978 1674 1043 1698 tota
1066 1667 1155 1706 plebe
1179 1668 1324 1704 selectus,

370 1715 402 1739 et
429 1709 468 1739 ad
500 1709 620 1749 regiam
650 1708 840 1748 dignitatem
874 1716 1019 1741 vocatus:
1051 1720 1148 1749 quare
1178 1711 1240 1740 iam
1270 1710 1325 1740 illo

368 1758 576 1782 exauctorato
631 1751 800 1782 videbatur
847 1751 1036 1783 tantundem
1077 1752 1115 1783 de
1167 1752 1326 1784 Samuelis

369 1794 541 1825 autoritate
564 1799 594 1824 et
619 1793 781 1825 doctrinae
805 1794 905 1834 ipsius
927 1794 991 1826 fide
1021 1795 1163 1826 detrahi:
1197 1806 1231 1826 ac
1256 1806 1327 1835 pro-

370 1838 444 1867 inde
468 1836 529 1867 Dei
553 1836 673 1867 cultum
703 1837 804 1867 everti
836 1846 965 1868 necesse
995 1847 1073 1875 esse,
1107 1848 1327 1878 summamque

371 1880 402 1910 in
428 1879 579 1919 populum
605 1879 878 1919 perturbationem
903 1890 1073 1920 rerumque
1092 1882 1233 1911 omnium
1253 1892 1326 1911 con-

371 1923 527 1953 fusionem
559 1922 678 1952 invehi.
724 1922 795 1953 Hae
825 1932 902 1953 sane
931 1933 1045 1954 causae
1074 1922 1256 1955 Samuelem
1289 1924 1326 1954 ad

374 1971 494 1996 tantam
530 1965 781 1999 indignationem
816 1965 1021 2005 impulerunt.

374 2009 470 2038 miam
496 2008 639 2048 graviter
661 2008 858 2044 afflixerunt,
879 2018 976 2048 quum
997 2014 1124 2040 veretur
1137 2019 1176 2039 ne
1189 2008 1327 2040 oblatam

374 2051 572 2081 occasionem
596 2050 733 2090 populus
757 2050 827 2081 Deo
850 2051 1042 2091 obloquendi
1071 2051 1212 2091 arripiat,
1243 2057 1274 2081 et
1295 2053 1326 2082 in
1352 2047 1354 2082 J

375 2093 578 2132 blasphemas
613 2103 705 2123 voces
740 2099 902 2132 erumpat,
941 2093 1057 2134 quibus
1090 2101 1326 2125 sacrosanctum

375 2221 528 2251 tationem
555 2221 641 2251 novit
664 2229 693 2251 et
713 2222 865 2260 sequitur,
889 2221 1042 2253 Ieremias
1062 2232 1137 2253 vero
1157 2232 1221 2252 non
1240 2222 1326 2259 item,

375 2263 428 2294 sed
453 2262 685 2302 quodammodo
714 2264 970 2303 subringcbatur.
1005 2270 1037 2295 et
1067 2265 1210 2296 fraenum
1242 2273 1327 2295 arro—

376 2305 479 2340 debat.
504 2315 584 2345 quae
607 2306 666 2336 sibi
691 2307 877 2345 contigisset
900 2307 1045 2338 intuitus.

375 2433 533 2465 iacentem
557 2434 668 2470 erexit,
692 2443 728 2463 ac
751 2434 851 2464 veluti
876 2436 969 2466 novis
988 2436 1110 2467 viribus
1130 2436 1229 2466 auxit.
1262 2435 1328 2466 Nos

377 2477 483 2515 itaque
513 2477 672 2507 discamus
703 2475 785 2507 hanc
809 2477 985 2508 doctrinam
1010 2479 1042 2508 in
1068 2488 1159 2508 usum
1183 2483 1327 2508 nostrum

379 2525 519 2550 vertere:
551 2526 581 2549 et
610 2520 860 2559 quotiescunque
891 2520 988 2550 variis
1011 2520 1204 2561 agitabiniur
1226 2525 1327 2551 tenta·
1354 2520 1355 2531 ¹

378 2561 534 2598 tionibus,
571 2568 603 2592 et
643 2561 675 2591 in
710 2571 853 2592 summas
886 2562 1091 2594 difficultates
1125 2563 1330 2593 inciderimus

378 2612 507 2644 propter
532 2604 637 2635 varias
660 2613 767 2635 rerum
798 2606 1032 2643 conversiones,
1062 2604 1101 2636 ad
1126 2605 1230 2636 Deum
1254 2614 1328 2637 con—

378 2646 536 2687 fugiamus
559 2654 590 2677 et
612 2647 672 2677 sub
694 2646 795 2686 ipsius
817 2657 913 2679 manu
937 2647 1140 2680 deiiciamur:
1165 2652 1197 2679 et
1215 2648 1248 2679 in
1268 2648 1355 2688 pri-

1353 2227 1354 2238 ³
1381 2221 1498 2253 haberi.

1088 2308 1207 2338 Verum
1233 2306 1328 2347 longe
1352 2304 1354 2330 ἶ

376 2350 521 2388 superior
544 2347 725 2378 hominibus
750 2350 808 2379 fuit
827 2348 924 2385 Deus,
949 2351 1001 2389 qui
1026 2350 1166 2381 bonitate
1189 2359 1248 2380 sua
1271 2350 1327 2380 im·
1353 2359 1354 2366 ¹

377 2401 487 2421 mensa
516 2397 639 2420 tantam
671 2391 753 2421 servi
785 2392 834 2422 sui
865 2392 1074 2433 fragilitatem
1105 2392 1263 2429 toleravit,
1297 2398 1328 2422 et
1353 2394 1354 2401 ¹

1353 2591 1354 2594 ,
1380 2562 1506 2594 diversa
1529 2568 1604 2594 sunt
1627 2564 1698 2594 ista.

2278 208 2338 240 100

1375 301 1436 332 mis
1465 300 1546 332 nihil
1576 311 1615 332 ex
1646 300 1735 332 uobis
1759 302 1836 342 ipsis
1859 301 2095 342 aggrediamur.
2140 300 2207 333 Sed
2230 304 2336 342 potius

1375 343 1562 375 ardentibus
1581 352 1611 374 et
1634 343 1889 375 indesinentibus
1902 345 1987 375 votis
2001 344 2104 375 Deum
2119 344 2338 384 sollicitemus,

1348 415 1349 419 ,
1375 394 1405 417 et
1429 387 1461 417 in
1487 388 1554 426 ipso
1577 386 1644 417 solo
1667 386 1816 418 solatium
1842 397 2050 427 quaeramus:
2075 387 2175 419 donec
2190 387 2278 419 Deus
2301 399 2336 420 re

1374 429 1443 469 ipsa
1466 428 1595 460 tandem
1621 430 1792 469 patefaciat
1816 440 1874 460 sua
1894 430 2020 462 iudicia.
2041 440 2103 460 nou
2125 436 2248 461 tantum
2267 441 2337 462 esse

1373 472 1472 510 iusta,
1515 472 1570 503 sed
1605 474 1700 502 etiam
1737 472 1872 503 salutem
1916 480 1946 503 et
1982 472 2153 503 utilitatem
2196 479 2336 505 nostram

1346 530 1347 555 1
1372 522 1528 554 spectare.

1459 557 1526 588 lam
1552 567 1630 587 vero
1654 557 1747 596 agite,
1771 559 1821 588 etc.

1664 725 1906 766 HOMILIA
1935 728 2042 766 LllI-

1460 812 1507 842 12.
1525 812 1684 851 Quumque
1702 811 1738 842 cle
1760 815 1842 843 nocte
1864 813 2051 844 surrexisset
2064 812 2200 851 Samuel,
2223 817 2256 844 ut
2278 815 2335 845 iret

1371 855 1414 886 ad
1439 855 1515 885 Saul
1537 864 1635 890 mane,
1667 855 1846 885 nunciatum
1876 858 1918 886 est
1943 854 2090 887 Samueli,
2120 866 2153 887 eo
2182 856 2261 895 quod
2290 867 2336 888 ve-

1372 899 1467 929 nisset
1491 896 1569 928 Saul
1597 898 1632 928 in
1665 896 1848 936 Carmelum,
1877 901 1903 928 et
1930 899 2074 929 erexisset
2103 898 2164 929 sibi
2185 899 2336 937 fornicem

1372 940 1601 979 triumphalem,
1625 942 1651 971 et
1674 949 1814 971 reversus
1834 941 2001 971 transisset
2019 941 2280 981 descemlissetque
2301 941 2336 973 in

1375 983 1523 1023 Galyala.
1577 982 1625 1013 13.
1659 981 1701 1013 Et
1730 992 1823 1022 quum
1852 984 1981 1014 venisset
2014 983 2140 1015 Samuel
2174 984 2216 1015 ad
2248 984 2334 1022 Saul,

1372 1026 1455 1057 dixit
1477 1026 1504 1056 ei
1517 1025 1610 1057 Saul:
1634 1024 1821 1056 Benedictus
1843 1028 1875 1056 tu
1898 1026 2042 1065 Domino,
2067 1027 2192 1065 implevi
2214 1026 2335 1058 verbum

1375 1068 1512 1100 Domini.
1555 1068 1603 1098 14.
1623 1067 1775 1107 Dixitque
1794 1067 1932 1099 Samuel:
1959 1068 2000 1098 Et
2022 1079 2100 1108 qnae
2123 1073 2167 1100 est
2188 1069 2261 1100 haec
2279 1079 2337 1100 voa:

1372 1121 1496 1151 yreyum
1520 1121 1597 1150 quae
1618 1114 1741 1141 resonat
1763 1111 1796 1141 in
1818 1111 1950 1142 auribus
1967 1112 2053 1149 meis,
2077 1115 2101 1142 el
2125 1115 2336 1143 armentorum

1374 1164 1466 1193 quam
1501 1163 1554 1194 eqo
1587 1152 1709 1184 audio?
1756 1153 1805 1184 15.
1838 1152 1882 1185 Et
1915 1154 1960 1184 ait
1985 1153 2070 1188 Saul,
2105 1155 2142 1185 de
2167 1154 2335 1186 Ilamalech

1374 1197 1572 1228 adduaecrunt
1593 1207 1645 1227 ea:
1661 1197 1799 1235 pepercit
1820 1197 1900 1227 enim
1918 1196 2053 1235 populus
2077 1197 2253 1228 melioribus
2271 1198 2333 1229 ovi·

1375 1239 1440 1275 bus,
1470 1242 1497 1269 et
1524 1239 1672 1270 armentis
1701 1241 1734 1269 ut
1765 1239 1996 1270 immolarentur
2020 1239 2155 1271 Domino
2179 1240 2246 1272 Deo
2275 1243 2334 1279 tuo,

1375 1282 1495 1321 reliqua
1527 1292 1595 1313 roro
1625 1281 1798 1313 occidimus.
1846 1281 1894 1313 16.
1925 1282 1982 1312 Ait
2010 1286 2110 1313 autem
2141 1282 2266 1313 Samuel
2294 1283 2336 1315 ad

1378 1324 1475 1356 Saul:
1509 1324 1583 1355 Sine
1605 1335 1660 1361 me,
1695 1326 1720 1354 et
1749 1324 1891 1356 indicabo
1922 1325 1977 1355 tibi
2009 1334 2086 1364 quae
2118 1325 2264 1365 loquutus
2295 1326 2337 1357 sit

1377 1367 1535 1398 Dominus
1558 1367 1599 1398 ad
1621 1377 1669 1397 me
1691 1369 1779 1398 nocte.
1814 1366 1964 1406 Dixitque
1987 1369 2025 1407 ei,
2048 1367 2182 1407 loquere.
2230 1368 2278 1399 17.
2292 1368 2336 1399 Et

1377 1411 1421 1441 ait
1451 1409 1592 1441 Samuel:
1628 1409 1736 1440 Nonne
1765 1419 1859 1449 quum
1884 1410 2038 1449 parvulus
2067 1420 2148 1441 esses
2177 1411 2212 1442 in
2240 1411 2335 1442 oculis

1377 1454 1447 1490 tuis,
1475 1455 1566 1493 caput
1596 1453 1628 1483 ia
1659 1452 1798 1483 tribubus
1823 1452 1924 1484 Israel
1944 1453 2047 1491 factus
2068 1463 2108 1488 es,
2138 1454 2288 1493 unxitque
2309 1456 2336 1485 te

1377 1495 1533 1527 Dominus
1561 1496 1595 1526 in
1624 1505 1723 1535 reyem
1751 1505 1844 1534 super
1874 1495 1999 1526 Israel?
2046 1496 2093 1527 18.
2125 1495 2168 1526 Et
2195 1497 2280 1527 misit
2309 1499 2336 1528 te

1378 1537 1532 1569 Dominus
1554 1538 1587 1569 in
1610 1538 1704 1578 viam,
1726 1540 1753 1569 et
1775 1538 1835 1569 ait:
1865 1537 1950 1569 Vade
1969 1541 1995 1569 et
2014 1539 2146 1577 interfice
2165 1541 2336 1578 peccatores

1378 1581 1558 1620 Hamalech,
1586 1584 1612 1611 et
1635 1590 1744 1621 puyna
1767 1583 1870 1612 contra
1892 1590 1950 1620 eos,
1978 1590 2074 1620 usque
2097 1582 2138 1612 ad
2161 1582 2336 1613 internecio-

1376 1633 1444 1655 nem
1467 1634 1578 1655 eorum.
1625 1622 1673 1654 19.
1702 1623 1805 1662 Quare
1831 1633 1900 1663 eryo
1928 1633 1987 1655 non
2009 1624 2127 1655 amiisti
2149 1634 2246 1656 vocem
2269 1624 2333 1657 Do-

1377 1667 1464 1705 mini,
1486 1667 1542 1697 sed
1563 1676 1670 1698 versus
1691 1666 1732 1697 ad
1750 1666 1902 1706 praedam
1924 1676 1964 1706 es,
1987 1669 2014 1697 et
2034 1666 2137 1706 fecisti
2158 1667 2276 1699 malum
2299 1667 2334 1699 in

1378 1709 1472 1740 oculis
1495 1709 1649 1741 Domini?

1463 1794 1626 1826 Hesterna
1649 1795 1800 1826 concione
1819 1794 2000 1825 audivimus
2013 1794 2174 1826 Samuelis
2194 1795 2335 1826 lamenta

1378 1844 1409 1868 et
1444 1838 1603 1878 lacrymas
1637 1837 1675 1868 de
1708 1836 1816 1873 Saule,
1849 1844 2019 1877 postquam
2054 1838 2207 1869 reiectum
2240 1837 2334 1868 illum

1379 1880 1554 1911 audivisset
1577 1891 1596 1910 a
1619 1880 1775 1911 Domino:
1798 1880 1861 1910 iam
1886 1890 1962 1910 vero
1984 1886 2094 1911 contra
2118 1880 2246 1911 videtur
2267 1889 2334 1911 om-

1352 1960 1353 1964 *
1379 1933 1451 1954 nem
1477 1924 1605 1954 exuisse
1629 1923 1871 1959 humanitatem.
1890 1929 1920 1954 et
1945 1922 2023 1953 nihil
2045 1923 2105 1953 nisi
2125 1924 2333 1953 severitatem

1067 1966 1205 1997 Eaedem
1242 1966 1325 1997 Iere-
1352 1974 1353 1977 ’

1379 1966 1511 2006 spirare.
1558 1966 1657 1997 Venit
1686 1966 1770 1996 enim
1803 1965 1840 1996 ad
1869 1964 1999 1997 Saulem
2030 1965 2089 2005 ipsi
2120 1965 2333 1996 nunciaturus

1380 2008 1576 2039 horrendum
1611 2008 1775 2047 nuncium,
1809 2018 1923 2048 nempe
1956 2018 2018 2038 non
2052 2007 2161 2039 haberi
2195 2007 2333 2048 amplius

1378 2052 1482 2091 ipsum
1507 2061 1525 2081 a
1549 2051 1688 2082 Domino
1716 2061 1772 2091 pro
1803 2050 1945 2091 legitimo
1974 2059 2064 2090 rege:
2099 2050 2181 2090 quod
2212 2061 2252 2081 ex
2283 2060 2332 2081 ar-

1352 2105 1354 2137 g
1380 2095 1464 2125 bitrii
1488 2094 1537 2124 sui
1561 2095 1728 2133 sententia,
1751 2104 1815 2124 non
1839 2104 1877 2124 ex
1902 2093 1960 2124 Dei
1985 2092 2145 2129 mandato,
2171 2102 2237 2123 rem
2259 2102 2331 2133 per·

375 2135 435 2165 Dei
462 2145 575 2165 nomen
599 2135 747 2166 violetur.
783 2135 920 2167 Easdem
946 2144 1080 2176 uterque
1103 2146 1214 2168 causas
1234 2136 1328 2167 habet
1353 2162 1354 2173 ,

374 2178 622 2218 indignationis:
646 2177 701 2209 sed
726 2178 856 2209 Samuel
882 2179 1057 2210 remedium
1081 2179 1237 2210 adversus
1260 2185 1326 2210 ten·
1353 2179 1354 2182 ’

1380 2137 1514 2168 fecisset.
1561 2136 1604 2167 Et
1632 2136 1887 2176 quandoquidem
1914 2136 2015 2166 Deum
2046 2136 2236 2175 magistrum
2268 2145 2333 2166 non

1379 2180 1552 2217 admiserit,
1577 2190 1678 2220 neque
1701 2179 1805 2219 ipsum
1826 2179 1966 2210 vicissim
1987 2188 2005 2209 a
2019 2178 2157 2209 Domino
2170 2188 2227 2218 pro
2239 2187 2332 2210 servo

1546 2222 1632 2253 Sane
1655 2222 1718 2253 ista
1742 2221 1834 2252 valde
1857 2221 2070 2261 repugnantia
2091 2220 2249 2258 videntur,
2273 2220 2334 2252 Sa-

1379 2264 1515 2295 muelem
1541 2265 1573 2295 in
1603 2274 1728 2295 summo
1751 2265 1838 2296 luctu
1863 2273 1930 2295 esse
1952 2269 2084 2303 propter
2107 2264 2215 2294 Saulis
2243 2273 2331 2295 amo-

1380 2318 1463 2338 rem:
1487 2313 1519 2338 ct
1543 2314 1648 2338 tamen
1671 2308 1716 2338 sic
1740 2308 1778 2338 ab
1802 2307 1855 2338 illo
1878 2306 1982 2346 excipi
2013 2313 2049 2336 ut
2080 2307 2202 2337 iuratus
2231 2305 2331 2338 hostis

1379 2350 1536 2386 videatur,
1561 2351 1610 2381 cui
1635 2350 1721 2381 nullo
1744 2349 1839 2381 modo
1863 2354 1981 2389 parcat.
2028 2347 2149 2379 Verum
2175 2350 2219 2379 ita
2242 2348 2331 2380 vide—

1379 2402 1450 2422 mus
1474 2392 1646 2432 prophetas
1675 2393 1867 2424 officiosuo
1896 2391 1988 2431 fungi
2020 2391 2139 2422 solitos.
2185 2391 2228 2422 Et
2258 2391 2332 2423 licet

1353 2469 1354 2474 ¹
1379 2436 1529 2474 populum
1553 2445 1679 2466 summa
1703 2435 1872 2467 dilectione
1894 2433 2032 2473 amplexi
2064 2435 2138 2472 sint,
2170 2433 2331 2465 nihilomi-

1379 2488 1440 2507 nus
1465 2484 1571 2509 tamen
1590 2478 1622 2508 in
1643 2479 1785 2509 muneris
1803 2476 1861 2509 sibi
1881 2477 2039 2508 commissi
2053 2476 2331 2508 administratione

1379 2521 1584 2551 severitatem
1616 2531 1773 2552 summam
1806 2519 1997 2552 adhibuisse.
2049 2519 2091 2549 Et
2123 2529 2201 2550 sane
2235 2519 2330 2560 longe

1742 2563 1824 2594 Nam
1846 2562 1897 2602 qui
1921 2561 2071 2592 mandata
2101 2562 2230 2593 nomine
2252 2562 2330 2593 alte-

1379 2605 1446 2635 rius
1470 2605 1508 2636 ad
1533 2605 1629 2636 alium
1653 2607 1775 2646 accepit
1797 2604 1993 2645 perferenda
2024 2604 2100 2635 dare
2123 2612 2253 2645 operam
2275 2603 2330 2635 de·-

1352 2635 1442 2684 bet,
1465 2653 1500 2678 ut
1523 2647 1660 2679 fideliter
1683 2658 1799 2680 munus
1821 2657 1914 2679 suum
1931 2653 2135 2686 exsequatur,
2159 2651 2192 2678 et
2203 2651 2331 2687 praeter
