2551 3044
322 207 384 238 607
1185 203 1390 235 HOMILIA
1413 203 1468 234 01.
2266 201 2328 234 668

325 306 435 331 tamen
455 298 495 329 ad
523 298 604 328 vitia
628 307 692 327 non
717 297 830 327 laxant
853 296 913 328 sibi
938 296 1090 334 habenas,
1115 295 1171 327 sed
1190 296 1298 327 Deum

323 344 460 373 adorant
474 347 507 371 et
522 348 728 370 venerantur.
753 339 795 370 Et
816 339 849 369 in
870 339 1059 370 memoriam
1084 341 1167 370 facta
1192 339 1298 379 plera-

323 396 383 424 que
413 385 444 414 in
477 383 596 423 quibus
627 382 707 422 lapsi
737 387 815 412 sunt
844 389 1050 419 revocantes,
1089 392 1196 412 coram
1229 381 1298 412 Deo
1323 376 1325 408 i

323 426 575 466 ingemiscentes
600 435 670 455 sese
693 424 875 464 explorant,
907 424 1041 464 Deoque
1064 424 1201 464 gloriam
1226 423 1299 455 red·
1324 429 1325 436 ¹

322 470 414 505 dunt,
439 477 471 499 et
492 467 532 498 ad
552 467 718 498 meliorem
740 469 866 506 frugem
892 473 1111 497 revertuntur.
1136 465 1192 498 Sic
1211 467 1297 497 enim

323 511 410 551 apud
434 521 468 541 se
492 509 748 540 ratiocinantur:
774 510 828 540 Me
848 508 1022 540 miserum!
1046 509 1145 540 Mene
1165 509 1198 539 in
1219 509 1298 540 haec
1322 537 1324 544 ,

322 560 456 594 peecata
479 552 660 592 delapsum,
685 552 723 582 de
745 551 816 582 Deo
840 562 904 582 non
928 550 1110 591 cogitasse?
1147 551 1247 583 Mene
1271 552 1297 582 si

322 598 413 628 Deus
437 595 475 626 ad
501 603 632 634 peecata
655 595 807 626 connivet
838 605 909 626 mea
937 594 1028 625 laxas
1053 593 1197 625 habenas
1220 594 1297 633 ipsis

322 639 394 670 ideo
418 637 679 678 permissurum?
704 644 761 667 aut
783 637 847 667 alte
866 645 965 677 caput
988 636 1172 668 elaturum?
1208 636 1295 674 Quin

320 682 428 722 potius
452 692 511 721 ego
536 690 609 711 cum
634 680 722 711 omni
746 678 929 711 humilitate
952 684 984 710 et
1009 680 1165 710 modestia
1189 678 1295 709 Deum

321 723 527 764 deprecabor.
551 723 687 762 supplex
713 721 751 753 ad
776 723 879 762 ipsius
903 722 1158 754 misericordiam
1182 722 1296 752 consu-

320 768 417 807 giam,
448 773 479 796 et
510 764 627 795 salutis
660 771 807 795 autorem
845 775 1028 806 agnoscam.
1084 765 1234 803 Denique
1270 764 1296 793 si

319 810 411 840 Deus
438 809 524 848 ipsos
544 807 764 848 castigaverit,
789 808 822 838 in
843 808 963 839 recenti
987 818 1116 846 semper
1140 806 1295 837 memoria

319 851 565 891 castigationem
602 850 776 887 habebunt,
809 860 891 890 quae
926 851 1012 890 ipsos
1046 850 1159 881 doceat
1194 850 1322 885 vitam3

321 895 479 933 reliquam
511 893 545 923 in
578 892 795 923 amaritudine
825 893 951 933 degere,
985 900 1018 923 ut
1047 892 1193 932 quuitur
1216 891 1323 926 Eae-f

319 937 421 973 chiae,
446 935 531 976 quod
551 937 714 966 senserint
732 946 828 975 quam
849 935 1045 966 horrendum
1071 934 1187 966 sitDei
1211 933 1295 964 iudi·
1320 931 1322 952 s

319 980 416 1011 cium.
463 979 514 1009 Ex
546 978 617 1009 istis
649 978 750 1019 igitur
781 985 915 1018 apparet
943 978 1128 1008 differentia
1158 976 1295 1016 insignis

319 1023 404 1053 inter
436 1021 658 1060 improborum
689 1027 721 1052 et
745 1021 807 1052 Dei
838 1027 1099 1060 contemptorum
1126 1019 1293 1050 hominum

318 1064 538 1103 formidinem,
571 1069 603 1094 et
630 1063 775 1094 fidelium
799 1070 937 1094 metum:
968 1064 1033 1093 illis
1057 1064 1101 1094 sie
1126 1060 1294 1101 trepidan-

318 1107 407 1138 tibus
436 1106 475 1136 ad
507 1106 695 1137 divinorum
726 1106 919 1137 iudiciorum
946 1106 1101 1136 intuitum
1125 1112 1158 1135 ut
1183 1106 1215 1134 in
1240 1104 1294 1134 de-

319 1149 540 1190 sperationem
571 1149 720 1180 veniant:
753 1149 823 1180 istis
851 1159 927 1180 vero
953 1148 1014 1179 Dei
1038 1146 1294 1178 misericordiam

320 1204 392 1224 cum
413 1201 541 1223 summa
561 1191 745 1222 humilitate
763 1192 797 1222 in
824 1198 991 1231 posterum
1015 1189 1293 1230 amplectentibus.
1320 1208 1323 1233 ξ

320 1234 541 1274 Quamobrem
573 1244 672 1274 quum
699 1233 825 1265 Saulem
855 1233 1016 1267 audimus,
1046 1233 1192 1264 cecidisse
1216 1241 1295 1270 pro-

319 1281 452 1309 stratum
493 1277 527 1307 in
557 1280 690 1313 terram,
731 1276 812 1315 quod
850 1277 1042 1307 extimuisset
1081 1276 1170 1306 valde
1203 1273 1294 1305 verba

322 1320 497 1351 Samuelis:
521 1330 561 1350 ne
580 1329 621 1350 ex
642 1319 826 1350 humilitate
839 1320 959 1350 factum
980 1317 1060 1348 illud
1081 1318 1295 1349 arbitremur:

321 1363 377 1394 sed
410 1373 449 1393 ex
483 1361 670 1393 vehementi
702 1361 960 1401 apprehensione
992 1361 1100 1392 iudicii
1125 1360 1235 1396 divini,
1260 1364 1297 1389 ut

321 1416 386 1436 Vox
422 1405 479 1435 illa
508 1404 672 1435 Samuelis
706 1405 803 1435 fuerit
838 1404 942 1435 instar
976 1404 1059 1435 ictus
1092 1402 1297 1433 vehementis

323 1447 433 1478 mallei
457 1457 521 1486 quo
546 1447 691 1478 deiectus
715 1453 773 1485 est,
799 1453 830 1477 et
854 1447 885 1477 in
911 1446 1169 1486 desperationem
1195 1444 1297 1475 venit.

322 1490 438 1530 Neque
467 1490 545 1520 dicit
576 1500 668 1521 saera
696 1490 857 1528 scriptura
888 1489 993 1528 ipsum
1025 1488 1236 1529 ingemuisse,
1267 1493 1299 1517 et

322 1533 503 1573 supplicem
528 1532 568 1563 ad
593 1532 654 1562 Dei
678 1531 933 1562 misericordiam
957 1532 1152 1571 confugisse,
1177 1540 1298 1569 suaque

322 1583 455 1615 peccata
479 1575 664 1606 consessum
688 1575 804 1605 fuisse:
836 1574 891 1604 sed
917 1580 1044 1604 tantum
1069 1574 1243 1604 attonitum
1268 1579 1299 1602 et

321 1618 510 1648 vehementi
537 1626 624 1647 metu
649 1617 843 1656 perculsum.
868 1616 1034 1655 Quidquid
1060 1617 1111 1649 sit.
1136 1616 1298 1654 relinqua-

321 1671 394 1691 mus
426 1660 533 1699 ipsum
567 1660 627 1690 Dei
658 1660 776 1690 iudicio
807 1665 839 1690 et
871 1658 1039 1698 potestati:
1079 1668 1138 1689 nos
1169 1658 1298 1688 interim
1325 1662 1327 1675 ³

322 1703 426 1742 ipsius
457 1702 644 1741 exemplum
676 1701 794 1732 imitari
827 1712 1010 1737 caveamus,
1043 1701 1128 1740 quod
1153 1700 1243 1731 nulla
1266 1701 1299 1730 in

322 1746 393 1785 ipso
417 1745 641 1775 conversionis
667 1745 705 1775 ad
730 1744 838 1774 Deum
863 1745 958 1784 signa
988 1744 1233 1783 conspiciamus,
1265 1753 1300 1773 ac

321 1786 457 1828 proinde
489 1797 579 1826 spem
614 1787 736 1817 nullam
768 1787 883 1817 salutis
917 1785 1094 1817 videamus.
1141 1786 1244 1816 Porro
1275 1786 1300 1816 si

322 1837 389 1861 tam
414 1831 528 1860 fortem
556 1830 661 1860 virum
686 1829 825 1860 electum
840 1841 858 1859 a
878 1828 957 1866 Deo,
983 1836 1018 1859 ut
1037 1829 1191 1868 populun]
1206 1838 1300 1858 suum
1326 1862 1327 1869 ἵ

325 1880 453 1912 regeret
485 1872 778 1903 animadvertimus
807 1872 875 1902 irae
906 1871 968 1902 Dei
1000 1881 1098 1902 sensu
1135 1877 1301 1910 tantopere
1326 1878 1329 1913 2

321 1922 576 1951 consternatum,
606 1921 639 1945 ut
662 1914 868 1954 obstupuerit
887 1922 919 1945 et
941 1915 1100 1944 attonitus
1120 1914 1153 1944 in
1179 1920 1299 1944 terram

325 1963 509 1998 prostratus
539 1958 597 1994 sit,
626 1957 704 1996 quid
737 1956 829 1988 nobis
858 1956 1006 1987 futurum
1038 1963 1206 1996 putamus,
1238 1956 1301 1986 nisi

327 2000 451 2031 viribus
476 2001 578 2039 ipsius
603 2000 736 2030 Domini
760 1998 956 2031 fulciamur?
994 1998 1105 2037 Quare
1128 2009 1169 2029 ne
1193 1998 1301 2028 Deum

325 2050 500 2080 tentemus,
531 2042 586 2074 scd
611 2043 713 2082 ipsius
736 2043 817 2072 iram
843 2042 1100 2082 praeveniamus,
1132 2040 1172 2072 ad
1196 2042 1301 2081 ipsum
1327 2042 1329 2068 l

326 2086 411 2117 seria
442 2086 643 2126 poenitentia
667 2086 831 2115 conversi:
862 2091 894 2115 et
917 2085 1171 2124 quotiescunque
1194 2094 1301 2114 coram

328 2129 429 2168 ipsius
462 2128 616 2159 tribunali
650 2127 688 2157 ad
718 2136 922 2167 peecatorum
955 2127 1152 2167 agnitionem
1178 2126 1302 2158 vocabi-

327 2181 411 2208 mur,
445 2171 528 2201 ultro
562 2180 700 2201 examen
732 2177 937 2209 peccatorum
970 2169 1155 2206 subeamus,
1185 2175 1217 2199 et
1242 2169 1302 2199 Dei

327 2213 585 2244 misericordiam
610 2213 830 2252 deprecemur.
856 2212 899 2242 Et
923 2212 961 2242 de
982 2212 1093 2244 Saulis
1116 2218 1203 2242 metu
1227 2210 1303 2242 hac—
1328 2210 1329 2218 ¹

328 2263 431 2286 tenus.
1328 2278 1330 2290 ,

417 2299 571 2336 Sequitur
595 2298 761 2328 mulierem
787 2297 875 2327 illam
900 2297 1132 2338 Pythonissam
1158 2306 1223 2326 non
1248 2306 1303 2336 po·

328 2342 429 2371 tuisse
443 2341 575 2371 ab'aule
594 2340 739 2371 obtinere
761 2347 796 2370 nt
815 2340 922 2370 cibum
946 2347 1086 2380 caperet,
1111 2345 1143 2370 et
1166 2339 1303 2369 voluisse
1328 2363 1330 2374 ,

328 2384 432 2423 ipsum
466 2383 596 2413 domum
629 2383 758 2421 reverti,
791 2383 864 2412 licet
896 2383 975 2413 adeo
1000 2382 1148 2418 debilem,
1181 2387 1217 2412 ut
1240 2391 1329 2417 non,

328 2433 436 2466 posset
469 2438 502 2456 se
528 2426 632 2465 ipsum
657 2425 836 2455 sustinere:
863 2425 992 2455 tandem
1019 2435 1094 2456 vero
1119 2434 1215 2455 suasu
1239 2434 1304 2454 ser·
1328 2430 1330 2463 ᾖ

331 2479 444 2499 vorum
485 2479 549 2498 non
575 2475 700 2498 tantum
725 2468 864 2497 frustum
896 2466 1025 2507 aliquod
1050 2467 1143 2507 panis
1166 2466 1205 2497 ad
1230 2465 1303 2496 refi-
1328 2465 1330 2481 ¹

328 2511 459 2542 ciendas
493 2511 587 2546 vires,
621 2517 656 2540 ut
686 2517 755 2540 erat
779 2510 882 2549 ipsum
907 2510 1025 2540 mulier
1049 2509 1104 2540 illa
1127 2509 1304 2548 cohortata,

329 2554 524 2593 sumpsisse:
548 2552 602 2583 sed
623 2553 721 2583 etiam
741 2562 945 2592 exspectasse
970 2552 1048 2582 dum
1074 2552 1195 2582 vitulus
1219 2551 1303 2591 sagi·
1328 2557 1330 2579 :

330 2604 428 2626 nat-us
452 2596 698 2632 interficeretur,
722 2601 752 2625 et
778 2605 877 2634 panes
900 2596 960 2634 ipsi
985 2606 1003 2625 a
1027 2595 1163 2625 muliere
1186 2603 1303 2633 coque·
1328 2584 1330 2618 Ι

327 2645 450 2669 rentur.
497 2638 548 2669 Ex
581 2649 643 2678 quo
674 2638 778 2677 magis
802 2648 838 2668 ac
861 2638 964 2678 magis
986 2637 1089 2677 ipsius
1113 2642 1227 2677 stupor
1250 2647 1304 2676 ap·
1328 2619 1331 2665 Ι

1352 303 1453 337 paret,
1485 303 1517 326 et
1546 296 1668 326 mentis
1697 307 1824 328 summa
1855 296 2067 336 perturbatio.
2120 294 2217 334 Quod
2247 295 2329 327 solet

1353 341 1390 370 iis
1421 339 1609 378 contingere
1636 339 1691 378 qui
1715 339 1774 370 sub
1798 339 1921 379 potenti
1947 339 2007 369 Dei
2033 348 2131 369 manu
2153 338 2238 369 serio
2260 348 2326 369 non

1353 381 1576 416 humiliantur,
1602 388 1636 411 ut
1660 381 1813 413 nimirum
1838 380 1970 412 modum
1995 380 2122 411 nullum
2147 380 2180 411 in
2205 380 2325 411 affecti-

1351 424 1410 454 bus
1434 430 1576 454 teneant.
1601 423 1654 454 Illi
1679 424 1824 463 proinde,
1849 423 1903 454 ubi
1928 423 2063 454 horrore
2087 423 2188 454 divini
2213 422 2324 454 iudicii

1351 466 1572 501 terrebuntur,
1596 465 1630 496 in
1655 472 1782 498 tantum
1806 474 1971 505 stuporem
1995 465 2153 503 incidunt,
2179 472 2214 495 ut
2237 464 2326 496 sanis

1350 509 1493 540 consiliis
1513 518 1576 538 non
1601 509 1681 539 dent
1704 508 1821 545 locum,
1845 515 1878 539 et
1901 508 1982 538 nihil
2007 518 2118 539 eorum
2142 518 2224 547 quae
2247 507 2327 547 ipsis

1349 558 1571 591 suggeruntur
1609 551 1799 588 admittant,
1843 551 1897 582 sed
1933 561 2014 582 sana
2048 551 2158 581 omnia
2190 550 2326 581 consilia

1350 601 1515 633 respuant.
1539 593 1595 625 Sic
1619 594 1729 625 videas
1752 605 1808 625 eos
1831 604 1909 633 quos
1934 593 2025 624 Deus
2048 594 2081 624 in
2106 599 2248 624 mentem
2273 603 2323 623 re·

1322 655 1323 663 η
1349 638 1481 676 probam
1507 636 1604 675 dedit,
1629 646 1693 667 non
1718 647 1811 676 posse
1835 637 1873 667 de
1898 635 1961 666 Dei
1985 635 2207 667 misericordia
2231 634 2325 675 quid-

1321 676 1323 717 ξ
1349 690 1443 718 quam
1464 689 1612 717 sperare:
1637 690 1674 710 ac
1693 679 1769 710 licet.
1791 678 2011 719 peecatoribus
2034 678 2199 710 conversis
2222 678 2325 708 factae

1322 731 1323 743 ἢ
1349 721 1574 762 promissionis
1603 722 1683 761 ipsis
1717 728 1956 762 proponantur,
1991 732 2054 751 uon
2091 730 2184 761 posse
2214 727 2324 751 tamen

1349 764 1423 795 illas
1446 763 1628 800 admittere,
1653 764 1707 795 sed
1733 771 1886 804 tanquam
1912 764 1951 795 ad
1976 775 2010 794 se
2034 774 2100 794 non
2125 763 2325 802 pertinentes

1349 807 1492 837 reiicere.
1517 806 1642 837 Tantus
1665 807 1751 837 enim
1776 807 1920 847 ipsorum
1945 813 2057 845 stupor
2081 811 2208 836 mentes
2230 815 2323 836 occu-

1349 849 1448 889 pavit,
1479 854 1516 879 ut
1540 849 1603 880 Dei
1632 850 1770 889 gratiam
1803 860 1821 880 a
1848 859 1882 881 se
1905 849 2015 889 procul
2040 849 2174 879 reiicere
2197 848 2231 878 in
2255 847 2326 879 ani-

1348 902 1438 922 mum
1463 891 1670 923 induxerint:
1696 898 1729 922 et
1747 892 1852 932 magis
1875 902 1911 923 ac
1935 892 2040 931 magis
2063 892 2098 921 in
2121 890 2249 922 malitia
2271 890 2326 922 ob—

1348 935 1531 965 firmentur.
1584 934 1784 974 Exemplum
1815 941 1884 965 esto
1913 934 2043 965 Esavus
2074 933 2128 964 ille
2157 943 2252 973 quem
2285 931 2326 964 ad

1348 983 1551 1008 momentum
1584 977 1738 1016 temporis
1767 977 1959 1014 eiulantem,
1990 976 2218 1016 plangentem,
2251 975 2324 1006 ulu-

1348 1020 1471 1050 lantem
1495 1019 1600 1050 instar
1623 1019 1710 1050 bruti
1734 1020 1903 1051 cuiusdam
1928 1019 2096 1050 audimus:
2127 1018 2182 1049 sed
2206 1017 2324 1049 deinde

1348 1062 1387 1093 ad
1426 1062 1594 1102 ingenium
1626 1068 1855 1099 revertentem,
1886 1067 1919 1092 et
1948 1061 2124 1092 vindictam
2155 1060 2194 1092 de
2222 1061 2325 1092 fratre

1348 1105 1554 1139 molientem.
1590 1105 1715 1144 sibique
1747 1105 1991 1145 promittentem
2027 1104 2094 1135 fore
2129 1110 2164 1135 ut
2197 1110 2325 1136 mortuo

1348 1152 1441 1188 patre
1472 1147 1556 1187 quod
1587 1148 1865 1187 primogeniturae
1896 1147 1947 1178 ius
1977 1146 2153 1178 admiserat
2175 1157 2233 1186 per
2257 1148 2324 1178 vim

1349 1196 1527 1230 recuperet.
1551 1189 1654 1228 Quasi
1669 1200 1746 1220 vero
1761 1191 1862 1230 possit
1875 1189 2032 1221 adversus
2045 1189 2152 1220 Deum
2166 1199 2323 1229 pugnare,

1349 1240 1381 1263 et
1404 1232 1571 1263 decretum
1596 1233 1698 1272 ipsius
1721 1233 1905 1263 immutare.
1937 1232 2029 1263 Idem
2054 1232 2088 1262 in
2113 1231 2212 1263 Saule
2236 1241 2325 1264 nunc

1351 1276 1447 1306 etiam
1473 1281 1616 1315 apparet.
1657 1275 1805 1306 Primum
1830 1276 1917 1305 enim
1943 1283 2067 1305 terrore
2089 1273 2233 1306 deiectus
2257 1274 2325 1305 fru-

1350 1325 1438 1349 stum
1469 1319 1563 1358 panis
1585 1328 1713 1348 sumere
1745 1317 1868 1355 abnuit,
1900 1325 1931 1348 et
1955 1317 2083 1348 nullum
2109 1317 2165 1348 dat
2193 1317 2325 1348 monitis

1351 1360 1746 1400 desperabunduslocum.
1770 1360 1898 1391 Deinde
1919 1370 1994 1391 vero
2017 1369 2153 1391 suorum
2177 1359 2326 1399 precibus

1351 1404 1468 1439 victus,
1493 1403 1589 1434 etiam
1611 1411 1779 1443 exspectat
1798 1403 1874 1434 dum
1900 1402 2023 1433 vitulus
2046 1402 2270 1440 interficiatur,
2292 1408 2326 1433 et.

1352 1447 1412 1476 sibi
1433 1452 1616 1485 coquantur
1635 1447 1741 1486 azymi
1765 1456 1866 1486 panes
1890 1455 1927 1477 ac
1949 1445 2084 1484 proinde
2108 1455 2173 1475 non
2198 1451 2326 1476 tantum

1352 1489 1492 1520 frustum
1517 1488 1557 1520 ad
1579 1489 1663 1519 vires
1689 1488 1913 1519 refocillandas
1937 1488 2098 1527 patienter
2121 1488 2239 1519 sumit:
2269 1487 2325 1518 sed

1353 1531 1414 1562 sibi
1438 1532 1628 1562 convivium
1653 1532 1801 1571 apparari
1828 1531 1976 1562 sustinet.

1439 1573 1613 1604 Caeterum
1635 1573 1711 1604 hinc
1730 1579 1866 1614 apparet
1888 1573 2020 1604 illorum
2045 1577 2230 1613 temporum
2254 1583 2326 1604 con-

1352 1616 1497 1652 suetudo,
1528 1616 1644 1656 quibus
1668 1616 1708 1647 ad
1732 1615 1874 1656 hospites
1899 1616 1986 1646 laute
2010 1614 2217 1655 excipiendos
2240 1615 2327 1656 sagi-

1353 1666 1450 1690 natus
1485 1659 1610 1690 vitulus
1644 1659 1918 1694 interficiebatur,
1960 1658 2015 1697 qui
2049 1658 2154 1688 instar
2187 1657 2327 1689 aliarum

1352 1702 1497 1732 omnium
1540 1701 1676 1741 dapum,
1718 1712 1831 1733 recens
1870 1701 2060 1732 interfectus
2094 1700 2327 1740 apponebatur,

1353 1744 1436 1783 quod
1460 1745 1494 1774 in
1520 1744 1639 1775 delitiis
1662 1745 1701 1775 iis
1726 1744 1926 1783 temporibus
1950 1742 2141 1774 habebatur.
2186 1743 2238 1774 Ex
2263 1752 2327 1783 quo

1353 1787 1505 1817 discenda
1524 1787 1683 1818 sobrietas
1703 1793 1760 1822 est,
1785 1795 1815 1817 et
1840 1786 1974 1817 vitanda
1996 1786 2030 1816 in
2053 1785 2131 1816 cibis
2153 1786 2327 1825 superfiui-

1354 1835 1412 1864 tas,
1432 1840 1530 1868 quum
1546 1835 1729 1869 temporum
1744 1829 1875 1860 illorum
1890 1828 2018 1859 delitias
2036 1828 2137 1859 fuisse
2156 1828 2327 1860 videamus

1353 1873 1540 1911 saginatum
1576 1872 1732 1909 vitulum,
1768 1882 1826 1912 pro
1860 1871 2011 1902 omnibus
2047 1870 2208 1910 cupediis,
2243 1881 2328 1911 quae

1326 1948 1328 1953 ,
1353 1921 1430 1945 sunt
1454 1913 1548 1944 hodie
1572 1915 1777 1954 multiplices.
1802 1914 1885 1945 Nam
1908 1914 2003 1945 hodie
2022 1924 2088 1943 non
2108 1913 2328 1944 instituuntur

1354 1957 1514 1991 convivia,
1539 1957 1601 1987 nisi
1620 1967 1661 1987 ex
1681 1957 1780 1988 variis
1800 1957 1944 1996 undique
1965 1956 2156 1995 conquisitis
2180 1955 2328 1987 delicatis

1328 2034 1329 2038 Ἰ
1354 1999 1443 2036 cibis,
1466 2006 1499 2029 et
1516 2000 1636 2030 multos
1657 2005 1732 2030 ante
1756 2000 1943 2030 convivium
1963 1998 2032 2030 dies
2055 1998 2267 2038 praeparatis,
2291 2003 2328 2030 ut

1354 2052 1542 2073 communes
1577 2042 1638 2073 cibi
1668 2041 1757 2073 nullo
1789 2042 1970 2073 habeantur
2000 2041 2034 2071 in
2066 2041 2180 2081 pretio.
2232 2040 2328 2072 Unde

1355 2090 1490 2124 apparet
1521 2091 1708 2115 nostrorum
1741 2092 1923 2123 temporum
1955 2083 2053 2122 longe
2077 2083 2231 2113 maiorem
2257 2093 2328 2115 esse

1355 2137 1453 2166 quani
1482 2127 1685 2166 superiorum
1710 2127 1968 2166 corruptionem,
2003 2132 2035 2156 et
2069 2125 2180 2164 procul
2215 2127 2328 2157 abesse

1355 2171 1394 2200 ab
1409 2169 1462 2199 illa
1476 2170 1647 2200 sobrietate
1667 2179 1748 2209 quae
1769 2169 1829 2200 tuit
1848 2170 1880 2199 in
1904 2168 2080 2204 veteribus,
2106 2173 2141 2198 ut
2163 2168 2207 2198 sit
2225 2169 2328 2200 maior

1355 2211 1503 2249 ebrietas,
1537 2211 1704 2249 helluatio,
1740 2211 1878 2248 delitiae,
1914 2210 2081 2249 voluptas,
2111 2220 2208 2249 quam
2238 2211 2327 2242 olim.

1355 2254 1450 2289 Nam,
1474 2254 1615 2294 obsecro,
1639 2253 1714 2294 quid
1732 2253 1818 2285 istud
1837 2258 1886 2284 est
1905 2253 1972 2292 regi
1994 2252 2100 2283 facere
2120 2252 2160 2283 de
2178 2253 2328 2293 saginato

1356 2297 1458 2327 vitulo
1481 2296 1654 2336 cupedias‘?
1680 2296 1792 2336 Neque
1815 2296 1900 2327 enim
1926 2295 1987 2325 ista
2011 2295 2049 2326 de
2075 2295 2134 2326 hoc
2158 2305 2233 2336 rege
2257 2302 2328 2328 tan-

1356 2345 1424 2369 tum
1445 2339 1479 2368 in
1503 2349 1594 2369 sacra
1617 2339 1779 2378 scriptura
1803 2343 1998 2368 narrantur:
2022 2336 2078 2368 sed
2103 2337 2198 2368 multi
2221 2338 2329 2370 istius-

1355 2381 1440 2411 modi
1465 2381 1540 2411 alibi
1564 2381 1713 2421 exempla
1731 2386 1914 2419 occurrunt.
1940 2380 2050 2418 Quare
2074 2380 2151 2410 inde
2174 2380 2329 2412 discimus

1356 2424 1527 2462 appetitus,
1553 2434 1593 2454 ne
1613 2430 1648 2453 ut
1667 2423 1857 2462 plerumque
1887 2422 2001 2453 accidit
2026 2422 2226 2454 insatiabiles
2245 2424 2328 2461 sint,

1355 2466 1510 2503 fraenare,
1533 2472 1565 2496 et
1589 2465 1676 2496 vitae
1699 2465 1839 2496 tenuiori
1864 2476 2059 2496 assuescere.

1441 2508 1506 2539 sed
1533 2507 1641 2539 Saulis
1665 2509 1783 2538 factum
1810 2508 1940 2547 propius
1964 2508 2163 2539 intueamur.
2194 2507 2329 2539 Poterat

1355 2550 1409 2581 ille
1428 2550 1557 2589 quidem
1577 2549 1683 2580 cibum
1708 2551 1847 2589 aliquem
1873 2550 1912 2580 ad
1937 2549 2164 2581 refocillandas
2188 2550 2274 2581 vires
2297 2554 2330 2581 et

1355 2593 1394 2624 ad
1409 2593 1470 2623 iter
1489 2591 1726 2623 conficiendum
1747 2603 1890 2630 sumere;
1911 2603 2006 2632 quem
2025 2600 2134 2623 tamen
2148 2592 2327 2624 recusavit:

1357 2635 1412 2667 sed
1427 2635 1638 2665 nihilominus
1652 2635 1758 2674 parari
1778 2635 1838 2666 sibi
1858 2635 2030 2666 lautiorem
2055 2645 2190 2667 coenam
2213 2645 2328 2675 passus
