2551 3044
216 178 273 209 161

209 272 314 306 tiores.
346 282 533 312 persuasum
562 272 736 303 habeamus
761 283 819 303 nos
844 273 913 303 Deo
937 272 1016 303 duce
1038 270 1168 311 quasvis

210 314 412 346 difficultates
442 315 590 346 facillime
621 321 845 355 superaturos:
876 321 907 346 et
930 314 1090 345 Samuelis
1113 323 1168 360 exj

210 357 351 397 emplum
372 358 492 388 alacres
514 358 684 396 imitemur,
707 368 811 397 quem,
837 358 911 388 licet
933 368 995 388 non
1019 356 1169 387 abiecerit

210 411 320 430 omnes
352 400 508 430 humanas
539 401 702 439 passiones
725 407 756 431 et
780 401 869 431 initio
893 400 1004 431 mortis
1028 404 1113 429 metu
1137 402 1168 428 et

209 442 379 473 formidine
413 443 454 473 sit
487 443 639 477 affectus,
674 451 780 473 tamen
818 443 961 474 videmus
998 442 1065 472 Deo
1099 451 1168 472 sese

207 490 308 516 totum
338 485 529 525 permisisse,
559 491 589 516 et
619 486 687 515 cius
711 486 897 516 mandatum
922 484 1058 516 fideliter
1080 494 1168 514 exse-

206 533 340 568 quutum
366 538 444 558 esse.

291 569 355 601 Sed
370 570 420 600 hic
436 571 551 600 iterum
572 569 725 609 quaedam
746 571 890 610 quaestio
910 570 1033 601 moveri
1051 574 1165 608 potest,

204 611 362 652 quomodo
384 612 474 642 Dens
498 613 687 652 prophetam
712 613 759 644 vel
784 614 915 644 iusserit
938 612 985 643 vel
1010 611 1163 651 permise-

203 655 245 684 rit
281 654 324 685 uti
361 655 583 685 simulatione:
619 666 692 685 nain
727 655 885 686 mendacii
921 655 1058 695 speciem
1094 664 1163 684 esse

202 702 324 727 certum
352 704 399 727 est
430 708 527 737 quum
562 698 647 728 aliud
680 698 716 728 fit
738 697 823 729 aliud
848 697 1026 729 simulatur.
1071 696 1161 727 Deus

201 745 309 769 autem
331 740 469 770 maxime
490 740 622 770 veritate
646 740 832 772 delectatur.
868 740 976 779 Quare
999 739 1160 771 simulatio

200 781 261 812 ista
284 781 362 812 levis
386 792 455 813 esse
479 782 615 819 videtur,
645 793 739 822 quam
765 788 872 814 tamen
896 783 985 814 Deus
1003 782 1158 822 permisit.

198 823 471 864 Respondendum
511 825 618 864 itaque
649 825 793 856 Samueli
833 835 1031 865 nequaquam
1062 824 1159 855 fuisse

197 867 328 897 mentiri
342 867 545 907 permissum,
565 867 784 899 dissimulasse
803 868 930 908 quidem
950 867 1035 908 quod
1054 868 1157 898 facere

197 909 307 946 voluit,
333 920 443 940 verum
469 916 574 940 tamen
599 910 693 940 etiam
719 910 847 942 dixisse.
882 911 981 941 Porro
1004 910 1157 941 simulare

196 957 228 982 et
259 952 460 983 dissimulare
489 952 579 983 inter.
605 963 638 983 se
669 952 831 984 differunt.
877 953 962 984 Nam
986 953 1039 993 qui
1063 952 1155 983 dissi—

194 994 305 1031 mulat‚
337 1005 429 1025 suum
460 995 629 1025 consilium
659 996 738 1035 tegit
769 1006 808 1026 ne
832 996 865 1026 in
888 995 1004 1035 vulgus
1027 996 1154 1026 veniat:

195 1037 248 1076 qui
280 1044 385 1067 autem
417 1037 547 1067 simulat
571 1037 696 1068 fallacia
719 1044 750 1068 et
773 1038 885 1069 fraude
911 1038 1013 1069 utitur
1035 1038 1074 1068 ad
1099 1038 1154 1068 ali-

193 1089 288 1119 quem
312 1079 552 1119 decipiendum:
585 1079 668 1119 quod
693 1081 813 1111 nemini
839 1082 928 1112 lieet:
952 1080 1152 1111 dissimulare

191 1129 310 1158 autem,
341 1121 372 1152 id
403 1128 451 1153 est
482 1132 545 1152 non
579 1123 702 1161 aperire
732 1129 833 1154 totum
858 1134 951 1154 suum
975 1123 1150 1160 consilium,

191 1175 255 1194 non
286 1169 392 1204 potest
421 1164 567 1195 damnari
598 1175 700 1204 neque
728 1166 806 1196 vitio
830 1167 929 1197 verti:
960 1166 1019 1196 etsi
1043 1172 1150 1197 tamen

193 1208 218 1237 si
249 1207 322 1238 finis
347 1207 439 1238 istius
463 1207 728 1239 dissimulationis
752 1208 789 1238 ad
814 1209 957 1240 fraudem
981 1213 1149 1248 spectaret,

192 1259 321 1289 semper
350 1250 527 1289 vituperari
559 1250 680 1281 debeat.
726 1250 838 1291 Neque
867 1252 951 1282 enim
974 1251 1063 1282 Deus
1085 1251 1150 1282 illis

193 1292 328 1332 argutiis
358 1293 484 1332 capitur
507 1293 621 1332 quibus
644 1293 735 1324 facile
758 1293 942 1325 hominibus
964 1294 1148 1333 imponitur.

193 1334 304 1373 Quare
323 1334 396 1365 licet
419 1346 524 1366 coram
548 1335 733 1366 hominibus
757 1336 973 1367 dissimulator
996 1347 1058 1367 non
1082 1347 1151 1376 pos-

192 1377 234 1407 sit
253 1377 455 1418 reprehendi,
478 1388 583 1408 coram
597 1377 666 1408 Deo
686 1384 794 1409 tamen
818 1390 890 1410 rens
913 1386 962 1410 est
983 1379 1150 1418 mendacii,

192 1420 245 1459 qui
264 1420 395 1450 fallendi
416 1420 560 1451 animum
585 1420 690 1452 habet.
721 1421 871 1462 Exempli
895 1422 1007 1461 gratia,
1031 1422 1056 1453 si
1080 1423 1152 1462 quis

192 1462 307 1493 vitium
328 1461 506 1494 dissimulet
525 1474 656 1493 suarum
677 1465 841 1501 mercium,
866 1475 945 1504 quae
968 1464 1096 1496 fallaces
1120 1470 1150 1495 et

191 1504 321 1536 fucosae
339 1511 423 1542 sunt,
448 1505 507 1537 etsi
530 1506 687 1536 mendacii
711 1517 774 1537 non
799 1507 897 1546 possit
920 1507 1073 1546 convinci,
1096 1519 1149 1538 ne-

192 1557 252 1587 que
295 1549 437 1579 accusari
478 1547 563 1588 quod
602 1550 796 1589 persuaserit
829 1549 912 1590 quod
946 1549 1038 1580 aliter
1071 1555 1149 1588 erat,

192 1595 300 1621 tamen
331 1590 386 1630 qui
417 1601 490 1622 cum
521 1591 657 1631 simplici
681 1602 816 1632 persona
838 1602 904 1622 rem
929 1591 1048 1628 habuit,
1071 1603 1150 1633 quae

192 1632 340 1673 detegere
358 1633 474 1664 vitium
498 1644 559 1664 non
585 1634 694 1673 potuit,
719 1634 809 1665 frans
832 1635 885 1665 illa
909 1641 964 1671 est,
989 1641 1021 1665 et
1042 1645 1149 1666 coram

191 1674 262 1706 Deo
292 1676 368 1706 furti
403 1676 469 1707 loeo
501 1676 647 1707 habetur.
692 1676 801 1715 Quare
825 1678 921 1708 finem
945 1677 1149 1709 consiliorum

191 1728 318 1757 semper
347 1718 555 1758 spectandum
588 1729 657 1749 esse
686 1720 833 1757 sciamus,
865 1731 929 1750 non
958 1720 991 1750 in
1016 1728 1149 1752 externa

190 1760 292 1791 forma
322 1767 447 1792 tantum
477 1761 684 1798 haerendum,
716 1772 819 1801 neque
842 1762 976 1802 argutiis
998 1768 1029 1793 et
1051 1763 1149 1794 subti-

190 1802 337 1834 litatibus
371 1803 542 1839 utendum,
587 1815 720 1844 quarum
756 1805 903 1836 homines
936 1815 994 1836 sua
1027 1806 1150 1837 malitia

191 1851 270 1876 sunt
300 1847 393 1886 periti
425 1847 572 1882 artifices,
602 1846 684 1886 quod
713 1848 804 1886 aequi
835 1854 866 1877 et
897 1848 971 1879 boni
1002 1849 1148 1879 notitiam

190 1899 255 1919 non
290 1888 439 1926 habeant,
471 1895 501 1920 et
531 1889 619 1920 Deus
649 1900 688 1920 ex
715 1900 814 1929 aequo
845 1895 876 1920 et
905 1889 987 1921 bono
1017 1901 1082 1922 non
1110 1903 1149 1923 ex

190 1931 305 1962 callido
340 1939 532 1972 versutoque
566 1932 635 1962 iure
671 1942 737 1962 rem
772 1932 904 1964 iudicari
939 1933 1024 1964 velit.
1078 1934 1148 1965 Iam

189 1973 296 2013 itaque
325 1979 361 2005 ut
382 1973 544 2005 Samuelis
575 1975 693 2005 factum
716 1974 944 2015 expendamus,
975 1975 1148 2008 observan-

189 2015 265 2047 dum
296 2016 376 2047 nihil
406 2017 512 2057 ipsum
536 2017 713 2054 simulasse,
744 2018 798 2047 sed
824 2017 940 2049 dixisse
962 2018 1046 2058 quod
1069 2026 1146 2056 erat,

186 2069 304 2099 nempe
318 2070 351 2090 se
365 2059 404 2090 ad
417 2059 664 2091 sacrificandum
678 2060 815 2091 venisse.
838 2060 1007 2092 Caeterum
1027 2063 1147 2093 nemini

186 2101 333 2133 fraudem
364 2102 448 2139 fecit,
476 2103 636 2132 neminem
669 2102 800 2142 decepit,
834 2103 930 2134 nullis
956 2114 1031 2134 usus
1054 2105 1147 2136 malis

187 2145 321 2181 artibus,
352 2144 408 2176 sed
437 2144 508 2175 Deo
538 2144 658 2176 iubenti
690 2144 942 2185 obtemperavit:
973 2146 1055 2186 quod
1085 2147 1147 2178 Dei

188 2187 358 2218 consilium
389 2197 487 2227 quum
514 2187 621 2218 adhuc
648 2198 716 2218 esse
747 2188 907 2218 occultum
930 2188 1019 2220 Deus
1044 2190 1147 2229 vellet,

187 2239 252 2259 non
293 2230 435 2269 oportuit
475 2230 578 2269 palam
620 2229 809 2270 praedicari.
864 2230 1000 2263 Davidis
1040 2238 1146 2264 autem

189 2273 373 2302 unctionem
403 2272 561 2303 occultam
590 2282 659 2303 esse
688 2272 825 2310 volebat¹
856 2273 954 2305 donec
984 2285 1042 2305 suo
1067 2281 1147 2306 tem-

188 2324 266 2354 pore
303 2314 575 2345 manifestaretur.
631 2314 741 2353 Quare
783 2315 864 2346 nihil
901 2316 1147 2356 reprehensione

189 2356 322 2397 dignum
336 2357 369 2387 in
389 2368 425 2387 eo
443 2357 574 2388 consilio
597 2357 680 2397 quod
704 2364 856 2397 sequutus
878 2364 927 2390 est
949 2358 987 2390 de
1010 2361 1148 2401 tegenda

189 2399 340 2430 unctione
371 2400 475 2439 specie
506 2400 662 2439 sacrificii,
694 2401 842 2439 quoniam
873 2401 996 2432 nullum
1019 2404 1148 2434 suberat

189 2441 406 2477 mendacium,
437 2447 468 2471 et
491 2442 565 2472 finis
590 2443 690 2473 bonus
713 2448 790 2478 erat,
815 2454 915 2483 neque
938 2444 977 2474 ad
1001 2444 1147 2477 fraudem

189 2483 289 2515 ullam
312 2490 367 2515 ant
390 2483 499 2515 dolum
523 2484 715 2523 pertinebat:
739 2484 794 2516 sed
806 2485 942 2518 Davidis
963 2489 1148 2520 unctionem

189 2527 281 2557 Deus
312 2527 401 2558 velut
427 2526 577 2566 quiddam
608 2527 689 2557 clam
721 2527 909 2567 depositum,
941 2536 971 2560 et
993 2537 1148 2571 tanquam

189 2569 307 2609 pignus
327 2569 498 2609 diligenter
517 2574 718 2600 asservatum
738 2580 806 2601 esse
826 2571 935 2603 voluit.
961 2572 1052 2604 Istud
1072 2585 1148 2615 ergo

190 2613 251 2643 fuit
281 2612 414 2643 Domini
444 2611 477 2641 in
510 2611 660 2642 unctione
691 2612 824 2644 Davidis
852 2614 1029 2654 consilium⁷
1063 2617 1148 2656 qnod

291 2662 400 2690 Calvini
415 2669 508 2695 opera.
546 2662 606 2688 Vol.
621 2662 719 2688 XXX.

857 178 906 210 IN
928 179 955 210 Ι.
978 177 1065 209 LIB.
1089 175 1287 207 SAMUEL.
1311 176 1408 207 CAP.
1432 175 1525 207 XVI.

1174 1847 1176 1852 '
1201 1857 1291 1877 sacra
1319 1848 1443 1880 offerre.

1172 2595 1175 2640 l

2123 183 2182 213 162

1221 269 1353 308 proinde
1384 270 1483 300 noluit
1513 282 1530 301 a
1561 271 1715 311 propheta
1746 272 1907 313 evulgari:
1943 272 1997 304 sed
2028 274 2178 306 sacrificii

1220 313 1324 351 specie
1348 313 1412 349 tegi
1437 313 1610 344 mandavit.

1305 355 1460 394 Sequitur
1494 356 1660 396 deinceps:
1695 357 1779 388 Fecit
1811 368 1878 396 erqo
1914 357 2058 399 Samuel,
2098 360 2177 391 sicut

1219 396 1362 435 loquutus
1391 400 1432 428 est
1461 399 1488 429 ei
1511 399 1680 431 Dominus:
1713 401 1849 439 venitque
1879 401 1910 431 in
1935 400 2121 442 Bethlehem,
2151 405 2176 433 et

1219 440 1370 470 admirati
1398 443 1476 475 sunt,
1509 442 1568 477 vel,
1600 445 1625 472 ec
1647 443 1820 483 conyregsatz'
1843 447 1914 474 sunt
1936 443 2002 483 (sed
2028 445 2104 474 satis
2128 451 2175 476 est

1220 482 1371 521 frequens
1390 483 1422 512 in
1447 484 1544 514 sacris
1567 484 1787 516 admirationis
1810 486 2010 525 significatio.
2034 492 2065 517 et
2088 497 2174 527 spec-

1220 528 1266 554 tat
1298 526 1398 565 magis
1428 525 1466 555 ad
1496 535 1680 566 sequentem
1713 528 2010 570 interrogationem)
2039 531 2174 561 seniores

1216 567 1350 598 civitatis
1366 571 1551 599 occurrentes
1573 570 1633 607 eis,
1661 571 1878 609 dirorumque:
1908 570 2102 610 Pacificusne
2130 575 2174 603 est

1216 609 1374 648 inyressus
1402 614 1498 641 tuus?
1541 612 1686 643 Insolens
1716 615 1801 643 enim
1831 618 1899 644 erat
1929 613 1989 644 iste
2013 614 2173 646 adventus

1214 652 1399 691 prophetae,
1422 654 1513 685 cuius
1533 655 1619 685 nulla
1638 666 1732 685 causa
1753 656 1942 695 apparebat:
1964 667 2065 696 neque
2085 658 2171 688 enim

1214 700 1308 725 antea
1341 696 1449 726 venire
1473 707 1509 727 eo
1532 703 1757 728 consueverat:
1787 709 1883 738 quare
1906 699 2042 729 subitam
2068 705 2098 730 et
2122 710 2169 730 re-

1213 738 1377 775 pentinam
1408 739 1543 779 aliquam
1569 750 1693 771 causam
1718 741 1879 771 subortam
1904 752 1972 772 esse
1995 742 2168 781 oportebat.

1211 779 1336 811 Idcirco
1366 781 1468 821 igitur
1498 782 1717 814 admirationis
1740 784 1903 814 seniorum
1928 784 1979 814 hic
2003 785 2039 815 fit
2063 786 2164 815 nomi-

1210 822 1311 853 natim
1336 825 1466 855 mentio.
1509 825 1591 855 Nam
1616 836 1678 856 non
1703 832 1770 857 erat
1793 826 2021 866 prophetarum
2046 838 2115 858 mos
2137 834 2168 858 et

1209 867 1405 897 consuetudo
1440 873 1558 898 temere
1594 868 1656 900 huc
1689 869 1765 900 illuc
1797 869 1919 909 vagari,
1954 870 2014 900 nisi
2050 880 2168 911 magna

1209 907 1315 947 aliqua
1345 916 1476 950 cogente
1507 910 1577 941 illos
1600 912 1797 942 necessitate.
1843 911 1992 943 Seniores
2015 923 2090 952 ergo
2113 914 2166 944 isti

1207 949 1369 982 Samuelis
1399 953 1572 983 adventum
1602 954 1758 990 admirati,
1783 959 1814 985 et
1837 955 2021 994 ignorantes
2043 966 2083 985 an
2109 956 2166 986 ali-

1206 993 1282 1032 quid
1307 994 1434 1025 adversi
1458 995 1689 1028 Bethlehemae
1718 997 1891 1035 accidisset,
1920 1005 2088 1038 quaerunt⁷
2113 999 2165 1029 sit-

1205 1046 1245 1065 ne
1275 1037 1424 1075 pacificus
1454 1038 1554 1077 ipsius
1578 1039 1745 1070 adventus.
1790 1040 1883 1071 Pacis
1906 1047 2013 1070 autem
2037 1041 2165 1072 nomine

1204 1079 1337 1117 quaevis
1361 1090 1513 1120 prospera
1538 1081 1770 1123 intelliguntur,
1795 1083 1886 1122 quasi
1910 1083 2162 1123 interrogarent:

1203 1120 1321 1152 Sintne
1347 1124 1455 1153 omnia
1481 1134 1640 1164 prospera,
1663 1135 1702 1155 an
1726 1126 1806 1156 bene
1828 1127 1936 1158 omnia
1960 1139 1993 1158 sc
2013 1128 2160 1159 habeant.

1203 1162 1374 1204 Respondit
1397 1166 1499 1205 itaque
1524 1166 1649 1198 Samuel
1656 1180 1664 1198 .·
1695 1168 1855 1208 Pacificas,
1878 1171 1919 1201 ad
1940 1171 2162 1205 immolandum

1202 1205 1337 1238 Domino
1354 1209 1430 1239 veni.
1455 1209 1557 1239 Porro
1570 1210 1782 1242 Bethlehema
1799 1219 1867 1243 tum
1882 1224 1945 1245 non
1964 1224 2032 1246 erat
2052 1219 2161 1258 magni

1202 1250 1352 1288 nominis,
1375 1251 1429 1281 sed
1450 1257 1574 1282 tantum
1595 1253 1728 1293 exiguus
1752 1265 1869 1295 pagus:
1893 1258 2161 1296 quemadmodum

1202 1291 1349 1324 Micheas
1379 1294 1545 1333 propheta,
1577 1295 1708 1326 Domini
1740 1300 1840 1329 nostri
1864 1299 1937 1330 Iesu
1960 1300 2082 1332 Christi
2107 1303 2161 1333 ad-

1203 1340 1335 1366 ventum
1357 1337 1555 1375 praedicens,
1580 1339 1640 1368 ait:
1664 1339 1707 1369 At
1731 1344 1765 1370 tu
1780 1341 1972 1373 Bethlehem
1986 1344 2160 1383 Ephratae‚

1203 1382 1240 1407 ut
1262 1377 1305 1408 sis
1329 1379 1463 1410 minima
1485 1380 1517 1410 in
1543 1380 1675 1412 ducibus
1697 1381 1846 1420 Iehudae,
1872 1395 1911 1415 ex
1936 1391 1965 1416 te
1988 1387 2067 1417 mihi
2092 1399 2161 1427 pro-

1204 1419 1284 1451 dibit
1308 1421 1437 1452 futurus
1460 1422 1641 1453 dominator
1664 1425 1693 1454 iu
1719 1425 1847 1457 Israele.
1886 1427 2077 1460 Bethlehem
2101 1431 2160 1471 igi—

1204 1467 1257 1492 tur
1287 1468 1354 1494 tum
1386 1475 1447 1495 non
1480 1471 1549 1496 erat
1571 1466 1693 1497 illustre
1717 1474 1769 1498 aut
1793 1469 1898 1500 nobile
1921 1471 2082 1510 oppidum,
2107 1473 2161 1504 sed

1203 1504 1355 1545 ignobilis
1385 1517 1485 1547 pagus
1516 1515 1545 1538 et
1576 1509 1703 1548 quidem
1733 1522 1771 1541 ex
1802 1513 2023 1545 remotissimis
2048 1521 2160 1546 terrae.

1203 1548 1252 1578 Eo
1285 1554 1393 1580 tamen
1423 1561 1455 1580 se
1486 1552 1611 1581 venisse
1634 1552 1671 1582 ad
1696 1554 1925 1585 immolandum
1950 1556 1993 1586 ait
2018 1556 2159 1590 Samuel.

1203 1590 1274 1621 Non
1295 1591 1427 1623 dubium
1448 1599 1553 1623 autem
1574 1594 1648 1633 quin
1668 1596 1809 1627 seniores
1828 1597 1886 1628 sibi
1905 1609 2029 1630 summo
2049 1600 2159 1632 honori

1202 1633 1362 1671 duxerint,
1387 1635 1469 1675 quod
1494 1637 1648 1676 propheta
1671 1637 1773 1669 locum
1797 1639 1890 1670 illum
1913 1641 1951 1671 ad
1976 1652 2065 1673 sacra
2090 1644 2159 1675 Deo

1201 1676 1345 1708 facienda
1369 1677 1548 1718 delegisset.

1286 1718 1350 1752 Sed
1374 1719 1426 1751 hic
1450 1722 1563 1751 iterum
1588 1723 1695 1761 quaeri
1719 1729 1832 1763 potest,
1857 1726 2014 1765 quomodo
2027 1727 2159 1759 Samuel

1201 1761 1260 1791 sibi
1297 1767 1421 1793 tantum
1456 1765 1651 1803 permiserit:
1686 1766 1768 1805 quod
1804 1777 1866 1798 non
1902 1775 1984 1799 esset
2014 1781 2159 1802 summus

1201 1804 1357 1836 sacerdos.
1389 1816 1424 1837 ac
1454 1807 1586 1846 proinde
1618 1818 1679 1838 non
1714 1816 1795 1839 esset
1824 1810 1923 1850 ipsius
1947 1822 2066 1843 munus
2090 1814 2159 1844 Deo

1490 1849 1660 1881 Praeterea
1692 1862 1753 1881 non
1783 1858 1831 1883 est
1855 1854 2029 1885 verisimile
2053 1866 2158 1887 arcam

1200 1890 1340 1921 foederis
1364 1897 1418 1921 aut
1442 1893 1661 1923 sanctuarium
1687 1894 1782 1924 fuisse
1806 1900 1873 1925 tum
1898 1907 1934 1926 eo
1957 1897 2025 1928 loci.
2061 1898 2158 1929 Colli-

1200 1933 1306 1972 gimus
1342 1940 1447 1964 autem
1484 1935 1584 1972 facile,
1619 1936 1886 1975 quemadmodum
1921 1950 1959 1969 ex
1995 1940 2065 1972 aliis
2094 1942 2158 1972 iam

1200 1975 1278 2006 locis
1297 1976 1549 2015 observavimus,
1573 1979 1724 2018 populum
1751 1990 1767 2009 a
1791 1981 1930 2019 puritate
1955 1983 2033 2022 legis
2057 1994 2158 2015 reces-

1200 2018 1289 2055 sisse,
1313 2019 1512 2060 multumque
1535 2021 1593 2051 sibi
1617 2021 1797 2060 permisisse
1821 2023 1851 2052 in
1875 2022 1935 2054 Dei
1960 2026 2056 2061 cultu.
2080 2026 2158 2058 adeo

1200 2065 1236 2090 ut
1266 2061 1362 2092 fuerit
1395 2062 1486 2093 valde
1516 2071 1694 2102 corruptus.
1739 2064 1808 2095 Iam
1839 2076 1915 2105 ergo
1945 2068 1971 2097 si
1995 2069 2161 2107 quaeritur

1200 2103 1277 2142 quid
1309 2104 1347 2135 de
1370 2103 1532 2136 Samuelis
1566 2107 1646 2136 facto
1675 2106 1880 2138 iudicandum
1905 2109 1957 2145 sit,
1988 2110 2159 2143 dicendum

1200 2157 1264 2176 non
1298 2157 1391 2186 posse
1426 2159 1482 2178 nec
1517 2148 1630 2179 debere
1664 2149 1742 2179 illud
1777 2150 1808 2180 in
1844 2152 2026 2191 exemplum
2063 2155 2158 2185 trahi.

1199 2189 1305 2219 Deum
1327 2196 1434 2220 autem
1455 2191 1589 2230 quodam
1612 2192 1778 2231 privilegio
1797 2198 1829 2223 et
1848 2194 2017 2225 tolerantia
2043 2197 2158 2228 vitium

1199 2231 1278 2262 illud
1310 2232 1515 2268 condonasse,
1547 2240 1578 2263 ut
1613 2245 1667 2264 nos
1697 2241 1841 2273 oporteat
1865 2247 1991 2277 semper
2015 2239 2052 2269 ad
2078 2240 2159 2280 legis

1199 2274 1370 2306 formulam
1391 2280 1420 2306 et
1445 2277 1676 2315 praescriptum
1701 2283 1829 2309 nostras
1852 2280 1992 2311 actiones
2016 2282 2156 2321 exigere.

1198 2317 1282 2347 Nam
1303 2318 1328 2348 si
1354 2324 1499 2348 veterum
1525 2326 1706 2349 sanctorum
1731 2320 1907 2360 singularia
1929 2323 2012 2354 facta
2035 2325 2155 2356 imitari

1199 2366 1230 2391 et
1248 2361 1280 2391 in
1303 2361 1483 2400 exemplum
1509 2361 1634 2391 trahere
1658 2362 1814 2402 volumus,
1836 2364 1869 2394 in
1894 2365 2086 2398 immensum
2110 2369 2155 2399 la-

1199 2403 1387 2443 byrinthum
1429 2403 1605 2433 incidemus
1647 2415 1685 2434 ex
1721 2415 1782 2444 quo
1816 2416 1877 2437 non
1913 2407 2006 2439 detur
2040 2410 2154 2449 exitus,

1198 2445 1463 2485 quemadmodum
1505 2446 1621 2476 factum
1663 2447 1816 2479 videmus.
1877 2449 2019 2482 Obsecro
2059 2453 2155 2491 enim,

1199 2488 1283 2519 unde
1305 2493 1394 2518 tanta
1417 2488 1578 2527 dissipatio
1601 2489 1633 2518 in
1658 2490 1822 2521 ecclesiam
1846 2492 1983 2531 invecta,
2008 2501 2042 2524 ut
2066 2496 2155 2527 nulla

1200 2531 1364 2571 religionis
1394 2531 1493 2561 forma
1524 2533 1716 2570 apparuerit,
1748 2533 1809 2564 nisi
1840 2535 1922 2575 quod
1956 2537 1988 2566 in
2019 2538 2155 2570 aliorum

1199 2574 1282 2603 facta
1310 2573 1442 2603 coniecti
1471 2579 1545 2603 sunt
1575 2574 1665 2612 oculi,
1700 2585 1780 2615 quae
1811 2577 1924 2609 deinde
1955 2589 2012 2618 pro
2042 2582 2154 2620 regula

1199 2621 1273 2646 sunt
1304 2615 1427 2655 posita?
1480 2615 1591 2656 Neque
1624 2627 1697 2648 vero
1727 2619 1812 2650 istud
1836 2620 1956 2651 malum
1980 2632 1999 2653 a
2022 2623 2156 2655 Domini

1919 2672 1951 2697 11
