2551 3044
250 188 310 219 713

250 286 377 314 rentur·

251 331 283 357 et
313 325 663 356 obmurmurationibus
693 325 919 363 obtemperans

250 369 391 400 misisse:
436 368 489 407 qui
535 377 683 398 reversus
723 366 919 398 Auialeeitas
961 367 1208 406 deprehenderit

250 411 363 442 urbem
387 410 534 442 incendio
557 416 589 440 ct
617 409 737 448 rapinis
762 410 956 441 vastavisse:
989 420 1104 449 eosque
1128 411 1207 441 inse-

250 459 370 492 quutus
382 452 587 489 interfecerit,
601 451 816 491 praedamque
830 453 1036 491 recuperarit.
1061 452 1206 483 Tandem

250 506 327 526 vero
350 495 388 526 ad
410 494 543 526 Saulem
567 494 796 524 revertendum
820 500 896 529 erat.
921 495 975 534 qui
999 495 1038 525 ab
1063 495 1207 526 hostibus

249 549 347 577 quum
372 543 580 577 premeretur,
611 542 643 566 et
672 535 795 567 nullum
823 536 999 568 remedium
1024 538 1118 568 malis
1141 539 1207 568 suis

249 581 421 615 inveniret,
452 578 492 609 ad
523 578 754 618 Pythonissam
786 579 872 609 illam
899 581 986 610 venit
1009 580 1205 611 sciscitatum

249 621 322 662 belli
345 627 506 657 eventum,
536 632 573 651 ex
598 632 659 660 qua
681 622 739 652 sibi
764 629 898 652 mortem
923 623 1091 653 imminere
1115 623 1207 654 intel-

248 665 335 696 lexit.
360 667 466 703 Atque
487 664 564 695 haec
582 663 784 694 observanda
805 672 889 701 sunt,
911 675 951 695 ne
970 666 1041 704 quis
1062 666 1206 703 miretur,

248 706 357 738 Saulis
390 712 527 737 mortem
562 706 687 737 narrari
720 707 871 746 quamdiu
908 707 1014 738 'David
1052 708 1206 738 adversus

247 749 467 780 Hamalecitas
501 758 692 788 progressus
721 755 777 779 est.
825 749 906 780 Nam
943 750 1057 789 alioqui
1093 751 1207 781 merito

247 796 380 831 quaerat
403 791 529 831 aliquis,
552 791 708 831 quomodo
733 798 795 821 tam
821 792 925 823 subito
938 793 1016 823 Saul
1036 793 1206 833 moriatur,

246 840 278 865 et
298 834 427 864 interim
450 845 487 865 ea
506 834 642 865 mutatio
665 845 772 864 rerum
792 834 913 865 incidat
932 846 1014 875 quae
1034 845 1095 866 non
1111 836 1206 866 unius

247 876 318 914 diei,
351 883 405 907 aut
437 877 579 911 alterius,
610 876 664 907 sed
696 877 789 916 lono'e
821 877 963 917 plurium
995 878 1077 908 fuit?
1113 878 1205 916 Quae

245 920 409 950 contiaria
429 920 615 950 viderentur
639 926 669 949 et
691 920 751 949 sibi
772 930 962 968 mpugnme,
986 921 1048 951 nisi
1061 921 1206 951 dicamus

245 972 314 993 esse
338 961 497 1001 quoddam
523 958 640 1001 ὕστερον
662 962 806 1001 πρότερον
829 963 861 992 111
886 963 948 993 ista
973 963 1164 994 nairatione.

330 1005 548 1035 Transeamus
584 1005 693 1044 itaque
723 1005 761 1035 ad
794 1004 945 1036 historiae
975 1007 1205 1043 narrationem,

244 1057 306 1087 qua
329 1047 447 1078 dieitur
467 1047 654 1078 Philistaeos
669 1057 828 1086 pugmasse
861 1049 1010 1079 adversus
1030 1048 1204 1086 Israhelitas,

244 1092 271 1120 et
291 1091 418 1130 fuyasse
438 1090 522 1128 ipsos
544 1093 570 1120 et
589 1090 697 1120 Saulis
718 1090 810 1128 filios,
832 1091 894 1121 imo
916 1093 941 1122 et
963 1091 1067 1129 ipsum
1080 1090 1204 1122 Saulem

243 1133 424 1172 insequutos
434 1134 542 1170 tuisse.
560 1132 686 1171 Quibus
700 1132 804 1163 verbis
818 1144 880 1163 non
893 1134 972 1164 levis
981 1134 1089 1173 aliqua
1098 1133 1204 1165 clades

244 1180 374 1215 accepta
386 1180 545 1211 narratur,
570 1185 764 1214 quamquam
778 1176 855 1215 fuga
875 1176 968 1207 multi
987 1176 1122 1207 salutem
1143 1177 1202 1207 sibi

244 1219 484 1257 quaesiverunt.
529 1217 594 1248 Sed
626 1228 725 1257 quum
755 1218 794 1248 ad
825 1219 930 1258 ipsum
963 1229 1071 1258 regem
1095 1218 1202 1249 hostes

245 1268 472 1300 pervenerunt,
497 1266 528 1291 et
539 1260 622 1291 filios
640 1261 741 1300 ipsius
754 1261 994 1295 iuterfecerunt.
1019 1262 1097 1292 satis
1111 1272 1201 1301 aper-

244 1308 312 1333 tum
337 1304 464 1343 signum
489 1307 546 1338 est,
570 1313 722 1343 magnam
742 1304 838 1334 fuisse
858 1304 973 1334 factam
994 1304 1033 1334 ab
1058 1304 1202 1334 hostibus

243 1351 395 1385 stragem.
441 1345 558 1376 Nonne
587 1356 663 1376 vero
694 1346 783 1376 Deus
811 1347 963 1386 populum
995 1347 1202 1378 israeliticum

242 1388 302 1419 sibi
327 1395 480 1428 tanquam
504 1388 666 1428 peculium
690 1389 931 1428 assumpserat?
955 1389 1072 1420 Nonne
1091 1396 1203 1420 contra

241 1430 411 1462 Philistaei
443 1431 656 1462 incircumcisi
688 1441 768 1471 gens
792 1437 861 1462 erat
883 1431 1038 1471 improba,
1070 1432 1202 1471 Deoque

241 1474 348 1504 invisa
371 1480 402 1504 et
422 1473 614 1504 maledicta?
635 1474 804 1511 Quomodo
826 1475 927 1522 igitur
938 1474 1028 1505 Deus
1052 1485 1105 1505 eos
1125 1475 1203 1506 sinit

242 1516 281 1547 de
299 1516 457 1547 Israelitis
488 1516 700 1556 triumphare
731 1526 810 1555 quos
841 1517 873 1547 in
897 1526 987 1547 suam
1013 1517 1145 1548 tutelam
1170 1524 1202 1548 et

241 1559 424 1590 clientelam
449 1569 483 1590 se
506 1564 712 1606 recepturum
740 1559 951 1608 promiserat?
982 1559 1047 1590 Sed
1071 1560 1124 1590 hic
1146 1560 1200 1590 ob-

241 1602 436 1633 servandum
472 1601 555 1640 quod
589 1602 621 1632 in
655 1602 755 1632 sacris
788 1604 916 1649 saepius
949 1603 1103 1639 occurrit,
1138 1602 1200 1632 Dei

240 1654 358 1684 nempe
370 1644 525 1675 iudicium
538 1654 556 1674 a
569 1644 661 1674 domo
673 1654 730 1674 sua
742 1644 893 1684 incipere.
918 1644 1199 1683 Quemadmodum

240 1687 326 1718 enim
348 1688 448 1717 bonus
472 1686 702 1726 paterfamilias
726 1686 914 1718 domesticos
934 1687 1093 1726 observat,
1117 1693 1148 1718 et
1167 1688 1198 1718 in

238 1729 322 1760 filios
344 1740 418 1760 suos
441 1729 679 1764 animadvertit,
704 1730 807 1769 potius
820 1740 916 1769 quam
941 1731 972 1760 in
993 1731 1131 1761 vicinos:
1157 1731 1200 1761 ita

239 1772 345 1803 Deum
377 1782 512 1811 aequum
544 1778 592 1802 est
620 1782 674 1803 eos
710 1772 748 1802 ad
784 1783 862 1811 quos
898 1773 1029 1812 propius
1067 1774 1199 1804 accessit

238 1815 362 1854 sibique
391 1821 545 1854 tanquam
579 1814 740 1854 peculium
775 1815 874 1855 elegit
901 1816 999 1846 etiam
1029 1817 1197 1856 castigare,

239 1863 270 1888 et
293 1858 439 1888 labentes
460 1857 628 1896 corrigere.
674 1857 836 1896 Populum
865 1858 967 1897 igitur
988 1858 1197 1889 israeliticum

238 1899 391 1940 quoniam
427 1899 517 1930 Deus
548 1900 580 1929 in
616 1900 770 1939 populum
805 1911 898 1931 suum
934 1901 1091 1940 elegerat,
1126 1901 1197 1932 ideo

237 1944 334 1974 etiam
359 1948 509 1981 tanquam
536 1942 694 1982 benignus
724 1948 815 1982 pater
838 1943 872 1973 in
902 1943 1042 1983 ipsorum
1066 1951 1197 1983 peccata

238 1984 478 2017 animadvertit.
519 1984 632 2023 Neque
655 1986 740 2016 enim
765 1996 841 2016 sanc
864 1986 953 2017 Deus
977 1997 1035 2017 nos
1059 1987 1091 2016 in
1115 1988 1197 2017 filios

237 2028 376 2068 adoptat,
408 2038 446 2058 ea
468 2027 651 2058 conditione
681 2032 717 2058 ut
739 2027 829 2058 laxas
854 2028 996 2059 habenas
1023 2031 1196 2068 permittat,

237 2077 269 2102 et
292 2076 329 2101 ut
350 2075 503 2110 tanquam
527 2071 684 2101 effraenes
715 2071 787 2109 equi
810 2072 907 2101 nullis
935 2073 1197 2112 castigationibus

238 2113 455 2144 subiiciamur.
480 2112 568 2151 Quid
588 2113 683 2149 enim,
708 2114 847 2151 obsecro,
872 2114 971 2149 nobis.
995 2115 1071 2154 quid
1088 2115 1198 2145 divina

238 2156 361 2186 iustitia
379 2154 491 2186 fieret?
523 2155 638 2186 Nonne
669 2156 812 2186 omnium
842 2157 921 2188 risui
951 2167 1020 2187 sese
1042 2168 1197 2197 suamque

237 2198 393 2229 iustitiam
418 2205 601 2237 exponeret.
626 2198 729 2228 Deum
743 2198 850 2238 itaque
863 2210 920 2230 nos
933 2199 972 2229 ad
985 2209 1018 2230 se
1032 2207 1196 2231 vocantem

237 2245 363 2281 oportet
385 2241 429 2271 010
454 2241 672 2271 misericordia
701 2251 758 2272 sua
781 2245 898 2282 tegere.
929 2247 964 2272 ut
987 2243 1197 2274 nihilominus

237 2284 270 2314 in
296 2287 425 2323 peccata
446 2284 594 2322 inquirat,
625 2283 811 2315 aberrantes
834 2285 867 2314 in
891 2286 974 2315 viam
1002 2285 1142 2323 reducat,
1166 2292 1197 2317 et

237 2326 279 2357 ad
290 2325 522 2366 poeniteutiam
536 2330 637 2363 vocet⁷
660 2327 821 2366 castigans
833 2333 963 2367 peccata
980 2333 1089 2358 nostra
1102 2334 1197 2367 prout

238 2368 391 2409 expedire
414 2369 610 2407 cognoverit.
657 2368 766 2408 Neque
790 2380 865 2400 vero
895 2377 1002 2401 tamen
1027 2377 1196 2409 propterea

236 2411 409 2449 increduli,
441 2416 473 2440 et
503 2411 556 2449 qui
588 2421 606 2442 a
635 2411 705 2442 Deo
735 2418 811 2442 sunt
839 2412 936 2443 alieni
967 2413 1096 2443 meliore
1126 2413 1195 2445 loco

237 2458 314 2485 sunt
344 2459 375 2484 et
404 2452 605 2484 conditione:
635 2465 709 2484 nam
739 2455 880 2494 alioquin
908 2456 1090 2486 felicitatem
1115 2457 1194 2495 ipsis

236 2496 463 2531 invideremus,
494 2506 590 2534 quum
617 2495 722 2527 Deum
753 2507 828 2528 suos
856 2498 1013 2538 castigare
1032 2498 1193 2529 audimus.

238 2538 281 2570 Et
303 2539 396 2569 multi
427 2539 584 2577 supplicia
607 2539 751 2575 vitaturi,
782 2541 821 2570 ab
851 2540 920 2580 ipso
950 2542 1060 2580 procul
1083 2541 1193 2572 abesse

235 2586 404 2621 cuperent:
443 2580 497 2612 sed
527 2583 685 2621 scriptura
715 2582 831 2622 passim
862 2590 998 2614 testatur
1031 2583 1192 2623 improbos

236 2634 293 2655 0110
316 2629 460 2663 tempore
483 2633 601 2663 poenas
625 2624 752 2655 divinas
775 2636 838 2655 non
861 2625 1011 2666 effugere.
1037 2625 1092 2657 Sic
1115 2627 1190 2657 dicit

882 189 928 220 IN
954 189 977 220 Ι.
1003 189 1089 220 LIB.
1115 189 1311 220 SAMUEL.

1336 191 1432 221 (ῚΛΡ.
1459 189 1587 221 XXXI.
2158 191 2216 220 714

410 293 465 314 rex.
499 293 573 314 vero
605 283 704 313 Aehis
734 281 858 312 dicatur
888 282 1017 312 illorum
1047 283 1207 313 mandatis
1232 284 1235 309 l
1261 284 1414 321 proplma
1439 283 1554 316 Deum
1587 296 1682 324 quum
1717 296 1795 332 opus
1819 295 1912 315 01111111
1939 286 1967 314 111
1994 284 2091 315 Siout·
2114 286 2214 323 perfe-

958 325 1117 356 Davidem
1161 325 1206 356 di-

1259 336 1293 356 0(
1298 332 1347 362 rit
1378 327 1408 355 in
1430 337 1503 356 suos
1528 329 1676 374 deinceps
1701 329 1845 358 inimico-
1870 336 1901 357 et
1926 329 1957 357 in
1988 337 2041 358 eos
2064 326 2117 366 qui
2142 337 2160 356 a
2182 338 2216 356 se

1260 368 1355 398 alieni
1380 375 1456 398 sunt
1480 371 1678 400 irruiturum.
1702 370 1793 408 Opus
1815 380 1888 400 vero
1914 369 1973 399 Dei
1997 375 2091 400 vocat
2104 369 2216 399 Esaias.

1260 410 1416 450 propheta
1439 413 1655 442 correctiones
1685 412 1757 442 illas
1788 413 1904 451 quibus
1937 412 2103 443 ecclesiam
2125 422 2214 442 suani

1259 454 1411 492 castigat:
1435 453 1566 492 ideoque
1591 464 1624 484 se
1648 466 1666 484 a
1689 455 1806 494 populo
1830 465 1886 485 suo
1908 456 2066 485 facturum
2086 454 2214 484 initium

1259 495 1343 527 dicit.
1375 505 1431 534 pro
1455 507 1531 526 cura
1555 503 1687 535 paterna
1712 508 1805 536 quain
1834 498 1871 527 de
1894 498 1972 536 ipsis
1995 497 2087 535 gerit,
2119 497 2214 527 etiam

1258 537 1290 567 111
1316 538 1457 577 ipsorum
1478 547 1606 576 peccata
1625 540 1893 570 animadvertens.
1918 539 1982 570 5011
2004 540 2131 569 interim
2151 550 2213 569 11011

1258 590 1326 610 0000
1350 581 1432 619 quod
1459 581 1565 611 hostes
1589 582 1811 620 impunitatem
1837 588 1974 621 sperent,
1999 582 2056 611 etsi
2077 581 2115 611 ad
2137 590 2215 611 teni-

1258 632 1318 661 pus
1340 634 1393 652 eos
1417 624 1575 656 toleravit,
1607 625 1659 654 scd
1687 625 1813 655 tandem
1839 626 1871 654 in
1902 624 1987 664 ipsos
2011 623 2213 654 animadver-

1258 676 1368 695 surum
1392 670 1423 695 et
1453 665 1579 705 quidem
1611 666 1723 705 plagis,
1754 668 1870 706 quibus
1901 677 1963 697 non
1989 666 2027 697 asl
2051 667 2213 696 meliorem

1259 708 1382 747 frugem
1409 712 1612 746 revocentur⁷
1639 711 1692 738 sed
1724 720 1803 748 quae
1835 709 1967 740 lethales
1992 711 2073 739 sint:
2104 720 2214 747 queni—

1258 750 1429 780 admodum
1454 750 1530 781 alibi
1554 751 1643 782 Deus
1666 762 1722 790 per
1751 752 1938 791 prophetam
1968 752 2108 782 minatur
2139 752 2214 790 ipsis

1259 792 1309 823 his
1334 793 1457 824 verbis:
1489 794 1611 832 Populo
1634 804 1704 824 meo
1733 806 1795 824 non
1828 795 1969 834 peperci:
2002 802 2035 824 tu
2060 804 2137 824 vero
2161 794 2213 832 qni

1258 835 1461 874 iniquitatem
1493 836 1637 866 admittis
1675 847 1783 875 speras
1816 843 1846 866 te
1884 838 2014 876 impune
2049 836 2211 866 laturum?

1258 878 1329 917 Ego
1353 889 1456 918 ipsum
1471 880 1560 917 aquis
1573 879 1740 918 angustiae
1765 881 1878 918 potavi.
1903 880 1957 909 sed
1982 889 2016 909 tu
2041 879 2106 910 irae
2123 889 2213 909 meae

1258 921 1360 951 faeces
1395 922 1528 960 potabis.
1576 922 1661 952 Sane
1696 921 1855 952 Dominus
1894 923 2015 960 potioni
2050 927 2215 960 comparat

1258 966 1423 1003 augustias
1455 970 1486 994 et
1514 964 1712 999 afflictiones.
1743 965 1855 1003 quibus
1886 965 2053 994 hominum
2085 972 2214 1003 peccata

1257 1006 1430 1044 ulciscitur,
1454 1007 1577 1046 potioni
1600 1007 1730 1045 inquam
1755 1017 1882 1038 amarae
1906 1014 1935 1036 ct
1959 1006 2105 1038 acerbae:
2136 1016 2214 1046 quas

1257 1048 1331 1079 dum
1360 1050 1447 1088 impii
1473 1060 1537 1079 non
1561 1050 1705 1080 sentiunt
1728 1049 1854 1080 delitias
1877 1049 1934 1080 sibi
1960 1050 2081 1080 faciunt
2101 1055 2133 1080 et
2155 1049 2213 1079 1111-

1256 1092 1435 1130 punitatem
1467 1092 1676 1132 pollicentur:
1707 1091 1761 1122 sed
1792 1093 1935 1122 minatur
1966 1092 2124 1122 Dominus
2146 1092 2213 1122 fore

1256 1139 1291 1164 ut
1313 1145 1411 1173 quum
1433 1145 1506 1164 suos
1526 1136 1740 1174 castigaverit,
1765 1135 1858 1173 longe
1870 1135 2013 1165 acerbior
2025 1141 2056 1165 et
2075 1135 2213 1165 amarior

1255 1177 1298 1207 sit
1328 1177 1468 1207 hostium
1500 1178 1655 1215 conditio,
1684 1177 1767 1216 quod
1797 1188 1896 1216 usque
1927 1177 1965 1207 ad
1997 1179 2115 1207 t'raeces
2146 1178 2212 1207 irae

1256 1219 1385 1250 divinae
1410 1219 1535 1250 bibituri
1561 1221 1635 1250 siut.
1660 1220 1724 1250 Nos
1744 1221 1862 1259 itaque,
1886 1219 1955 1249 Deo
1970 1231 2026 1250 nos
2039 1220 2212 1259 affligente,

1256 1272 1487 1302 cognoscamus
1511 1263 1542 1292 id
1556 1264 1625 1293 fieri
1646 1269 1775 1302 propter
1794 1268 1923 1302 peccata
1940 1268 2064 1292 nostra:
2089 1269 2118 1292 et
2140 1263 2213 1292 licet

1256 1306 1381 1335 interea
1404 1306 1637 1344 conspiciamus
1650 1305 1710 1335 Dei
1735 1312 1764 1335 et
1784 1305 1884 1344 ipsius
1899 1305 1986 1335 verbi
2000 1312 2212 1335 contemtores

1256 1348 1433 1388 impunitos
1464 1349 1575 1378 laetari
1607 1348 1698 1379 nobis
1728 1348 1888 1385 flentibus,
1919 1348 2078 1387 patienter
2101 1348 2212 1377 tolere-

1255 1401 1336 1425 mus.
1361 1390 1488 1421 donec
1480 1392 1540 1430 ipsi
1564 1391 1695 1421 tandem
1709 1390 1851 1421 divinam
1870 1373 2023 1420 iiltionem
2045 1390 2212 1429 experian-

1256 1440 1323 1463 tur:
1355 1438 1385 1463 et
1416 1443 1473 1473 pro
1503 1434 1645 1473 paternis
1679 1432 1967 1472 castignationibus
2004 1433 2035 1463 in
2066 1439 2210 1463 nostrum

1255 1476 1456 1506 commodum
1481 1483 1513 1506 et
1535 1477 1670 1506 salutem
1696 1476 1785 1506 nobis
1815 1475 1976 1511 immissis
2008 1474 2142 1505 lethales
2164 1475 2210 1504 illi

1255 1519 1366 1558 plagas
1389 1523 1421 1549 et
1443 1519 1635 1550 incurabiles
1658 1519 1807 1549 sentiant.
1831 1518 1920 1548 Haec
1943 1517 2042 1557 igitur
2066 1518 2211 1548 doctrina

1255 1570 1303 1592 est
1341 1561 1521 1601 colligenda
1559 1572 1597 1592 ex
1636 1561 1694 1591 hac
1723 1561 1866 1600 historia,
1902 1561 1934 1590 in
1972 1571 2035 1599 qua
2066 1560 2210 1591 videmus

1254 1603 1418 1635 Israelitas
1458 1603 1529 1634 Deo
1575 1604 1778 1643 permittente
1822 1604 1919 1633 fuisse
1963 1613 1981 1633 a
2025 1603 2210 1633 Philistaeis

1252 1656 1370 1686 caesos,
1400 1653 1432 1677 et
1460 1647 1588 1685 quidam
1612 1647 1734 1686 ingenti
1758 1646 1850 1685 plaga
1874 1646 2016 1679 afflictos.
2046 1656 2118 1685 rege
2142 1646 2210 1684 ipso

1252 1700 1323 1720 cum
1374 1689 1448 1720 filiis
1491 1689 1530 1719 ab
1575 1689 1719 1720 hostibus
1768 1688 1935 1719 trucidatis
2009 1688 2100 1725 Quae
2144 1688 2210 1727 qui-

1250 1732 1322 1762 dem
1355 1732 1561 1771 contigerunt
1594 1739 1725 1771 propter
1757 1730 1866 1762 Saulis
1901 1732 2097 1770 pertinacem
2132 1741 2207 1761 con·

1251 1776 1439 1805 tumaciam:
1464 1774 1518 1805 sed
1538 1776 1582 1805 ita
1602 1780 1707 1804 tamen
1730 1781 1764 1804 ut
1783 1773 1947 1804 Israelitae
1966 1773 2080 1812 reliqui
2100 1779 2209 1804 essent

1250 1818 1346 1848 etiam
1370 1818 1430 1857 ipsi
1463 1828 1569 1848 coram
1594 1818 1662 1847 Deo
1686 1817 1740 1848 rei.
1769 1816 1851 1855 quod
1877 1815 1966 1847 Sauli
1996 1816 2207 1855 gratificaturi

1251 1860 1368 1890 bellurn
1412 1860 1567 1891 adversus
1610 1861 1812 1889 innocentem
1854 1859 2036 1898 gessissent.
2100 1858 2206 1889 David

1250 1903 1334 1933 enim
1377 1902 1503 1933 fidelem
1538 1902 1615 1942 ipsis
1653 1912 1783 1941 operam
1822 1908 2006 1935 navaverat,
2046 1907 2078 1931 et
2111 1901 2207 1941 longo

1250 1952 1393 1985 tempore
1417 1946 1522 1976 fuerat
1545 1945 1645 1976 veluti
1668 1944 1808 1983 regionis
1831 1943 2127 1983 propugnaculum:
2152 1943 2205 1974 sed

1249 1988 1376 2018 interim
1398 1998 1470 2018 eum
1490 1987 1673 2034 persequuti
1693 1992 1777 2021 sunt,
1798 1994 1827 2017 et
1847 1987 1974 2016 iniustis
1992 1986 2073 2017 odiis
2086 1987 2207 2016 afflixe-

1249 2037 1326 2060 runt
1349 2031 1381 2061 in
1406 2031 1490 2071 regis
1513 2030 1660 2070 gratiam,
1685 2029 1739 2069 qui
1760 2029 1918 2059 Davidem
1943 2029 2112 2069 tyrannice
2134 2039 2206 2068 per-

1248 2074 1449 2113 sequebatur
1473 2080 1504 2103 et
1523 2073 1682 2103 immerito
1700 2082 1777 2103 cane
1797 2073 1888 2112 peius
1911 2076 1942 2102 et
1961 2082 2066 2112 angue
2085 2072 2204 2102 oderat.

1248 2115 1358 2154 Quum
1393 2126 1468 2156 ergo
1498 2117 1649 2145 miserum
1681 2121 1712 2144 et
1735 2114 1890 2145 afflictum
1914 2114 2088 2152 hominem
2111 2125 2204 2154 quem

1249 2160 1331 2189 tueri
1355 2163 1387 2189 et
1409 2164 1574 2198 protegere
1598 2157 1764 2191 debebmint
1796 2163 1826 2187 et
1851 2156 1960 2188 Saulis
1983 2157 2203 2188 crudelitatem

1248 2203 1435 2238 abominari,
1472 2201 1538 2232 sint
1568 2201 1762 2240 persequuti.
1799 2208 1831 2231 et
1860 2200 1899 2230 ad
1930 2205 2065 2230 mortem
2098 2200 2202 2239 ipsun)

1248 2245 1474 2283 quaesiverint,
1498 2254 1562 2273 non
1586 2243 1683 2273 semel
1708 2249 1802 2281 atque
1825 2243 1951 2279 iterum,
1982 2242 2037 2273 sed
2060 2242 2202 2282 repetitis

1248 2287 1381 2323 vicibus,
1405 2294 1435 2316 et
1458 2287 1613 2316 adversus
1636 2285 1739 2324 ipsum
1764 2286 1846 2316 acies
1864 2285 2091 2324 instruxerint,
2113 2295 2199 2315 suas>

1247 2340 1307 2369 que
1326 2329 1459 2369 sagittas
1472 2328 1599 2359 iaculati
1615 2328 1690 2365 sint,
1709 2338 1816 2358 nonne
1829 2328 1943 2358 merito
1959 2327 2049 2357 Deus
2070 2338 2086 2357 e
2099 2328 2203 2358 medio

1246 2372 1384 2407 sustulit,
1409 2378 1439 2402 et
1462 2370 1606 2401 hostibus
1630 2369 1796 2409 permisit?
1827 2370 1909 2400 Nam
1939 2371 1963 2401 si
1988 2369 2096 2400 David
2120 2381 2202 2400 unus

1247 2426 1262 2444 e
1286 2415 1377 2453 plebe
1401 2418 1526 2444 tantum
1552 2414 1674 2449 fuisset,
1708 2418 1739 2443 et
1761 2423 1864 2452 neque
1888 2413 1971 2443 malo
1995 2423 2096 2451 noque
2121 2413 2202 2443 bono

1246 2457 1293 2487 vel
1334 2456 1450 2496 ipsoss)
1486 2456 1654 2493 affecisset,
1695 2455 1903 2486 intolerabilis
1945 2463 2052 2486 tamen
2096 2455 2201 2486 Sauli>

1244 2500 1366 2530 malitia
1388 2499 1508 2529 fuisset.
1533 2498 1709 2529 Enimvero
1728 2508 1826 2537 quum
1846 2497 2007 2528 Davidem
2026 2499 2094 2537 ipse
2113 2498 2201 2528 Deus

1244 2552 1350 2582 regem
1381 2541 1589 2580 designasset,
1621 2547 1652 2571 et
1681 2541 1739 2571 hoc
1771 2541 1919 2571 omnibus
1943 2541 2145 2573 innotuisset.
2170 2550 2197 2571 et

1328 2633 1354 2667 *)
1375 2634 1503 2660 Fortasse
1519 2634 1671 2667 leyendwm:
1689 2634 1731 2659 vel
1750 2633 1855 2660 Saulem
1874 2634 1916 2659 vel
1933 2635 2014 2666 ipsos.
