2551 3044
388 246 450 280 259

395 347 585 383 querentur:
617 352 714 381 quare
745 343 840 374 etiam
871 343 903 374 in
933 342 988 373 illo
1011 342 1135 373 cantico
1159 340 1220 372 Dei
1244 340 1353 372 laudes

395 385 572 425 praedicari
607 392 637 415 et
668 384 824 416 celebrari
847 385 1020 416 bonitatem
1045 383 1201 415 audimus,
1247 383 1353 423 Atque

394 428 511 458 idcirco
546 428 642 458 etiam
673 429 832 459 canticum
863 428 942 459 illud
967 435 999 458 ut
1025 438 1089 457 rem
1115 425 1208 457 laudo
1231 425 1354 466 dignis·

395 472 510 501 simam
537 470 681 501 videmus
705 470 737 500 in
757 471 826 510 ipso
845 470 925 511 legis
945 470 1106 501 volumine
1125 468 1353 508 conscriptum,

394 519 427 544 et
454 519 489 543 ut
522 513 644 543 facinus
669 514 823 544 memoria
845 513 978 554 dignum
1003 512 1221 543 monumentis
1243 521 1354 542 sacrae

395 556 573 595 scripturae
596 556 761 586 insertum.
808 555 896 596 Ergo
918 567 958 587 ex
983 556 1051 586 istis
1070 554 1275 594 conspicuum
1295 560 1353 593 est,

394 598 545 629 mulieres
579 598 610 628 in
646 598 710 628 illis
743 598 929 638 regionibus
963 597 1188 628 instrumentis
1222 596 1353 627 musicis

394 641 440 671 uti
465 640 586 675 solitas,
610 641 786 680 virtutique
809 640 919 672 datum
944 641 1052 679 fuisse,
1075 641 1163 671 cuius
1187 639 1232 670 rei
1255 639 1352 669 etiam

394 684 469 715 facit
499 683 593 714 fidem
626 683 777 714 Psalmus
806 684 857 723 68,
887 684 941 714 ubi
972 683 1107 714 Davidis
1130 681 1285 713 victoriae
1308 682 1353 712 ita

393 725 632 767 praedicantur,
667 726 721 765 qui
756 726 816 756 fuit
849 727 953 767 figura
986 725 1114 756 Domini
1147 724 1245 755 nostri
1278 724 1351 755 Iesu

395 768 527 806 Christi,
547 774 581 799 ut
600 769 820 808 cuiuscunque
838 769 1026 800 conditionis
1051 768 1191 798 homines
1211 775 1240 797 et
1254 777 1352 798 sexus

394 812 489 842 victis
507 818 537 841 et
558 812 657 841 caesis
678 812 823 842 hostibus
842 812 910 842 Deo
923 812 1043 852 gratias
1055 816 1196 851 agerent,
1216 809 1351 840 Davidis

394 856 477 885 facta
499 860 666 884 canentes:
691 864 754 884 non
779 854 907 894 quidem
932 861 966 885 ut
990 854 1089 893 ipsius
1109 862 1262 892 personae
1281 852 1350 892 dig-

394 897 480 927 nitas
498 897 601 926 omnis
621 897 816 928 tribueretur
835 897 989 928 factorum
1007 897 1216 936 egregiorum,
1241 895 1295 925 sed
1316 900 1351 924 ut

395 939 432 970 ad
458 940 561 978 ipsum
586 938 763 969 Dominum
788 946 933 970 nostrum
957 939 1073 974 Iesum,
1108 939 1199 969 cuius
1222 943 1291 968 erat
1314 938 1349 968 fi-

394 992 485 1019 gura,
525 992 595 1011 esse
629 980 795 1012 referenda
828 982 1074 1012 demonstratur.
1122 981 1152 1011 Is
1186 981 1269 1011 enim
1304 986 1351 1011 est

396 1024 555 1055 Dominus
591 1031 700 1055 noster
732 1023 824 1056 Iesus
856 1024 1007 1056 Christus
1039 1035 1144 1055 coram
1174 1033 1235 1063 quo
1265 1023 1349 1054 flecti

395 1077 490 1097 omne
521 1077 606 1106 genu
630 1073 763 1106 oportet,
791 1073 823 1098 et
845 1068 894 1098 cui
919 1067 976 1098 soli
1001 1067 1142 1107 agendae
1166 1066 1288 1106 gratiae
1313 1065 1350 1095 (le

395 1110 544 1140 omnibus
576 1110 719 1140 victoriis
751 1120 830 1149 quas
861 1109 899 1140 de
923 1110 1067 1141 hostibus
1090 1109 1180 1139 nobis
1205 1109 1350 1148 largitur.

396 1152 519 1182 Verum
561 1160 667 1183 tamen
708 1159 852 1192 tempore
892 1152 945 1183 illo
987 1152 1161 1192 figurarum
1201 1152 1351 1182 dicuntur

396 1195 547 1225 mulieres
580 1202 611 1225 et
646 1194 770 1234 puellae
805 1196 945 1235 virgines
978 1195 1153 1225 occurrisse
1188 1195 1253 1233 regi
1278 1204 1349 1225 cum

396 1238 569 1277 tympanis,
600 1237 734 1269 citharis
764 1246 795 1268 et
826 1238 920 1274 tibiis,
952 1237 1062 1268 laudes
1093 1237 1177 1267 illius
1201 1237 1349 1267 (lecanta-

395 1287 496 1311 turae.
542 1279 633 1318 Quae
655 1279 764 1310 omnia
786 1281 962 1311 recitantur
985 1291 1001 1310 a
1021 1281 1176 1319 propheta
1199 1287 1348 1318 tanquam

397 1323 464 1353 Deo
494 1329 587 1363 grata
615 1327 645 1353 et
669 1329 807 1362 accepta,
838 1323 970 1362 eiusque
993 1323 1092 1354 cultui
1116 1323 1348 1353 convenientia.

394 1371 426 1395 et
456 1375 529 1404 pars
560 1376 655 1396 verae
683 1366 857 1405 religionis.
903 1367 1072 1396 Caeterum
1098 1372 1173 1395 tunc
1196 1365 1348 1404 temporis

393 1408 452 1438 sub
487 1408 557 1447 lege
591 1408 768 1439 maximum
803 1418 896 1439 usum
933 1408 1029 1439 fuisse
1063 1408 1347 1438 instrumentorum

393 1451 591 1481 musicorum
615 1457 738 1482 certum
762 1455 821 1487 est,
845 1450 883 1481 ad
908 1450 1018 1481 laudes
1042 1449 1102 1481 Dei
1126 1450 1346 1481 celebrandas:

393 1502 474 1532 quae
497 1493 523 1524 si
547 1492 642 1523 hodie
665 1499 818 1532 tanquam
843 1494 1021 1524 necessaria
1044 1503 1273 1530 revocaremus,
1307 1492 1346 1523 ad

394 1541 518 1566 veteres
541 1536 672 1567 umbras
694 1535 880 1574 rediremus,
911 1536 1077 1575 lucemque
1100 1536 1186 1566 illam
1211 1546 1290 1576 quac
1313 1535 1345 1565 in

393 1578 459 1609 filio
500 1578 562 1608 Dei
603 1578 751 1618 apparuit
792 1579 1034 1610 obscuraremus
1068 1584 1099 1609 et
1131 1579 1345 1609 obrueremus.

393 1620 502 1659 Quare
531 1621 587 1651 fuit
612 1621 645 1651 in
669 1621 795 1660 Papatu
820 1621 951 1652 ridicula
976 1621 1070 1651 nimis
1093 1628 1123 1651 et
1146 1622 1255 1661 inepta
1277 1621 1346 1651 imi-

394 1664 480 1694 tatio.
501 1673 599 1702 quum
623 1664 741 1703 templa
758 1674 924 1700 exornare,
944 1663 1068 1703 Deique
1081 1664 1202 1694 cultum
1216 1664 1347 1694 reddere

393 1705 599 1737 celebriorem
632 1707 867 1741 existimarunt,
903 1707 930 1738 si
958 1716 1076 1743 organa
1101 1712 1130 1736 et
1155 1707 1217 1737 alia
1240 1707 1347 1737 istius-

392 1748 476 1779 modi
498 1749 598 1779 multa
619 1748 741 1780 ludicra
760 1748 964 1779 adhiberent:
994 1749 1109 1788 quibus
1129 1750 1267 1780 maxime
1286 1749 1346 1779 Dei

393 1791 526 1821 verbum
558 1797 590 1821 et
618 1792 724 1822 cultus
756 1792 922 1831 profanata
951 1797 1035 1827 sunt,
1069 1792 1184 1832 populo
1208 1793 1347 1823 externis

392 1834 461 1864 istis
486 1833 599 1863 ritibus
623 1834 750 1865 addicto
773 1834 881 1873 potius
904 1844 998 1874 quam
1023 1834 1109 1865 verbi
1134 1835 1233 1865 divini
1254 1835 1346 1865 intel·

392 1876 553 1909 ligentiac.
599 1876 728 1907 Scimus
753 1884 858 1907 autem
881 1876 933 1907 ubi
953 1876 1042 1908 nulla
1060 1883 1107 1908 est
1125 1877 1346 1913 intelliffentia‚

391 1918 512 1949 nnllam
547 1919 644 1950 etiam
677 1918 930 1950 aedificationem
961 1928 1046 1951 esse:
1080 1920 1345 1959 quemadmodum

392 1961 514 1992 Paulus
538 1962 699 2000 apostolus
723 1962 823 1999 docet,
847 1972 946 2001 quum
969 1963 1021 1999 ait,
1045 1972 1107 2001 quo
1130 1962 1223 1993 modo
1247 1968 1347 2001 potest

394 2004 492 2034 idiota
521 2004 654 2034 reddere
678 2005 750 2035 fidei
775 2004 1004 2040 testimonium,
1027 2011 1081 2035 aut
1103 2005 1260 2044 quomodo
1285 2005 1348 2035 ‹lic-

395 2053 488 2077 turus
512 2053 560 2076 est
585 2048 688 2078 Amen
714 2047 752 2077 ad
776 2048 954 2086 gratiarum
978 2047 1145 2084 actionem,
1173 2048 1231 2078 nisi
1256 2048 1347 2078 iutel-

396 2088 496 2127 ligat?
542 2089 651 2127 Quare
686 2090 795 2120 fideles
831 2090 977 2120 hortatur
1010 2099 1047 2120 eo
1080 2090 1148 2121 loco
1178 2095 1214 2120 ut
1246 2090 1347 2120 Deum

393 2138 571 2172 precantes,
591 2139 623 2162 et
642 2133 701 2172 ipsi
721 2132 905 2172 psallentes,
925 2139 955 2163 et
975 2138 1147 2173 precentur
1165 2138 1196 2163 et
1211 2132 1349 2172 psallant

395 2174 619 2213 intelligentia,
644 2185 706 2205 non
732 2175 843 2215 lingua
867 2177 1047 2216 peregrina,
1091 2175 1145 2206 sed
1170 2175 1295 2215 vulgari
1319 2182 1350 2205 ct

395 2217 600 2257 intelligibili,
625 2223 661 2247 ut
683 2218 725 2248 sit
747 2219 778 2248 in
803 2218 938 2249 ecclesia
961 2218 1145 2249 aedificatio.
1177 2217 1269 2256 Quod
1294 2218 1351 2248 ita-

394 2270 455 2299 que
479 2260 539 2290 l'uit
563 2260 594 2290 in
620 2270 679 2291 usu
705 2261 784 2300 legis
806 2267 960 2301 tempore,
984 2260 1105 2291 nullum
1131 2260 1224 2291 hodic
1247 2261 1349 2291 locum

393 2302 477 2342 apud
510 2312 567 2332 nos
597 2302 737 2333 obtinet:
769 2309 800 2334 et
824 2303 918 2335 rebus
943 2303 1012 2335 istis
1035 2313 1098 2334 non
1123 2303 1215 2334 modo
1239 2313 1349 2342 super-

393 2345 476 2380 fluis,
512 2344 566 2375 sed
602 2345 753 2376 inanibus
787 2346 883 2376 etiam
914 2345 1138 2377 abstinendum
1169 2350 1231 2376 est:
1266 2346 1349 2385 quod

393 2388 535 2418 sufficiat
562 2397 642 2426 pura
665 2394 694 2418 et
719 2389 854 2428 simplex
880 2388 1062 2419 divinarum
1087 2387 1216 2419 laudum
1239 2388 1350 2419 modu-

392 2430 480 2467 latio,
499 2430 593 2460 cordo
613 2436 645 2460 et
663 2441 717 2461 ore
736 2438 846 2462 nostro
865 2431 984 2470 singuli
1003 2431 1171 2462 idiomate:
1194 2430 1350 2471 siquidem

392 2473 512 2504 scimus
543 2472 718 2503 Dominum
749 2480 894 2504 nostrum
927 2474 1035 2505 Iesum
1064 2473 1230 2505 Christum
1254 2483 1349 2513 appa-

391 2515 503 2551 ruisse,
523 2522 555 2545 et
574 2515 707 2547 umbras
724 2516 796 2547 illas
816 2516 934 2556 legales
951 2527 1007 2547 suo
1020 2515 1158 2547 adventu
1172 2516 1350 2556 dissipasse.

391 2558 550 2588 Musicam
591 2559 699 2597 itaque
742 2559 829 2589 illam
872 2559 1151 2590 instrumentalem
1187 2563 1352 2590 teneamus

392 2603 469 2631 tunc
500 2600 625 2630 ratione
657 2602 811 2641 temporis
841 2601 927 2633 illins
957 2608 988 2632 et
1016 2602 1126 2642 populi
1157 2601 1253 2633 fuisse
1277 2601 1350 2632 tole-

392 2649 507 2680 ratam,
537 2642 620 2682 quod
653 2650 760 2674 essent
783 2649 818 2675 ut
842 2645 942 2684 pueri,
972 2644 1238 2684 quemadmodum
1262 2653 1351 2675 sacra

391 2685 550 2724 scriptura
582 2685 735 2725 loquitur,
766 2687 819 2726 qui
851 2687 1029 2726 puerilibus
1060 2687 1132 2718 istis
1161 2686 1351 2718 rudimentis

1196 246 1399 278 HOMILIA
1423 247 1548 281 LXVI.

2295 247 2358 279 260

1407 343 1601 384 indigerent,
1630 352 1712 382 quae
1741 341 1835 374 hodie
1863 353 1926 373 non
1957 345 2033 373 sunt
2056 340 2141 372 ultro
2163 341 2356 372 revocanda:

1406 386 1466 416 nisi
1497 385 1723 425 perfectionem
1754 385 1971 424 evangelicam
2005 383 2140 414 velimus
2162 383 2297 419 abolere.
2327 390 2358 414 et

1405 429 1532 468 plenam
1558 428 1660 458 lucem
1679 437 1775 467 quam
1794 429 1827 458 in
1847 427 1976 459 Christo
1995 426 2136 457 Domino
2155 432 2264 457 nostro
2283 436 2356 457 con·

1405 471 1531 510 sequuti
1555 480 1666 501 sumus
1688 469 1864 501 obscurare.

1490 513 1532 544 Et
1558 513 1713 543 hactenus
1735 512 1774 544 de
1797 513 1934 544 musica:
1966 513 2004 543 de
2027 512 2151 543 choreis
2175 516 2282 542 autem
2306 511 2357 542 vel

1405 555 1636 592 saltationibus,
1656 566 1752 595 quum
1771 555 1923 587 dicuntur
1939 555 2090 586 mulieres
2100 554 2232 585 choreas
2244 553 2358 594 egisse,

1404 598 1575 638 peculiaris
1607 597 1760 637 quaedam
1791 599 1872 629 ratio
1903 605 1967 629 est:
2001 608 2075 628 nam
2106 604 2137 628 et
2165 597 2209 628 ita
2240 596 2358 627 dicitur

1404 640 1510 672 David
1539 640 1716 672 saltavisse.
1756 640 1866 680 Neque
1896 641 1982 671 enim
2012 645 2104 671 erant
2126 639 2199 671 illae
2222 639 2356 671 choreae

1404 684 1588 724 petulantes
1611 688 1643 713 et
1666 683 1802 715 lascivae
1825 686 1934 723 quales
1957 691 2031 714 sunt
2057 682 2166 714 hodie:
2197 682 2354 722 siquidem

1403 726 1597 758 exsiliebant
1627 725 1674 756 illi
1696 733 1727 756 et
1750 726 1910 757 saltabant
1933 736 2008 766 prae
2032 725 2162 763 laetitia,
2191 735 2254 765 qua
2277 725 2357 765 ipso-

1404 780 1476 800 rum
1507 768 1602 800 corda
1629 769 1913 800 commovebantur
1935 781 1973 800 ex
1998 769 2126 799 divinae
2149 768 2268 808 gloriae
2290 777 2356 798 am-

1403 812 1596 852 plificatione
1631 818 1759 851 propter
1793 811 1957 842 benefacta
1990 822 2070 851 quae
2104 811 2142 842 ab
2172 811 2240 849 ipso
2269 820 2355 842 accc-

1403 861 1525 895 perant,
1545 861 1576 885 et
1597 854 1713 893 quibus
1731 864 1799 885 sese
1819 854 1923 885 Deum
1944 862 1975 885 et
1989 859 2198 894 protectorem
2212 853 2356 892 ipsorum

1402 898 1506 937 magis
1526 897 1688 937 magisque
1707 897 1925 937 patefaciebat.
1970 899 2058 935 Quas
2078 906 2153 927 vero
2172 896 2358 926 saltationes

1403 940 1497 970 hodie
1516 939 1661 970 videmus
1676 939 1794 979 passim
1809 940 1934 980 agitari,
1954 941 2026 979 quis
2038 939 2121 970 dicat
2134 939 2204 970 istis
2215 937 2356 969 similes?

1403 982 1536 1014 Certum
1571 982 1655 1012 enim
1687 988 1735 1012 est,
1763 989 1918 1022 quotquot
1949 983 2042 1013 hodie
2073 983 2154 1013 fiunt
2176 980 2356 1012 istiusmodi

1402 1026 1597 1062 saltationes,
1632 1035 1700 1055 esse
1731 1023 1768 1055 ad
1799 1035 1925 1056 omnem
1951 1026 2112 1056 lasciviam
2137 1030 2168 1055 et
2190 1023 2357 1064 impudici-

1403 1069 1479 1099 tiam
1499 1068 1569 1099 iter.
1605 1067 1686 1098 Nam
1707 1068 1764 1098 etsi
1790 1078 1854 1098 non
1878 1079 2003 1107 semper
2028 1079 2061 1099 re
2084 1068 2153 1107 ipsa
2176 1071 2357 1098 scortentur

1402 1111 1565 1146 saltantes,
1598 1116 1706 1141 tamen
1737 1110 1843 1141 aditus
1866 1112 1973 1151 patefit
1999 1112 2036 1141 ad
2061 1109 2240 1141 istiusmodi
2265 1116 2358 1149 turpe

1402 1155 1534 1189 facinus,
1559 1158 1590 1184 et
1610 1153 1675 1183 loca
1694 1153 1726 1183 in
1748 1153 1861 1193 quibus
1880 1154 2104 1191 instituuntur,
2127 1159 2203 1183 sunt
2217 1151 2356 1192 plerum-

1402 1207 1464 1236 que
1505 1196 1682 1228 certissima
1720 1196 1896 1235 lupanaria.
1943 1196 2076 1227 navidis
2111 1206 2186 1226 vero
2219 1194 2356 1230 saltatio,

1404 1240 1505 1279 legem
1535 1250 1572 1269 ex
1605 1244 1696 1278 parte
1727 1239 1867 1278 respicit:
1901 1238 1934 1269 in
1963 1250 2025 1278 qua
2049 1238 2127 1269 nihil
2152 1238 2356 1270 immodicum

1402 1283 1470 1318 fuit,
1505 1292 1608 1321 neque
1637 1281 1759 1312 laetitia
1787 1281 1884 1312 stulta
1914 1287 1947 1313 et
1970 1282 2090 1312 inanis:
2125 1282 2188 1315 scd,
2223 1288 2258 1312 ut
2281 1287 2357 1312 anto

1402 1325 1478 1363 dixi,
1502 1324 1674 1355 vehemens
1697 1329 1729 1354 et
1752 1324 1866 1355 ardens
1890 1324 2032 1355 studium
2053 1324 2114 1355 Dei
2138 1324 2246 1355 laudes
2265 1334 2356 1364 prae-

1402 1367 1538 1403 dicandi,
1563 1377 1625 1406 quo
1649 1373 1754 1407 patres
1778 1372 1974 1405 exarserant,
1997 1368 2051 1398 sed
2077 1368 2139 1398 ritu
2160 1374 2191 1398 et
2210 1367 2358 1398 instituto

1401 1420 1532 1442 suorum
1569 1415 1760 1450 temporum.
1805 1408 1914 1448 Quare
1950 1410 2123 1450 diligenter
2155 1408 2357 1440 observanda

1400 1458 1450 1484 est
1478 1459 1657 1493 temporum
1688 1452 1815 1483 illorum
1847 1463 1865 1483 a
1888 1453 2006 1483 nostris
2029 1453 2227 1483 differentia:
2264 1457 2300 1483 ut
2320 1462 2357 1482 eo

1401 1497 1441 1527 sit
1472 1495 1627 1526 illustrior
1656 1495 1709 1525 lux
1739 1494 1794 1525 illa
1821 1505 1915 1535 quam
1948 1495 2038 1526 nobis
2067 1496 2175 1526 attulit
2199 1495 2357 1526 Dominus

1401 1544 1510 1569 nostor
1525 1538 1613 1569 lesus
1628 1537 1779 1569 Christus
1791 1537 1950 1578 evangelii
1962 1537 2209 1578 praedicatione.
2233 1537 2356 1576 Quam-

1400 1582 1508 1612 obrem
1543 1591 1640 1620 quum
1677 1580 1728 1612 hic
1762 1580 1910 1611 audimus
1945 1581 2094 1612 mulieres
2127 1581 2254 1611 venisse
2283 1589 2355 1610 cum

1400 1626 1564 1665 tympanis
1587 1630 1618 1654 et
1640 1623 1770 1654 musicis
1793 1624 2015 1654 instrumentis
2038 1624 2166 1654 obviam
2190 1623 2291 1660 Sauli,
2326 1628 2358 1653 et

1399 1668 1532 1698 choreas
1555 1667 1668 1706 egisse,
1692 1671 1860 1697 teneamus
1883 1666 1953 1696 illas
1977 1666 2015 1697 ad
2036 1666 2142 1697 Deum
2159 1664 2356 1706 precandum

1400 1715 1432 1740 et
1462 1709 1570 1739 laudes
1598 1709 1700 1748 ipsius
1724 1708 1951 1748 praedicandas
1974 1708 2087 1739 fecisse
2110 1708 2150 1739 ad
2173 1708 2356 1748 exemplum

1400 1759 1432 1783 et
1461 1752 1647 1783 institutum
1679 1751 1801 1782 Mariae
1831 1752 1948 1782 sororis
1982 1752 2082 1783 Mosis
2106 1756 2139 1782 et-
2159 1752 2356 1791 reliquarum

1399 1795 1581 1831 mulierum,
1611 1804 1693 1834 quae
1722 1795 1822 1834 ipsam
1845 1795 2016 1825 comitatae
2039 1796 2174 1826 fuerant.
2220 1795 2271 1826 Ex
2294 1803 2356 1833 quo

1398 1844 1564 1878 praeterea
1600 1836 1754 1868 discimus
1784 1837 1934 1868 mulieres
1964 1837 2033 1868 licet
2065 1837 2218 1869 adversus
2249 1837 2356 1868 hostes

1399 1890 1489 1911 arma
1512 1890 1576 1910 non
1602 1881 1715 1918 ferant,
1738 1880 1858 1920 gratias
1880 1886 1988 1911 tamen
2011 1890 2106 1920 agere
2126 1879 2196 1911 Deo
2215 1890 2272 1920 pro
2293 1879 2357 1910 vic-

1398 1923 1481 1954 toria
1515 1922 1639 1953 debere.
1683 1922 1766 1953 Nam
1807 1928 1884 1962 quot
1918 1924 2108 1963 quantisque
2141 1923 2269 1954 casibus
2303 1920 2358 1952 ob-

1399 1966 1524 2003 noxiae,
1547 1966 1574 1996 si
1596 1965 1703 1996 hostes
1718 1965 1851 1996 victoria
1864 1965 2055 2005 potiuntur?
2080 1965 2202 1996 Milites
2215 1975 2293 1997 sane
2305 1964 2358 1995 vel

1400 2009 1461 2040 viri
1484 2008 1583 2039 semel
1607 2007 1793 2039 occumbere
1816 2013 1847 2038 et
1870 2008 1976 2048 gladio
1999 2009 2101 2048 perire
2125 2014 2273 2049 possunt:
2301 2007 2357 2038 sed

1401 2052 1536 2082 miserae
1566 2051 1717 2081 mulieres
1748 2050 1887 2081 hostium
1918 2051 2056 2082 ludibrio
2078 2056 2110 2082 et
2133 2050 2277 2082 dedecori
2301 2060 2357 2080 ex-

1402 2100 1574 2133 ponuntur,
1604 2099 1648 2132 ut,
1672 2093 1699 2124 si
1723 2093 1854 2124 daretur
1876 2094 1973 2134 optio,
1998 2094 2091 2134 longe
2113 2093 2227 2124 melior
2248 2093 2358 2124 futura

1401 2137 1441 2167 sit
1464 2137 1606 2176 ipsorum
1631 2135 1770 2167 conditio
1793 2135 1820 2167 si
1843 2137 1939 2167 semel
1963 2136 2069 2178 gladio
2093 2137 2196 2176 perire
2215 2141 2357 2177 possent,

1402 2190 1496 2219 quam
1532 2178 1677 2210 dedecori
1711 2184 1743 2209 et
1775 2178 1970 2219 ignominiae
2005 2179 2144 2210 hostium
2179 2179 2296 2219 exponi
2326 2183 2358 2208 et

1403 2223 1539 2261 turpiter
1569 2221 1694 2258 violari,
1732 2221 1870 2261 denique
1900 2222 1987 2252 mille
2016 2221 2186 2262 opprobria
2215 2222 2290 2262 pati,
2327 2227 2359 2252 et

1402 2264 1532 2295 tandem
1551 2264 1724 2295 crudeliter
1743 2264 1906 2295 trucidari.
1948 2264 2027 2296 Illae
2044 2274 2120 2295 sane
2140 2275 2202 2295 non
2222 2268 2358 2305 possunt

1404 2306 1509 2338 hostes
1532 2317 1605 2338 suos
1625 2307 1744 2347 ulcisci,
1768 2306 1822 2338 sed
1843 2306 1927 2338 domi
1946 2307 2062 2338 debent
2081 2316 2256 2346 remanere,
2277 2307 2357 2339 suis-

1403 2360 1463 2388 que
1486 2349 1633 2389 precibus
1653 2349 1759 2380 Deum
1779 2349 1951 2380 sollicitare
1969 2349 2044 2380 dum
2067 2350 2183 2381 milites
2202 2349 2359 2381 adversus

1403 2391 1510 2423 hostes
1531 2392 1685 2423 dimicant
1708 2402 1763 2431 pro
1782 2392 1924 2423 victoria.
1970 2391 2240 2432 Quandoquidem
2260 2392 2358 2431 igitur

1403 2435 1559 2473 sanguine
1591 2435 1734 2466 virorum
1758 2434 1891 2466 v'ictoria
1914 2434 2089 2474 quaeritur,
2119 2434 2357 2475 quiescentibus

1403 2476 1529 2507 interim
1552 2477 1636 2508 domi
1655 2477 1855 2515 mulieribus,
1877 2476 1961 2516 quod
1983 2477 2047 2508 sint
2065 2478 2163 2509 armis
2181 2477 2358 2509 tractandis

1403 2518 1540 2557 impares
1563 2524 1596 2551 et
1618 2519 1785 2557 inhabiles,
1815 2529 1852 2550 eo
1874 2519 1994 2550 maiore
2016 2520 2123 2551 studio
2145 2525 2177 2552 et
2199 2519 2358 2552 ardentio—

1404 2561 1490 2591 ribus
1510 2563 1655 2601 precibus
1676 2562 1746 2593 Deo
1765 2562 1884 2602 gratias
1903 2571 1998 2602 agere
2017 2561 2143 2601 debent,
2167 2563 2251 2603 quod
2271 2564 2358 2604 ipsae

1403 2604 1600 2641 quiescentes
1623 2605 1777 2636 liberatae
1800 2605 1874 2641 sint,
1898 2610 1930 2635 et
1954 2605 2026 2636 licet
2050 2616 2113 2636 non
2138 2606 2358 2646 pugnantibus

1403 2644 1493 2676 Deus
1513 2647 1588 2687 ipsis
1606 2647 1760 2679 victoriae
1778 2646 1916 2678 fructum
1933 2647 2101 2688 largiatur,
2121 2658 2216 2689 seque
2228 2648 2357 2680 illarum

1403 2693 1617 2728 protectorem
1646 2690 1853 2721 demonstret.
1898 2688 2023 2722 Idcirco
2053 2690 2152 2731 igitur
2182 2690 2234 2723 hic
2255 2690 2358 2722 nomi·
