2551 3044
211 173 270 205 197

207 269 316 301 tertias
345 278 460 307 quoque
492 267 627 299 Samma.
674 267 722 297 14.
746 267 854 298 David
884 269 984 297 autem
1013 269 1077 297 erat
1098 267 1155 297 mi-

208 313 321 343 nimus.
388 310 502 341 Tribus
542 320 609 350 erqo
649 309 820 341 maioribus
859 310 997 348 sequutis
1038 309 1162 339 Saulem

214 355 259 385 15.
284 354 370 384 Abiit
393 353 508 391 David,
539 355 565 383 ct
590 363 731 383 reversus
752 354 796 383 est
818 362 836 382 ιι
860 351 947 388 Saul,
973 354 1007 382 ut
1025 353 1163 390 pasceret

209 407 331 438 yreyeni
365 396 471 434 patris
503 395 554 425 sai
586 396 619 425 in
652 394 839 425 Bethlehem.
897 394 944 425 16.
982 393 1163 425 Procedebat

209 450 279 470 vero
303 438 502 471 Pliilistacus,
533 448 621 468 mane
648 440 674 468 et
703 447 833 476 vespere,
863 439 889 467 et
909 436 1009 467 stabat
1030 436 1164 475 quadra-

208 483 295 522 yinta
318 480 431 511 diebus.
468 481 515 510 17.
540 480 633 511 Diacit
656 483 756 511 autem
780 480 848 510 Isai
871 479 911 510 ad
934 479 1042 510 David
1062 479 1164 517 filium

209 534 319 555 suuni:
349 522 461 560 Accipe
488 523 641 560 fratribus
670 523 731 553 tuis
753 522 823 561 eplii
841 522 989 561 polentae,
1019 524 1045 552 et
1067 521 1163 552 decem

205 576 304 606 panes
322 566 404 603 istos,
427 568 453 594 et
468 574 554 595 carre
574 565 605 595 in
627 567 728 595 castra
752 565 793 595 ad
813 564 927 603 fratres
948 567 1022 595 taos.
1060 564 1109 595 18.
1123 563 1164 594 Et

209 609 306 640 deceni
337 607 495 646 formellas
526 608 608 637 casei
635 608 692 638 lias
719 607 835 646 deferes
862 607 903 637 acl
929 607 1100 637 tribunum:
1138 608 1164 637 et

207 652 323 691 fratres
352 653 418 680 taos
447 649 596 687 visitabis,
626 650 653 680 si
681 652 753 680 recte
779 652 885 689 ayant:
916 652 1032 680 etcum
1054 648 1165 688 quibus

209 693 345 725 ordinati
366 695 446 729 sunt,
469 692 558 723 disee.
597 692 642 723 19.
663 691 740 722 Saul
762 695 864 722 aulem
886 695 912 722 et
933 692 990 726 illi,
1014 694 1041 722 et
1063 701 1164 722 omnes

207 736 270 775 filii
301 735 401 765 Israel
438 735 471 765 in
506 735 584 765 valle
614 734 774 765 terebinthi
810 734 987 773 pziynabant
1016 734 1164 765 adversus

211 778 393 810 Philistina.
429 777 477 807 20.
504 776 646 807 Surrexit
667 777 770 815 itaque
794 777 899 808 David
920 787 1017 814 mane,
1040 779 1066 807 et
1088 786 1165 807 coni-

208 821 363 852 mendaoit
378 829 494 859 pre-(sem
514 819 645 850 custodi:
668 822 695 849 et
718 822 846 850 onustus
868 819 951 855 abiit,
975 820 1054 850 sicut
1070 829 1163 858 prae·
1188 837 1190 865 3

207 865 325 903 ceperat
353 863 381 893 ei
410 862 494 892 lsai.-
523 864 548 892 et
578 863 659 892 'venit
689 862 730 892 ad
759 861 855 893 locum
886 861 1033 902 Illayala‚
1068 864 1094 892 et
1122 861 1165 892 ad

207 906 373 937 exereitum
402 905 455 943 qai
487 914 626 943 eyresszis
655 905 696 934 ad
718 914 859 944 pziqnam
888 905 1071 944 vociferatus
1100 906 1165 934 erat

207 949 242 979 in
264 948 434 978 certamine.
479 947 530 977 21.
555 946 725 987 Direxerat
748 947 829 977 enim
851 948 948 978 aciem
967 946 1086 978 Israel.-
1111 946 1165 977 sed

209 994 235 1022 et
247 990 420 1021 Pliilistiim
441 1000 477 1019 ex
494 990 622 1020 adverso
640 990 766 1027 fuerant
777 990 974 1029 praeparati.
1005 989 1055 1019 22.
1068 989 1164 1020 Dere-

207 1033 349 1072 linquens
377 1042 447 1071 erqo
470 1031 579 1063 David
607 1042 685 1062 vasa
714 1042 790 1070 quae
810 1033 962 1068 attulerat,
991 1032 1046 1062 sub
1068 1041 1165 1062 mana

207 1076 341 1107 custodis
370 1075 411 1105 ad
441 1074 592 1110 sarcinas,
621 1076 756 1105 cucurrit
785 1075 826 1105 ad
857 1075 954 1106 locuni
977 1074 1163 1111 certaminis,

209 1121 235 1149 et
265 1117 469 1156 interrogyabat
494 1117 523 1146 si
546 1117 648 1147 onznia
670 1120 745 1147 recte
768 1120 927 1157 ayerentar
948 1118 1030 1148 inter
1050 1117 1165 1156 fratres

208 1171 289 1192 snos.
333 1159 384 1190 23.
411 1160 571 1198 chanzque
601 1159 699 1190 adlinc
727 1159 778 1190 ille
801 1160 970 1198 loqueretar
993 1160 1046 1196 eis,
1070 1169 1165 1198 appa-

207 1204 273 1234 ruit
308 1203 357 1232 vir
389 1201 439 1232 ille
472 1202 602 1239 spurius
634 1202 837 1238 adscendens,
875 1202 999 1233 Goliatli
1032 1202 1163 1241 nomine,

209 1245 399 1276 Pliilistaezcs
432 1244 469 1275 de
505 1244 597 1281 Geth,
636 1244 671 1274 de
703 1245 814 1275 castris
850 1244 1105 1276 Philistinormn:
1137 1247 1164 1274 et

207 1287 352 1327 loquendo
403 1296 435 1317 eo
485 1286 558 1317 haec
607 1287 711 1317 eadem
755 1287 843 1317 verba
887 1287 1006 1318 audivit
1048 1287 1163 1318 David.

208 1331 259 1362 24.
287 1330 396 1361 Omnes
418 1331 518 1359 aulem
542 1328 705 1360 [eraclitae
729 1329 859 1360 ridentes
882 1331 993 1365 virum,
1020 1330 1165 1369 fuqermit

208 1384 228 1404 a
252 1373 333 1412 facie
355 1373 430 1409 eius,
460 1371 594 1402 timentes
617 1382 684 1402 enm
706 1372 801 1403 valde.
847 1372 897 1403 25.
922 1372 963 1403 Et
984 1373 1064 1403 dixit
1085 1381 1165 1403 unns

207 1416 366 1455 quispiam
393 1415 429 1445 de
458 1413 576 1445 Israel:
608 1414 693 1445 Nam
723 1415 847 1445 vidistis
875 1416 977 1446 viram
1005 1414 1084 1446 hunc
1112 1415 1166 1454 qui

208 1457 390 1490 adscendit?
417 1457 458 1488 ad
488 1457 735 1495 exprobrandum
757 1458 837 1487 enim
862 1458 977 1488 Israeli
999 1458 1163 1488 adscendit.

216 1500 328 1532 Virum
355 1510 423 1539 erqo
454 1500 508 1538 qai
532 1500 719 1538 percusserit
747 1510 815 1530 enm
837 1500 948 1531 ditabit
969 1511 1023 1531 rex
1045 1500 1166 1531 divitiis

208 1544 342 1583 magnis,
372 1545 398 1573 et
425 1543 526 1580 filiani
555 1552 647 1572 suam
676 1542 761 1573 (labit
791 1543 827 1579 ei,
859 1545 885 1573 et
914 1543 1038 1574 domam
1060 1543 1166 1582 patris

208 1586 276 1617 eius
296 1585 389 1624 faciet
410 1585 520 1624 absque
542 1585 654 1615 tributo
679 1585 710 1615 in
723 1585 833 1616 Israel.
865 1586 914 1616 26.
939 1585 984 1616 Et
1003 1586 1048 1616 ait
1059 1585 1165 1615 David

209 1629 250 1660 ad
282 1629 365 1659 viros
397 1628 451 1666 qni
483 1627 605 1658 stabant
636 1637 745 1663 secam,
779 1628 898 1658 dicens:
933 1628 1014 1667 Quid
1041 1627 1166 1659 dabitur

207 1671 275 1702 viro
299 1671 353 1710 qui
376 1670 565 1709 percusserit
590 1669 795 1701 Pliilistaenm
825 1670 914 1705 lianc,
945 1673 972 1701 et
992 1670 1095 1701 tulerit
1115 1680 1165 1709 op-

206 1713 367 1753 probriam
396 1713 432 1743 de
456 1712 582 1744 Israel?
627 1712 705 1751 Quis
735 1715 779 1743 est
800 1714 882 1744 enini
905 1713 955 1744 liic
977 1712 1167 1744 Pliilistaeas

210 1756 444 1787 incircumcisus
484 1755 539 1794 qui
578 1755 772 1794 exprobravit
807 1756 889 1786 acies
920 1755 982 1786 Dei
1015 1755 1167 1787 viventis?

210 1798 260 1829 27.
296 1797 458 1837 Referebat
490 1800 590 1828 antem
620 1798 647 1828 ei
670 1797 806 1837 populus
834 1799 961 1829 eundem
989 1808 1165 1835 sermonem,

209 1841 327 1873 dicens:
350 1840 435 1871 Haec
457 1840 614 1871 (labuntur
634 1841 701 1871 viro
723 1841 777 1880 qai
793 1841 982 1880 percusserit
1003 1851 1080 1871 eum.

296 1926 419 1966 Magna
448 1936 526 1956 sane
556 1930 587 1956 et
617 1925 860 1956 inaestimabilis
886 1926 989 1957 virtus
1020 1926 1088 1957 eius
1119 1933 1167 1957 est

209 1969 263 2008 qui
288 1969 388 1999 vitam
412 1969 480 2008 agit
503 1969 673 2008 privatam,
697 1968 839 2007 quietam
863 1973 894 1999 et
916 1978 1071 2006 securam,
1101 1980 1166 2000 non

209 2011 360 2042 invidens
379 2010 450 2041 aliis
469 2021 611 2041 summos
631 2010 768 2041 honores
787 2016 820 2042 et
837 2010 1018 2051 dignitates.
1047 2012 1165 2042 Notum

209 2054 297 2084 enim
328 2059 377 2084 est
400 2064 495 2093 quam
519 2053 599 2084 altas
623 2052 745 2084 radices
768 2058 844 2094 agat
867 2059 984 2085 natura
1004 2054 1038 2085 in
1063 2054 1166 2085 homi-

209 2096 303 2128 nibus
334 2096 499 2135 superbia,
530 2104 564 2126 ut
594 2096 730 2135 quisque
761 2096 868 2136 cupiat
899 2097 1038 2128 eminere
1069 2104 1101 2128 et
1131 2098 1166 2128 in

210 2139 288 2170 alios
317 2139 488 2178 imperium
518 2139 672 2169 obtinere.
715 2138 824 2177 Quare
852 2138 981 2170 difficile
1010 2144 1058 2171 est
1080 2141 1167 2171 intra

209 2181 384 2212 modestiae
422 2187 453 2212 et
489 2180 682 2211 humilitatis
711 2181 866 2212 terminos
894 2192 963 2213 sese
992 2182 1166 2222 continere,

210 2233 333 2263 suaque
355 2223 539 2255 conditione
562 2228 747 2254 contentum
770 2234 849 2262 esse,
877 2224 1036 2265 vilemque
1059 2231 1090 2256 et
1113 2226 1166 2257 ab·

210 2266 329 2297 iectum
359 2265 479 2302 haberi,
514 2266 585 2296 aliis
614 2265 653 2296 ad
685 2276 827 2297 summos
850 2266 987 2298 honores
1005 2273 1037 2298 et
1059 2268 1166 2308 digni-

211 2313 292 2339 tates
323 2309 458 2339 evectis:
490 2314 520 2338 et
545 2308 614 2339 Deo
643 2308 768 2348 placide
797 2309 964 2348 inservire,
991 2321 1054 2341 non
1078 2311 1164 2342 solli-

209 2353 330 2382 citante
343 2350 601 2390 concupiscentia
614 2361 715 2391 neque
738 2351 922 2391 impellente
944 2352 983 2383 ad
1007 2353 1164 2385 honorum

210 2393 437 2432 cupiditatem:
461 2393 644 2433 singularis,
666 2394 808 2434 inquam,
827 2394 883 2425 illa
905 2400 953 2426 est
974 2396 1087 2428 virtus.
1121 2396 1166 2427 Et

210 2436 352 2467 vicissim
373 2445 446 2466 rara
465 2435 567 2466 virtus
586 2441 644 2473 est,
668 2437 776 2475 siquis
789 2436 974 2477 honoribus,
997 2438 1163 2479 dignitate,

210 2479 315 2518 gratia
344 2483 375 2508 et
403 2478 575 2509 autoritate
606 2478 770 2518 praeditus
801 2490 864 2510 non
894 2480 1029 2512 effertur
1058 2492 1164 2522 neque

210 2520 391 2552 insolescit:
426 2520 481 2551 sed
515 2530 584 2551 sese
617 2527 719 2552 totum
752 2522 814 2553 Dei
843 2522 941 2554 cultui
971 2523 1098 2565 addicit,
1133 2530 1165 2556 et

210 2573 268 2604 pro
304 2563 423 2595 viribus
457 2563 677 2602 proximorum
710 2564 841 2595 utilitati
873 2565 998 2605 studet,
1038 2572 1071 2599 et
1102 2578 1164 2608 quo

211 2606 386 2638 maioribus
416 2605 508 2636 donis
538 2616 556 2637 a
578 2606 648 2637 Deo
678 2606 814 2638 donatus
844 2612 900 2646 est,
930 2619 967 2641 eo
997 2620 1031 2642 se
1060 2611 1164 2652 magis

844 173 892 204 IN
917 173 941 204 I.
966 173 1052 204 LIB.
1077 172 1274 204 SAMUEL.
1306 174 1403 205 CAP.
1427 172 1540 204 XVII.

2117 172 2175 204 198

1216 266 1285 297 Deo
1316 271 1347 297 et
1378 267 1530 306 proximis
1554 266 1738 297 devinctum
1763 266 1915 305 agnoseit.
1961 264 1998 296 Si
2021 265 2092 305 quis
2115 265 2176 306 igi—

1215 315 1265 339 tur
1300 309 1331 339 in
1363 320 1522 340 summam
1554 309 1741 349 dignitatem
1772 310 1909 348 aliquam
1942 315 2074 339 evectus
2105 318 2170 339 non

1214 351 1374 382 insolescit
1398 362 1498 391 neque
1518 352 1702 391 arrogantia
1729 358 1838 387 tumet,
1863 351 1917 381 sed
1938 351 1969 381 in
1990 361 2026 381 ea
2046 361 2080 381 se
2103 360 2173 382 mo·

1214 393 1317 424 destia
1345 394 1495 430 continet,
1528 405 1566 424 uo
1590 394 1668 423 alios
1691 400 1885 431 contemnat,
1909 399 1941 424 ct
1964 403 2040 424 suae
2063 393 2174 424 eondi-

1214 436 1309 466 tionis
1338 437 1528 474 meminerit,
1561 435 1727 466 laudabilis
1758 447 1835 466 sane
1867 436 1970 466 virtus
1994 437 2089 466 etiam
2112 440 2172 467 est.

1214 478 1324 509 Tertia
1353 479 1507 518 quaedam
1537 479 1574 508 ad
1607 479 1684 509 istas
1715 479 1837 509 accedit
1862 479 1964 509 virtus
1988 478 2083 518 longo
2107 478 2172 509 illis

1215 521 1368 560 superior,
1399 532 1496 560 quum
1520 521 1598 551 nulli
1624 521 1769 558 honores,
1792 521 1882 551 nulla
1906 521 2046 558 dignitas
2071 520 2173 551 homi-

1215 573 1288 593 nem
1313 573 1331 593 a.
1353 564 1524 594 sobrietate
1546 570 1577 593 et
1601 563 1755 594 modestia
1779 570 1882 603 potest
1905 563 2086 593 dimovere:
2117 562 2172 594 sed

1215 606 1321 645 potius
1340 616 1380 636 ex
1399 606 1461 636 illis
1480 607 1633 645 agnoseit,
1657 617 1689 636 se
1709 616 1726 636 a
1740 606 1809 636 Deo
1833 607 1863 636 iu
1888 616 1956 635 eam
1982 605 2172 643 dignitatem

1214 654 1362 678 evectum
1397 648 1555 687 explorari
1592 655 1622 677 et
1657 649 1694 678 ud
1729 649 1916 679 modestiam
1950 647 2091 678 erudiri:
2137 658 2175 679 ac

1215 690 1352 730 proinde
1382 691 1407 721 si
1435 690 1473 720 de
1496 690 1653 729 dignitate
1677 691 1767 721 deiiei
1792 698 1822 721 et
1846 701 1979 730 parvum
2004 690 2074 720 fieri
2097 700 2173 721 con-

1216 733 1333 771 tigerit,
1365 744 1422 763 sua
1451 733 1632 764 conditione
1663 734 1790 771 gautlet,
1820 740 1851 763 et
1875 734 2044 772 pristinam
2068 732 2174 772 digni-

1216 780 1313 806 tatem
1348 775 1441 806 facile
1474 776 1682 806 obliviscitur.
1727 776 1873 807 Profecto
1907 776 1934 806 si
1968 776 2039 815 quis
2069 784 2174 814 aequo

1216 818 1324 848 animo
1348 823 1471 848 tantam
1495 818 1705 848 mutationem
1728 819 1811 848 ferre
1836 818 1954 856 didicit,
1985 823 2019 848 ut
2042 817 2117 848 lieet
2139 818 2173 848 in

1216 860 1389 891 autoritate
1411 860 1581 891 collocatus
1612 867 1719 891 tamen
1751 860 1940 891 modestiam
1964 860 2056 896 eolat,
2087 865 2121 890 et
2144 860 2170 890 si

1216 904 1371 934 abiectam
1391 902 1604 934 conditionem
1625 904 1709 933 vitae
1736 903 1899 942 ingressus
1922 903 1964 933 sit
1987 913 2050 933 non
2073 912 2170 942 aegre

1216 946 1314 976 ferat:
1339 945 1392 976 sed
1412 955 1618 985 quaecunque
1638 947 1721 976 vitae
1746 946 1825 975 ratio
1849 945 1954 983 fuerit,
1977 946 2046 976 sive
2070 945 2173 983 dives,

1215 988 1365 1028 pauperis
1400 988 1543 1018 animum
1579 988 1721 1023 retineat,
1756 989 1823 1018 sive
1857 998 1985 1027 pauper,
2021 997 2060 1017 ne
2093 997 2172 1026 opes

1215 1031 1353 1067 affectet,
1378 1037 1409 1061 et
1431 1041 1638 1070 quaeeunque
1661 1031 1792 1061 mutatio
1816 1031 1988 1070 contingat,
2013 1030 2174 1069 patienter

1216 1083 1307 1105 casus
1337 1083 1448 1104 omnes
1478 1073 1568 1109 ferat,
1598 1083 1751 1113 magnum
1780 1072 1870 1103 illum
1901 1083 1959 1112 ego
1990 1073 2108 1109 virum,
2140 1076 2173 1103 et

1216 1116 1397 1156 insignibus
1425 1116 1597 1146 virtutibus
1618 1117 1769 1146 eximium
1793 1114 1907 1146 iudico.
1952 1115 2047 1145 Hanc
2071 1115 2174 1145 virtu-

1217 1165 1281 1189 tem
1310 1159 1444 1189 coluisse
1468 1158 1628 1188 Davidem
1659 1169 1697 1188 ex
1727 1158 1785 1188 hoc
1808 1158 1875 1188 loco
1897 1158 1934 1188 fit
1956 1158 2175 1196 conspicuum,

1190 1224 1191 1227 η
1217 1201 1271 1233 ubi
1302 1201 1454 1232 audimus
1482 1202 1587 1240 ipsum
1619 1209 1784 1240 postquam
1808 1201 1908 1231 factus
1926 1199 2040 1230 fuisset
2064 1200 2172 1230 Saulis

1217 1244 1368 1284 armiger,
1392 1252 1423 1274 et
1447 1244 1478 1274 iu
1502 1244 1606 1283 gratia
1628 1249 1712 1274 esset
1735 1243 1818 1282 apud
1842 1242 1984 1279 Saulem,
2010 1252 2175 1273 reversum

1218 1292 1326 1317 tamen
1346 1287 1379 1317 in
1400 1286 1529 1316 domum
1549 1292 1715 1325 paternam
1740 1292 1771 1316 et
1789 1285 1829 1315 ad
1850 1286 1956 1316 ovium
1981 1295 2107 1324 pascua,
2142 1291 2177 1315 et

1219 1329 1373 1360 rusticam
1405 1330 1502 1359 vitam
1534 1330 1647 1368 egisse.
1693 1328 1806 1358 Nullae
1830 1328 1920 1358 illum
1944 1338 2020 1358 saue
2043 1327 2173 1357 delitiae

1218 1372 1349 1407 aulicae,
1379 1372 1469 1402 nulla
1493 1381 1607 1410 pompa
1629 1371 1762 1402 retinuit
1785 1371 1861 1410 quin
1885 1370 1924 1400 ad
1948 1370 2058 1400 ovium
2083 1375 2174 1409 septa

1219 1420 1452 1451 reverteretur,
1488 1414 1579 1453 quasi
1614 1423 1777 1453 nunquam
1809 1412 1848 1443 ab
1882 1413 1945 1443 illis
1980 1413 2175 1443 recessisset.

1219 1457 1350 1488 Certum
1381 1462 1430 1487 est
1459 1458 1543 1487 enim
1567 1467 1647 1495 quae
1670 1456 1728 1486 hoc
1751 1456 1819 1486 loeo
1843 1463 2050 1486 recensentur
2072 1454 2175 1486 conti-

1219 1500 1304 1540 gisse
1327 1510 1367 1530 ex
1390 1510 1451 1538 quo
1465 1498 1570 1530 David
1594 1499 1625 1529 in
1650 1498 1755 1530 Saulis
1779 1498 1884 1528 aulam
1908 1498 2083 1528 advocatus
2105 1497 2174 1527 fue-

1219 1548 1278 1582 rat,
1302 1549 1332 1573 et
1351 1543 1456 1582 gratia
1474 1542 1609 1572 multum
1630 1541 1712 1581 apud
1731 1551 1876 1580 proceres
1900 1540 2034 1571 valebat.
2060 1539 2175 1570 Fidem

1219 1585 1313 1616 huius
1334 1586 1378 1615 rei
1402 1586 1523 1615 faciunt
1545 1594 1696 1623 expressa
1719 1590 1825 1614 textus
1849 1583 1955 1621 verba,
1989 1582 2105 1622 quibus
2129 1581 2176 1612 di-

1220 1628 1305 1659 citur
1336 1627 1441 1658 David
1473 1638 1491 1657 a
1514 1626 1612 1658 Saule
1643 1627 1765 1663 abiisse,
1795 1632 1825 1656 et
1856 1635 2003 1656 reversus
2034 1635 2104 1655 esse
2131 1624 2172 1654 ad

1219 1670 1395 1710 pascendas
1418 1680 1510 1700 oves:
1534 1674 1566 1700 et
1588 1669 1737 1709 deinceps
1761 1669 1855 1699 etiam
1876 1667 2056 1698 videbimus
2079 1667 2172 1697 illum

1219 1713 1315 1744 fuisse
1329 1713 1422 1744 istius
1441 1712 1608 1752 dignitatis
1627 1712 1821 1751 participem.
1851 1711 1933 1741 Nam
1954 1711 1980 1740 si
1999 1717 2172 1749 antequam

1218 1757 1250 1786 in
1286 1756 1408 1796 regiam
1443 1756 1547 1786 aulam
1583 1761 1712 1785 vocatus
1747 1754 1871 1789 fuisset,
1907 1752 2097 1784 Goliathum
2131 1751 2171 1782 ad

1219 1804 1380 1829 certamen
1415 1803 1620 1837 provocasset
1652 1804 1683 1827 et
1715 1801 1910 1836 superasset,
1945 1795 2174 1834 quaerentibus

1219 1841 1322 1872 servis
1353 1840 1464 1872 Saulis
1493 1839 1652 1880 quendam
1682 1840 1735 1879 qui
1765 1849 1872 1869 ceram
1902 1838 1985 1877 ipso,
2024 1847 2124 1876 quum
2154 1847 2174 1867 a

1218 1884 1334 1924 spiritu
1358 1884 1440 1914 malo
1461 1888 1641 1919 vexaretur,
1664 1882 1819 1913 citharam
1844 1881 1994 1920 pulsaret,
2019 1886 2050 1910 et
2066 1879 2172 1910 David

1219 1934 1351 1957 vocatus
1374 1931 1466 1963 esset,
1490 1936 1595 1956 nonne
1618 1936 1657 1955 ex
1681 1925 1781 1964 signis
1803 1924 1872 1954 istis
1896 1923 2010 1953 suisset
2033 1923 2176 1962 agnitus,

1218 1980 1290 2000 eum
1321 1969 1473 2000 nimirum
1504 1979 1572 1998 esse
1603 1968 1753 1998 invenem
1783 1966 1873 1997 illum
1904 1966 1957 2005 qui
1982 1965 2174 1996 Goliathum

1218 2012 1382 2052 gigantem
1413 2010 1568 2051 singulari
1591 2010 1766 2041 certamine
1790 2007 1940 2039 vicisset?
1986 2007 2050 2039 Sed
2074 2018 2173 2048 quum

1217 2056 1358 2094 primum
1383 2054 1422 2084 ad
1435 2054 1567 2085 Saulem
1592 2053 1688 2089 venit,
1712 2058 1862 2091 tanquam
1886 2051 2015 2090 ignotus
2035 2054 2069 2081 et
2092 2062 2175 2082 nun-

1218 2107 1315 2138 quam
1339 2104 1432 2127 autea
1456 2097 1542 2127 visus
1566 2103 1615 2126 est
1638 2094 1801 2126 adductus.

1305 2140 1426 2170 Verum
1457 2145 1563 2169 tamen
1594 2137 1747 2177 quaedam
1779 2137 1828 2167 hie
1859 2136 1963 2166 oritur
1986 2147 2049 2166 non
2071 2146 2174 2176 parva

1218 2182 1399 2213 difficultas.
1444 2181 1527 2212 Nam
1558 2180 1651 2220 paulo
1681 2186 1751 2219 pest
1775 2178 1953 2209 videbimus
1979 2178 2110 2210 Saulem
2133 2178 2173 2210 de

1218 2225 1354 2260 Davide,
1384 2235 1482 2264 quum
1513 2234 1547 2254 se
1575 2223 1614 2253 ad
1643 2222 1806 2262 singulare
1836 2226 1998 2252 certamen
2029 2221 2171 2258 offerret,

1217 2267 1423 2307 inquisivisse
1453 2266 1524 2306 quis
1554 2270 1647 2302 esset,
1678 2265 1767 2305 quasi
1795 2273 1959 2303 nunquam
1982 2274 2055 2294 eum
2079 2269 2175 2295 antea

1217 2311 1450 2349 conspexisset:
1475 2314 1506 2339 et
1528 2319 1546 2338 a
1569 2308 1701 2338 victoria
1724 2317 1888 2338 reversum
1913 2307 2110 2345 quaesivisse
2133 2317 2175 2337 ex

1216 2352 1355 2392 Abnero,
1387 2351 1471 2382 unde
1503 2361 1604 2387 genus
1627 2350 1810 2381 adolescens
1833 2348 1886 2378 ille
1909 2348 2050 2385 duceret,
2081 2349 2174 2388 quasi

1216 2395 1306 2425 nulla
1325 2404 1468 2434 unquam
1487 2394 1525 2424 de
1548 2394 1616 2432 ipso
1634 2392 1717 2432 apud
1741 2401 1849 2431 regem
1873 2391 1955 2421 facta
1977 2400 2061 2422 esset
2083 2401 2175 2423 men·

1216 2439 1269 2469 tio.
1300 2437 1424 2468 Verum
1444 2447 1484 2467 ex
1504 2446 1541 2467 eo
1560 2437 1595 2466 fit
1614 2435 1823 2474 conspicuum
1837 2433 1968 2464 Saulem
1992 2444 2055 2464 nou
2079 2434 2173 2465 modo

1216 2480 1400 2520 perturbata
1415 2484 1522 2510 mente
1534 2478 1641 2514 fuisse,
1661 2477 1716 2508 sed
1735 2478 1830 2507 etiam
1850 2476 1979 2515 stupida
1996 2481 2027 2506 et
2047 2475 2173 2508 hebeti:

1215 2528 1247 2554 et
1264 2533 1282 2553 a
1296 2523 1364 2553 Deo
1387 2522 1432 2553 sic
1455 2522 1489 2552 in
1512 2520 1684 2561 reprobum
1707 2529 1837 2550 sensum
1861 2520 1960 2549 fuisse
1983 2519 2174 2558 coniectum,

1215 2570 1252 2597 ut
1269 2576 1309 2596 ne
1328 2565 1413 2595 inter
1432 2564 1576 2595 homines
1595 2562 1723 2602 quidem
1743 2561 1938 2592 discerneret
1960 2571 2013 2592 eos
2036 2571 2174 2601 quorum

1217 2608 1367 2639 utebatur
1396 2606 1562 2638 ordinario
1584 2605 1771 2636 ministerio.
1817 2604 1987 2635 Caeterum
2011 2603 2174 2636 Davidem

1918 2654 1968 2679 13*
