2551 3044
189 192 248 224 125

189 292 220 318 et
241 286 397 327 praesidio
418 297 480 318 uon
499 298 568 318 sum
591 287 693 325 nixus,
713 286 766 318 sed
787 287 819 317 in
832 287 999 317 hominum
1022 295 1136 316 manus

189 330 325 370 confugi.
371 330 439 361 Nae
462 329 577 360 dixerit
607 330 660 360 ille
690 329 817 369 quidem
848 340 910 360 non
935 329 1017 359 hane
1039 327 1137 358 fuisse

189 383 279 403 suam
304 379 452 410 mentem,
476 383 588 403 verum
613 377 720 403 tamen
739 372 813 403 talis
832 377 878 402 est
897 371 989 403 istius
1008 380 1137 410 respon-

189 415 286 446 sionis
305 425 427 446 sensus.
461 415 504 445 Et
522 415 566 445 ita
584 415 687 446 solent
706 425 788 446 vana
807 414 925 454 effugia
948 418 1137 454 quaerentes

189 468 256 489 sese
290 458 392 497 magis
426 457 560 488 irretire.
606 457 717 497 Neque
751 457 834 488 enim
866 457 954 488 Deus
981 454 1138 496 permittit

189 500 233 530 ita
255 510 313 530 sua
337 506 464 539 peecata
488 500 572 539 ipsos
595 501 700 531 fucare
724 505 753 531 et
778 499 950 540 pigmentis
973 498 1137 534 adornare,

189 543 266 582 quin
289 542 430 582 ipsorum
461 542 624 582 turpitudo
654 546 814 583 appareat,
847 547 877 572 et
900 551 1060 573 summum
1085 539 1137 570 de-

189 585 285 615 decus
303 585 363 624 ipsi
383 594 488 615 eoram
502 585 571 616 Deo
590 590 621 615 et
640 584 820 616 hominibus
843 585 1019 615 incurrant.
1053 582 1136 614 Nam

189 626 291 658 solent
325 627 509 667 hypocritae
542 627 603 658 Dei
638 627 752 658 iudicia
785 632 1004 662 contemnere,
1046 624 1138 656 modo

188 669 322 709 aliquam
337 669 419 708 apud
445 670 589 701 homines
612 670 771 701 retineant
793 670 1008 706 autoritatem,
1031 675 1061 699 et
1074 667 1138 699 vir-

188 713 266 742 tutis
289 712 481 751 opinionem.
527 712 591 743 Sed
616 713 703 743 Deus
727 712 857 752 dignam
885 712 1031 751 operibus
1054 711 1138 750 ipso-

187 765 259 785 rum
283 754 458 786 mercedem
478 755 541 786 illis
561 754 682 786 tribuit.
717 755 800 786 Nam
824 765 931 786 eoram
950 764 1006 785 sua
1024 754 1137 784 maies-

188 804 253 828 tate
277 804 308 828 et
338 798 524 838 angelorum
559 797 637 829 faeie
666 797 904 837 condemnatos,
935 798 1029 828 etiam
1054 795 1138 835 apud

187 839 333 871 homines
366 841 505 880 ipsorum
541 850 637 880 quam
668 840 808 870 maxime
841 845 947 880 tegere
980 844 1138 871 conantur

187 882 418 923 turpitudinem
449 881 577 922 detegit.
624 882 838 922 Conspicuum
871 882 955 913 istud
985 883 1016 912 in
1041 880 1138 913 Saule

186 926 299 966 culpae
329 936 404 956 suae
434 929 556 964 partem
588 925 620 955 in
651 925 804 964 populum
828 925 975 955 derivare
998 924 1138 960 volente,

186 979 280 1008 quem
299 973 406 999 tamen
424 967 493 998 fieri
513 973 626 999 test-em
646 967 878 999 incredulitatis
890 968 991 1007 ipsius
1004 971 1138 1007 oportet,

188 1011 276 1050 quasi
300 1010 464 1051 productis
486 1010 518 1040 in
541 1009 682 1040 medium
706 1010 807 1049 ipsius
828 1009 933 1041 Saulis
957 1015 1021 1040 tam
1046 1008 1139 1040 dictis

188 1063 285 1092 quam
315 1053 422 1093 gestis,
453 1056 483 1083 et
511 1052 640 1092 quidem
664 1052 697 1082 in
723 1053 875 1083 maiorem
901 1051 1138 1084 condemnatio-

188 1106 272 1126 nem.
317 1095 399 1127 Nam
430 1099 555 1135 praeter
584 1100 727 1134 apertam
758 1095 971 1133 rebellionem,
1006 1095 1073 1126 eius
1106 1094 1139 1124 in

187 1138 293 1169 Deum
318 1138 465 1177 impietas
487 1137 611 1169 detecta
631 1142 685 1174 est,
711 1138 793 1176 quod
818 1137 925 1169 Deum
947 1142 983 1168 ut
1006 1136 1140 1168 debebat

187 1192 253 1212 non
276 1180 477 1222 glorificarit:
501 1180 555 1211 sed
578 1185 689 1210 contra
714 1180 817 1211 Deum
843 1180 935 1220 parvi
957 1180 1076 1216 fecerit,
1108 1184 1140 1210 et

187 1224 221 1254 in
244 1224 358 1263 populo
381 1233 468 1263 spem
492 1232 583 1253 suam
603 1222 772 1261 collocarit,
796 1224 885 1254 cuius
910 1228 1015 1253 tamen
1037 1221 1138 1253 rebel-

187 1265 305 1297 lionem
338 1270 489 1305 expertus
519 1271 596 1302 erat,
626 1275 722 1306 quum
747 1276 765 1296 a
788 1266 857 1297 Deo
882 1277 938 1297 rex
962 1265 1139 1306 disignatus

187 1309 302 1349 populo
321 1308 535 1340 exhiberetur.

270 1351 503 1382 Verumtamen
527 1351 623 1390 digna
646 1355 723 1381 sunt
743 1350 898 1391 singulari
918 1350 1139 1382 observatione

186 1393 286 1433 ipsius
311 1393 407 1425 verba
430 1392 626 1424 istiusmodi:
654 1392 789 1429 Peccavi,
813 1394 887 1432 quia
908 1393 1139 1432 praevaricatus

185 1445 254 1467 sum
276 1446 443 1468 sermonem
465 1435 604 1474 Domini,
635 1438 661 1466 et
689 1435 777 1467 verba
799 1438 869 1467 tua.-
898 1436 1012 1476 quibus
1033 1436 1139 1467 verbis

186 1484 351 1519 peccatum
375 1490 468 1510 suum
492 1478 646 1519 designat,
678 1489 791 1518 nempe
814 1489 847 1509 se
871 1489 934 1509 non
959 1478 1139 1518 implevisse

186 1521 319 1553 Domini
349 1521 502 1553 mandata
532 1531 666 1561 quorum
696 1521 762 1561 ipse
786 1520 918 1552 Samuel
941 1521 1087 1552 minister
1109 1527 1140 1551 et

186 1564 346 1605 interpres
369 1565 487 1595 fuerat:
512 1574 547 1595 ae
571 1563 702 1603 proinde
726 1574 816 1595 suam
840 1563 1044 1594 rebellionem
1067 1573 1141 1595 con-

186 1607 305 1639 fitetur.
350 1608 456 1647 Atque
484 1607 543 1638 hoc
566 1612 613 1638 est
636 1611 731 1646 caput
755 1606 898 1637 omnium
921 1606 1137 1646 iniquitatum,

188 1650 256 1681 Deo
279 1660 344 1681 non
367 1649 488 1681 subiici.
533 1649 641 1688 Quare
671 1649 696 1679 si
728 1649 826 1680 vitam
858 1654 940 1680 recte
970 1648 1138 1680 instituere

187 1692 344 1731 volumus,
367 1692 472 1723 danda
495 1703 591 1732 opera
613 1696 660 1723 est
683 1696 717 1722 ut
741 1702 810 1723 eam
834 1691 873 1722 ad
898 1691 1043 1723 divinum
1067 1702 1138 1722 ver-

186 1734 272 1772 bum,
295 1734 378 1776 quod
402 1735 581 1767 sanctitatis
604 1735 736 1774 plenum
759 1739 816 1771 est,
836 1734 1020 1774 exigamus:
1044 1744 1138 1774 prop-

188 1782 274 1809 terea
296 1777 378 1818 quod
401 1778 434 1808 in
457 1788 493 1809 eo
517 1782 625 1808 nostra
648 1777 735 1808 salus
758 1782 789 1808 et
812 1777 964 1817 perfectio
990 1777 1051 1808 sita
1082 1781 1138 1814 est,

187 1826 223 1851 ut
246 1819 429 1852 audivimus
451 1820 485 1851 in
509 1820 565 1851 illa
587 1820 757 1857 sententia,
781 1819 947 1850 meliorem
970 1830 1038 1850 esse
1061 1819 1140 1850 mul-

189 1863 228 1894 tis
258 1863 396 1894 victimis
426 1863 650 1899 obedientiam,
683 1862 781 1893 immo
815 1867 846 1893 et
879 1862 1036 1892 virtutum
1070 1872 1140 1893 esse

188 1909 334 1936 matrem.
379 1906 450 1936 Hoc
473 1906 573 1946 igitur
600 1905 845 1936 fundamentum
870 1910 936 1935 esto
959 1910 1140 1936 nostrarum

188 1948 357 1987 actionum,
385 1959 465 1988 quae
488 1949 522 1979 in
547 1948 674 1979 ruinam
697 1952 729 1978 et
750 1947 885 1978 exitium
909 1946 1052 1987 alioquin
1073 1946 1139 1978 abi-

188 1994 279 2022 turae
313 1997 397 2022 sunt.
453 1990 699 2022 Observandum
739 1995 903 2030 praeterea
936 1989 1065 2021 Saulem
1105 1990 1140 2020 in

189 2032 298 2064 eodem
322 2033 425 2074 gradu
448 2043 579 2073 ponere,
602 2043 637 2064 os
661 2032 722 2063 Dei
746 2038 777 2063 et
800 2032 933 2063 verbum
957 2032 1140 2072 prophetae.

188 2075 314 2114 Quibus
333 2076 437 2107 verbis
457 2076 606 2108 docemur
630 2086 694 2106 non
718 2086 786 2106 esse
809 2075 893 2105 ultra
912 2075 1011 2106 nubes
1030 2075 1137 2106 inves-

189 2118 353 2159 tigandam
384 2119 445 2149 Dei
477 2119 692 2156 voluntatem,
720 2128 818 2157 quum
849 2117 938 2148 verbi
968 2118 1017 2149 sui
1050 2128 1137 2158 prae-

189 2171 282 2192 cones
294 2161 393 2201 ipsius
412 2161 516 2202 gratia
535 2161 625 2192 nobis
644 2160 850 2200 contingunt:
873 2160 1140 2199 quemadmodum

189 2208 221 2233 et
244 2203 354 2234 Mosen
385 2204 530 2235 videmus
560 2203 714 2243 populum
747 2202 796 2233 his
822 2202 926 2233 verbis
950 2202 1141 2243 compellare

189 2250 220 2276 et
243 2246 410 2277 obtestari:
442 2245 630 2278 Mandatum
658 2245 711 2277 hoc
733 2245 812 2285 quod
834 2255 887 2284 eqo
904 2245 1064 2285 praecipio
1086 2245 1141 2277 tibi

188 2287 282 2326 hodie,
313 2299 372 2319 non
394 2298 490 2328 supra
520 2291 546 2319 te
567 2291 619 2326 est,
647 2298 742 2327 neque
758 2288 868 2327 procul
886 2288 1029 2327 positum.
1077 2288 1141 2320 Nec

188 2330 222 2361 in
243 2330 319 2362 coelo
341 2331 443 2368 situm,
474 2333 506 2362 ut
529 2331 635 2370 possis
662 2331 774 2362 dicere:
809 2330 885 2369 Quis
906 2333 1043 2361 nostrum
1065 2331 1142 2362 valet

189 2373 229 2404 ad
258 2373 371 2404 coelum
400 2373 588 2411 adscendere,
622 2375 654 2404 ub
687 2373 805 2412 deferat
832 2372 911 2404 illud
940 2373 981 2404 ad
1012 2383 1076 2413 nos,
1109 2376 1142 2404 ut

189 2415 358 2447 audiamus
390 2418 477 2455 atque
509 2426 595 2455 opere
628 2415 856 2455 compleamus?
910 2415 1016 2456 Neque
1054 2418 1142 2447 trans

189 2468 273 2490 mare
296 2458 441 2497 positum,
473 2461 505 2490 ut
533 2458 679 2496 causeris,
709 2460 735 2488 et
767 2458 869 2489 dicas:
906 2458 981 2497 Quis
1010 2469 1025 2490 e
1057 2459 1142 2490 nobis

184 2502 295 2541 poterit
323 2500 525 2540 transfretare
553 2510 648 2540 mare,
680 2503 706 2531 et
735 2500 813 2531 illud
840 2500 881 2531 ad
902 2511 956 2532 nos
977 2511 1073 2541 usque
1095 2502 1142 2532 de-

189 2545 285 2584 ferre:
316 2546 347 2574 ut
370 2545 529 2582 possimus
551 2543 661 2574 audire
683 2546 708 2574 et
729 2543 827 2581 facere
850 2543 929 2582 quod
944 2546 1142 2584 praeceptum

190 2587 257 2618 est?
300 2585 360 2617 Sed
391 2586 479 2617 iuxta
509 2589 534 2617 te
564 2588 606 2616 est
633 2596 731 2617 sermo
753 2586 842 2617 valde
864 2586 896 2616 in
919 2596 968 2617 ore
990 2589 1038 2617 tuo
1060 2589 1086 2618 et
1108 2587 1142 2618 in

189 2629 276 2661 corde
298 2631 355 2666 tuo,
377 2631 410 2660 ut
429 2629 532 2668 facias
555 2628 652 2660 illum.
686 2628 749 2659 Hie
773 2629 880 2668 itaque
900 2627 977 2660 Saul
1002 2629 1141 2661 declarat

847 192 893 223 IN
917 192 941 223 1.
967 191 1053 223 LIB.
1076 190 1274 223 SAMUEL.
1298 191 1393 222 CAP.
1419 190 1492 222 XV.

2088 189 2147 220 126

1189 295 1222 315 se
1246 284 1445 324 aliquantum
1470 284 1501 315 in
1523 284 1583 315 Dei
1607 284 1716 315 schola
1740 283 1923 323 profecisse,
1947 294 2043 324 quum
2070 285 2145 314 fate-

1191 332 1246 357 tur
1276 337 1308 357 se
1340 327 1596 366 praevaricatum
1627 338 1694 358 esse
1725 337 1905 357 sermonem
1939 326 2079 363 Domini,
2114 332 2146 357 et

1192 369 1288 399 verba
1318 369 1502 408 prophetae.
1554 369 1664 408 Neque
1700 370 1783 399 enim
1818 369 1876 399 Dei
1912 379 2091 399 sermonem
2128 380 2146 400 a

1192 411 1296 442 verbis
1320 411 1495 451 prophetae
1519 416 1671 451 tanquam
1691 412 1774 442 inter
1793 423 1826 442 se
1846 411 2026 442 differentia
2046 412 2144 451 ponit,

1192 454 1247 485 sed
1276 455 1382 493 potius
1414 455 1555 493 agnoseit
1581 453 1677 485 verba
1701 454 1875 494 prophetae
1899 464 1967 485 esse
1991 460 2144 493 tanquam

1192 506 1226 527 os
1245 497 1348 535 ips-um
1362 496 1434 533 Dei,
1454 501 1483 526 et
1502 506 1656 535 organum
1678 498 1779 528 sancti
1799 497 1939 536 spiritus,
1962 508 1997 527 ae
2017 496 2145 527 fidelem

1191 538 1251 570 sibi
1284 539 1443 570 commissi
1477 539 1618 569 muneris
1659 539 1852 570 ministrum.
1909 539 1997 570 Haec
2041 539 2146 578 itaque

1193 581 1336 612 doctrina
1359 586 1407 612 est
1430 592 1468 611 ex
1494 581 1552 611 hoe
1575 581 1641 612 loeo
1665 582 1816 619 eruenda,
1840 587 1874 612 ut
1898 592 1995 621 quum
2021 592 2145 612 sacram

1192 625 1384 663 scripturam
1408 623 1554 663 legimus,
1584 623 1627 653 ibi
1652 625 1786 655 sciamus
1810 623 1917 655 Deum
1942 634 2032 654 suam
2057 624 2147 655 nobis

1193 666 1390 698 voluntatem
1421 676 1594 705 exponere:
1629 666 1667 696 de
1696 677 1757 705 qua
1789 677 1844 697 nos
1878 677 1947 697 esse
1978 676 2146 706 persuasos

1192 714 1327 749 oportet,
1362 718 1463 747 neque
1499 719 1581 738 vana
1615 709 1732 748 effugia
1767 709 1839 740 hine
1874 708 1948 739 inde
1982 719 2144 748 quaerere.

1192 751 1426 782 Testimonium
1450 751 1533 781 enim
1560 750 1642 781 istud
1666 752 1877 782 certissimum
1901 757 1932 782 et
1963 751 2147 783 inviolabile

1192 799 1248 832 est,
1279 794 1330 824 ubi
1356 793 1443 824 Deus
1474 792 1569 823 verbo
1600 804 1656 824 suo
1687 793 1782 824 semel
1806 794 2011 825 autoritatem
2035 793 2139 825 dedit:

1192 842 1227 868 ut
1261 836 1407 867 norimus
1441 845 1512 866 cum
1547 835 1612 866 solo
1652 835 1704 866 illo
1738 836 1827 867 nobis
1862 847 1930 867 esse
1972 837 2146 877 negotium.

1193 881 1299 919 Atque
1322 878 1406 909 idem
1430 878 1635 908 statuendum
1659 878 1697 908 de
1716 878 1786 909 fidis
1806 884 2027 910 sacrosanctae
2046 880 2145 919 serip-

1193 928 1283 953 turae
1313 920 1550 960 interpretibus,
1582 921 1636 959 qui
1667 921 1789 951 sineere
1820 921 1960 952 officium
1991 921 2024 952 in
2055 921 2146 953 nobis

1193 965 1255 996 Dei
1286 964 1482 994 voluntatem
1514 962 1662 993 docendis
1692 964 1827 994 faciunt:
1858 963 1974 1003 quibus
2004 964 2144 1004 acquies-

1193 1006 1330 1038 cendum
1361 1006 1491 1036 omnino
1522 1012 1579 1042 est,
1609 1016 1711 1045 neque
1741 1006 1899 1045 speranda
1923 1017 2062 1046 unquam
2087 1007 2146 1037 im-

1193 1050 1341 1091 punitas,
1378 1049 1405 1078 si
1447 1049 1642 1087 contemptui
1678 1059 1713 1079 ac
1753 1047 1890 1079 ludibrio
1932 1049 2147 1080 habuerimus.

1193 1091 1470 1132 Quemadmodum
1503 1090 1594 1121 multi
1626 1091 1742 1129 passim
1772 1097 1942 1122 occurrunt
1972 1092 2147 1122 nebulones

1193 1140 1225 1166 et
1254 1134 1346 1174 impii
1377 1143 1412 1165 ac
1443 1133 1567 1173 profani
1599 1133 1752 1169 homines,
1784 1133 1836 1173 qui
1867 1144 1900 1164 se
1923 1134 1993 1165 Deo
2017 1135 2145 1173 quidem

1192 1178 1413 1216 obtemperare
1437 1175 1517 1207 velle
1542 1176 1740 1215 profitentur,
1771 1176 1826 1207 sed
1857 1177 1909 1207 ubi
1933 1177 2146 1217 quaerendus

1192 1226 1224 1252 et
1253 1220 1366 1260 quibus
1397 1219 1499 1260 signis
1529 1218 1765 1258 cognoscendus
1796 1219 1954 1258 ignorare.
2012 1219 2104 1250 Absit
2129 1229 2147 1250 a

1192 1263 1283 1295 nobis
1317 1262 1395 1292 haec
1429 1261 1622 1301 arrogantia,
1656 1261 1753 1291 immo
1787 1261 1860 1291 talis
1890 1261 1977 1292 furor
2007 1272 2025 1291 a
2056 1262 2146 1293 nobis

1191 1307 1342 1337 facessat:
1373 1304 1451 1344 quin
1475 1304 1579 1344 potius
1603 1303 1682 1334 colla
1706 1302 1765 1334 Dei
1791 1304 1887 1334 verbo
1913 1303 2048 1335 libenter
2071 1304 2143 1335 sub

1191 1349 1367 1385 mittamus,
1393 1346 1517 1387 Deique
1541 1346 1672 1377 verbum
1696 1356 1767 1376 cum
1795 1346 1976 1377 humilitate
1999 1351 2031 1377 et
2055 1357 2146 1378 reve-

1191 1391 1295 1423 rentia
1318 1390 1520 1430 recipiamus,
1544 1389 1668 1428 quoties
1689 1388 1749 1419 Dei
1774 1389 1861 1419 iussu
1886 1389 1976 1420 nobis
1999 1389 2147 1429 proponi

1193 1441 1260 1465 tur:
1291 1438 1386 1472 atque
1417 1432 1459 1463 ibi
1482 1431 1630 1462 fiduciam
1654 1442 1779 1462 omnem
1804 1436 1947 1461 nostram
1971 1442 2039 1462 esse
2063 1432 2147 1471 posi-

1193 1486 1258 1508 tam
1282 1476 1430 1507 seiamus.
1476 1474 1623 1514 Denique
1647 1479 1751 1504 ratum
1782 1473 1866 1504 istud
1891 1480 1957 1504 esto
1980 1474 2148 1514 fixumque

1190 1520 1223 1551 in
1255 1518 1371 1550 animis
1403 1517 1535 1554 nostris,
1570 1516 1651 1547 vello
1684 1516 1787 1547 Deum
1829 1516 1929 1556 signis
1964 1517 2146 1548 visibilibus

1191 1561 1284 1593 nobis
1308 1571 1470 1601 apparere,
1498 1559 1628 1600 perinde
1651 1569 1718 1590 esse
1743 1568 1777 1589 ac
1801 1560 1827 1589 si
1851 1558 1888 1589 de
1912 1559 1999 1590 coelo
2023 1559 2147 1591 detrac-

1191 1611 1260 1636 tum
1302 1604 1468 1634 vellemus.
1524 1602 1700 1633 Contentus
1733 1601 1818 1631 enim
1853 1611 1921 1632 esse
1956 1612 2013 1632 nos
2046 1602 2149 1642 ipsius

1192 1647 1290 1679 verbo
1320 1650 1454 1686 oportet,
1482 1645 1533 1676 cui
1564 1645 1642 1675 satis
1672 1643 1759 1675 dedit
1788 1643 1861 1674 fidei
1892 1648 1922 1674 et
1953 1644 2146 1675 autoritatis.

1192 1690 1300 1730 Quare
1324 1689 1412 1720 nulla
1437 1688 1499 1719 alia
1521 1687 1740 1719 criminatione
1762 1697 1841 1726 opus
1865 1691 1913 1717 est
1936 1686 1975 1716 ad
1996 1696 2054 1718 nos
2073 1698 2149 1718 con-

1193 1731 1400 1772 demnandos,
1432 1741 1528 1771 quum
1558 1740 1575 1760 a
1598 1730 1651 1760 via
1675 1729 1735 1760 Dei
1765 1729 1863 1759 verbo
1894 1734 2075 1760 monstrata
2097 1740 2147 1761 re-

1192 1775 1394 1808 cesserimus.
1447 1771 1726 1812 Quemadmodum
1764 1776 1794 1801 et
1828 1771 1932 1811 ipsum
1972 1771 2148 1803 Dominum

1193 1823 1340 1850 nostrum
1370 1817 1478 1848 Iesum
1508 1816 1673 1847 Christum
1707 1814 1765 1844 hoc
1788 1818 1978 1854 argumento
2003 1813 2149 1846 videmus

1194 1861 1346 1892 adversus
1369 1870 1422 1891 eos
1444 1859 1491 1890 uti
1515 1859 1568 1898 qui
1591 1857 1728 1888 sermoni
1751 1856 1851 1896 ipsius
1870 1856 2148 1887 contradicebant:

1192 1904 1266 1935 Non
1297 1902 1516 1934 condemnabo
1547 1911 1613 1937 vos,
1644 1900 1757 1939 inquit,
1786 1899 1896 1929 ultimo
1926 1898 1985 1935 die,
2014 1899 2149 1930 verbum

1192 1946 1278 1978 istud
1302 1946 1353 1976 cui
1372 1946 1435 1976 iam
1456 1943 1657 1975 reluctemini
1679 1948 1709 1972 et
1731 1941 1813 1981 quod
1833 1941 1992 1972 obstinate
2018 1942 2149 1973 reiicitis

1194 2000 1251 2020 vos
1275 1987 1506 2020 condemnabit.
1541 1985 1649 2024 Quare
1668 1984 1805 2016 sciamus
1819 1983 1879 2015 Dei
1899 1983 2033 2014 verbum
2057 1985 2148 2015 suffi-

1193 2032 1280 2064 ciens
1303 2042 1371 2062 esse
1395 2030 1434 2061 ad
1459 2040 1516 2060 nos
1539 2027 1804 2062 condemnandos,
1832 2027 1857 2057 si
1882 2036 1946 2056 non
1969 2026 2049 2057 illud
2073 2038 2146 2058 aus-

1193 2074 1434 2110 cultaverinius,
1457 2077 1488 2103 et
1511 2082 1574 2111 qua
1597 2070 1686 2102 decet
1709 2069 1891 2100 humilitate
1914 2076 1944 2099 et
1966 2069 2149 2101 reverentia

1193 2117 1417 2158 receperimus.
1464 2115 1587 2146 Contra
1618 2123 1692 2144 vero
1724 2122 1890 2152 persuasos
1921 2121 1990 2142 esse
2013 2117 2147 2151 oportet,

1194 2171 1252 2191 nos
1276 2171 1292 2190 a
1316 2159 1387 2189 Deo
1411 2156 1610 2198 recipiendos
1634 2162 1665 2186 et
1688 2156 1721 2185 in
1745 2164 1874 2185 suorum
1899 2163 2069 2184 numerum
2092 2153 2147 2184 ad-

1194 2202 1368 2233 mittendos
1392 2205 1424 2232 et
1447 2206 1599 2239 tanquam
1623 2199 1721 2229 iustos
1750 2196 1910 2227 habendos
1934 2206 2033 2235 quum
2057 2207 2146 2227 man-

1194 2245 1269 2277 data
1290 2244 1390 2284 ipsius
1413 2242 1538 2282 sequuti
1558 2242 1721 2278 fuerimus,
1740 2239 1813 2270 lieet
1832 2249 1889 2269 nos
1907 2238 2049 2270 mundus
2068 2249 2148 2270 cane

1195 2288 1284 2328 peius
1305 2293 1336 2317 et
1359 2296 1463 2326 angue
1487 2295 1599 2316 exosos
1618 2286 1834 2324 persequatur.

1279 2330 1379 2361 Porro
1399 2340 1494 2368 quum
1509 2327 1587 2358 Saul
1608 2327 1660 2357 hie
1679 2324 1783 2365 populi
1808 2329 1928 2354 metum
1951 2323 2064 2359 adfert,
2084 2333 2146 2363 quo

1195 2372 1366 2404 adductum
1391 2382 1424 2403 sc
1448 2371 1547 2411 ipsius
1580 2369 1649 2400 voei
1673 2366 1869 2398 auscultasse
1893 2366 1946 2403 ait,
1981 2370 2146 2405 peecatum

1194 2426 1287 2447 suum
1311 2421 1443 2445 conatur
1467 2412 1594 2453 quidem
1620 2411 1744 2441 elevare
1766 2414 1796 2440 et
1819 2409 1978 2439 minuere:
2002 2408 2057 2439 sed
2081 2418 2147 2439 ma-

1194 2459 1243 2499 gis
1267 2463 1371 2497 auget,
1394 2456 1477 2496 quod
1502 2454 1680 2485 obedientia
1704 2452 1758 2482 iila
1782 2451 1875 2491 plena
1894 2451 1935 2482 sit
1954 2450 2146 2489 rebellionis,

1194 2511 1291 2541 quum
1315 2500 1353 2530 ab
1377 2497 1559 2530 hominibus
1591 2496 1865 2535 transfiguramur,
1901 2498 1931 2524 et
1961 2503 1979 2523 a
2003 2494 2071 2524 Deo
2095 2493 2148 2525 ab

1195 2544 1350 2579 ducimur,
1382 2553 1420 2572 ne
1450 2550 1544 2571 suum
1576 2540 1625 2569 ius
1656 2539 1689 2568 in
1719 2546 1776 2568 nos
1807 2537 1953 2567 retineat.
1999 2536 2148 2575 Denique

1194 2585 1357 2617 humilitas
1388 2584 1453 2623 illa,
1483 2592 1543 2622 qua
1577 2581 1734 2612 servimus
1764 2579 1957 2616 hominibus,
1991 2585 2023 2608 et
2053 2578 2148 2610 rebus

1194 2628 1308 2660 creatis
1332 2626 1530 2662 mortalibus,
1560 2624 1630 2655 Deo
1655 2629 1685 2654 et
1709 2623 1807 2662 ipsius
1830 2621 1929 2653 verbo
1953 2621 2094 2652 detrahit
2118 2625 2150 2652 et
