2551 3044
364 198 397 227 ll

359 289 623 329 despondeamus,
657 294 689 318 et
722 289 813 328 quasi
843 291 906 320 iam
938 289 976 320 de
1007 290 1099 320 nobis
1129 293 1235 319 aetum
1266 288 1317 323 sit,

360 332 574 371 desperemus.
627 330 722 369 Quod
762 332 794 362 in
829 331 888 363 hac
929 331 1065 362 historia
1098 338 1250 370 tanquam
1285 331 1318 360 in

358 373 487 414 speculo
510 373 723 413 contemplari
747 373 838 405 nobis
862 374 944 406 licet.
982 374 1128 413 Namque
1150 372 1318 404 Israelitae

359 416 464 448 subito
486 421 563 446 sunt
586 416 761 453 convocati,
793 422 825 448 et
853 427 988 457 magnos
1018 417 1141 448 animos
1171 420 1318 456 gerentes

360 458 515 498 praelium
545 468 676 498 poscere
706 458 898 490 videbantur
927 466 1002 490 ante
1029 466 1214 498 conspectos
1245 457 1317 489 hos-

359 508 416 539 tes,
450 501 573 541 sibique
608 501 731 532 facilem
766 502 934 533 victoriam
968 502 1218 542 pollicebantur:

358 586 566 617 multitudine
596 586 724 618 illorum
755 587 902 627 perculsi,
932 593 964 618 et
998 588 1118 619 viribus
1142 587 1231 618 fracti
1261 585 1314 617 de-

357 629 568 669 sponderunt.
595 628 812 668 Quamobrem
837 636 925 661 tanto
949 632 1068 661 maiore
1091 630 1196 661 studio
1220 628 1314 660 debe—

359 683 431 703 mus
461 672 606 703 animum
637 672 797 712 applicare
824 673 863 704 ad
895 673 991 711 illam,
1022 674 1060 703 de
1083 683 1144 713 qua
1168 672 1314 711 superius

358 716 492 755 egimus,
523 715 785 754 pollicitationem
808 726 827 746 a
850 715 940 747 Mose
963 716 1168 756 propositam,
1198 725 1313 754 nempe

360 764 394 788 ut
424 757 682 797 quandoquidem
706 763 792 789 certo
823 759 964 798 persuasi
988 769 1098 790 snmus
1122 769 1178 789 nos
1201 768 1219 787 a
1243 757 1312 788 Deo

358 802 391 830 in
421 800 574 840 populum
599 811 692 831 suum
721 800 903 841 adoptatos,
933 807 965 832 et
987 802 1138 832 certiores
1162 800 1235 831 facti
1258 810 1311 831 su-

357 853 439 879 mus,
464 853 520 873 nos
543 842 602 873 sub
621 843 720 882 ipsius
743 843 901 883 praesidio
921 850 1006 875 tutos
1025 844 1100 880 fore,
1125 851 1155 874 et
1173 853 1312 880 securos,

360 885 452 916 modo
476 885 580 925 ipsum
605 885 793 918 invocemus
816 887 847 917 in
871 887 1016 923 veritate,
1050 886 1133 918 hunc
1158 886 1312 916 honorem

358 928 417 968 ipsi
442 927 631 964 deferamus,
663 934 698 959 ut
719 929 752 959 in
776 929 830 960 illo
852 929 919 960 solo
943 930 1188 969 acquiescamus,
1219 933 1252 959 et
1273 928 1313 959 ab

357 972 425 1011 ipso
467 969 673 1010 pendeamus,
712 977 797 1003 certo
835 973 978 1012 persuasi
1013 972 1113 1012 ipsius
1155 971 1311 1002 auxilium

359 1014 454 1054 longe
476 1013 544 1044 fore
567 1014 733 1053 potentius
755 1015 902 1046 omnibus
927 1015 1065 1046 hostium
1092 1015 1221 1050 viribus,
1252 1014 1311 1045 etsi

355 1062 442 1087 totus
473 1057 612 1087 mundus
642 1056 766 1088 collatis
795 1058 894 1097 copiis
924 1057 1094 1088 adversum
1125 1068 1181 1087 nos
1204 1057 1310 1087 insur-

357 1103 462 1139 geret:
485 1099 584 1129 immo
607 1099 730 1130 coelum
754 1107 784 1131 et
807 1106 893 1131 terra
915 1100 1084 1131 adversum
1109 1111 1165 1131 nos
1188 1100 1312 1140 conspi-

358 1146 451 1172 raret.
498 1140 701 1182 Quapropter
731 1142 770 1173 ab
802 1143 873 1173 istis
904 1144 1039 1174 terrenis
1068 1143 1215 1173 omnibus
1245 1143 1312 1173 sive

358 1184 528 1224 prosperis,
552 1185 619 1215 sive
643 1184 787 1216 adversis
811 1186 905 1217 rebus
928 1186 1011 1217 oculi
1035 1193 1110 1216 sunt
1134 1185 1312 1224 avertendi,

356 1233 387 1257 et
410 1227 449 1257 ad
474 1227 577 1266 ipsum
601 1227 818 1265 convertendi,
842 1233 877 1258 ut
899 1228 963 1259 fide
986 1229 1092 1259 omnia
1115 1238 1310 1267 superemus.

355 1269 438 1300 Nam
463 1280 543 1309 quae
567 1270 672 1301 minae
695 1277 927 1310 proponuntur,
951 1282 1033 1311 quae
1053 1271 1190 1311 pericula
1210 1272 1312 1301 inten—

356 1318 476 1349 tantur,
507 1312 673 1343 simillima
702 1319 778 1344 sunt
802 1313 987 1354 ingentibus
1006 1314 1153 1354 procellis
1177 1320 1207 1344 ct
1230 1319 1311 1344 tem-

357 1355 533 1395 pestatibus
566 1355 680 1394 quibus
715 1356 745 1386 in
781 1356 844 1387 alto
882 1356 993 1397 pelago
1027 1356 1131 1387 solent
1165 1356 1312 1388 homines

357 1397 490 1438 agitari:
522 1408 596 1428 nam
627 1398 652 1428 si
681 1403 828 1437 tempora
857 1405 933 1429 sunt
963 1399 1109 1429 nubilosa
1136 1404 1167 1430 et
1191 1399 1312 1439 procel-

357 1440 433 1477 losa,
459 1444 588 1480 repente
611 1441 817 1472 concidimus.
863 1441 949 1480 Quid
973 1442 1039 1472 ita?
1081 1442 1173 1480 Quod
1199 1452 1311 1482 nempe

357 1483 431 1513 solis
463 1482 666 1522 splendorem
698 1484 815 1514 intueri
846 1495 908 1514 non
942 1484 1108 1524 possimus,
1144 1493 1312 1524 propterea

357 1524 440 1565 quod
470 1525 540 1556 alae
563 1536 619 1556 nos
643 1525 801 1564 deficiant,
831 1527 945 1566 quibus
974 1537 1071 1567 supra
1103 1528 1186 1567 ipsas
1211 1528 1312 1559 nubes

357 1568 604 1599 transvolemus.
651 1568 715 1600 Sed
747 1568 842 1609 longe
876 1569 984 1609 dispar
1017 1571 1097 1601 ratio
1131 1577 1176 1601 est
1207 1571 1310 1601 Deum

357 1610 515 1641 intuendi.
560 1610 643 1642 Nam
674 1617 710 1642 ut
739 1611 819 1642 fides
848 1618 959 1643 nostra
987 1613 1084 1643 verbo
1113 1613 1213 1653 ipsius
1237 1614 1309 1644 niti·

357 1661 418 1691 tur,
454 1654 497 1683 ita
528 1654 625 1684 etiam
654 1664 755 1694 usque
786 1654 823 1685 ad
856 1655 978 1686 coelum
1011 1655 1114 1695 ipsum
1146 1657 1311 1695 pertingit.
1337 1673 1339 1684 .

359 1697 464 1735 Atque
493 1695 612 1727 idcireo
637 1696 760 1727 Paulus
783 1697 946 1736 apostolus
970 1698 1002 1728 in
1026 1699 1159 1737 epistola
1182 1698 1220 1729 ad
1245 1699 1311 1730 He-

357 1739 469 1769 braeos
500 1739 660 1770 anchorae
688 1739 931 1771 similitudinem
962 1740 1100 1772 adhibet.
1146 1741 1229 1772 Nam
1253 1743 1312 1773 etsi

359 1787 485 1821 tempus
508 1781 549 1811 sit
579 1781 754 1819 turbidum,
785 1788 816 1812 et
837 1793 926 1813 maro
949 1783 1169 1823 procellosum,
1201 1791 1234 1815 ut
1258 1796 1310 1816 ne-

357 1834 417 1864 que
449 1823 582 1859 coelum,
618 1835 720 1864 neque
755 1831 839 1855 terra
874 1833 1034 1865 appareat,
1071 1837 1106 1858 ac
1140 1838 1179 1857 ne
1213 1828 1312 1858 maris

357 1865 485 1906 quidem
511 1866 643 1897 fundum
668 1868 860 1905 inveniatur,
892 1875 999 1899 tamen
1023 1870 1162 1900 anchora
1185 1871 1311 1910 proiici-

357 1916 419 1944 tur‚
451 1914 484 1939 ut
514 1920 552 1940 ea
582 1909 683 1941 eiecta
714 1910 806 1941 navis
836 1911 979 1947 sistatur,
1009 1919 1039 1941 et
1063 1911 1215 1943 adversus
1238 1924 1310 1953 pro-

357 1951 452 1982 eellas
481 1958 513 1982 et
539 1958 746 1992 tempestates
774 1954 929 1984 firmetur.

358 2047 415 2067 nas
450 2037 526 2068 istas
560 2048 610 2068 res
643 2044 675 2068 et
707 2038 851 2076 caducas,
892 2039 947 2070 scd
982 2040 1014 2069 in
1049 2041 1170 2071 eoelum
1207 2042 1310 2081 ipsum

357 2080 535 2119 proficiant,
576 2090 656 2119 quae
696 2080 825 2112 tandem
860 2081 899 2112 ad
933 2082 1036 2122 ipsum
1072 2094 1170 2123 usquc
1207 2085 1309 2115 Deum

358 2123 533 2161 perveniat.
590 2123 673 2153 Nam
715 2134 770 2163 per
805 2123 866 2155 Dei
909 2124 1041 2155 verbmn
1077 2137 1172 2165 supra
1207 2128 1311 2167 ipsum

358 2165 513 2195 mundum
545 2166 731 2202 attollimur,
764 2166 802 2197 ad
832 2168 1112 2206 contemplandum
1144 2170 1217 2200 viva
1242 2169 1311 2208 lide,

357 2213 389 2237 et
418 2207 695 2247 complectendum
718 2209 830 2240 salutis
860 2216 989 2240 nostrae
1010 2212 1195 2243 remedium.
1240 2213 1312 2243 Hoc

358 2250 455 2289 igitur
485 2251 619 2290 infigere
653 2251 751 2282 altius
779 2252 896 2283 animis
930 2254 1048 2283 nostris
1081 2253 1242 2291 debemus,
1278 2262 1310 2286 ut

356 2303 563 2332 quaecunque
603 2293 738 2325 adversa
778 2295 941 2335 ingruant,
980 2296 1162 2336 quicunque
1205 2298 1311 2329 hostes

357 2336 528 2366 adversum
563 2347 620 2367 nos
643 2336 822 2377 insurgant,
853 2343 884 2368 et
904 2348 1113 2378 quascunque
1138 2340 1239 2371 minas
1263 2342 1310 2371 in-

357 2383 492 2414 tentent,
516 2384 548 2409 ct
571 2379 609 2409 dc
633 2385 743 2410 nostra
765 2379 867 2411 salute
890 2381 1122 2412 conclamatum
1150 2383 1310 2419 videatur-3

358 2420 566 2452 nibilominus
591 2427 697 2453 tamen
728 2422 761 2453 in
786 2422 856 2454 Deo
878 2433 966 2462 spem
992 2430 1134 2455 nostram
1158 2426 1311 2457 collocare

356 2472 396 2493 ne
437 2463 631 2495 desinamus.
688 2464 955 2505 Quandoquidem
995 2466 1095 2505 igitur
1129 2468 1215 2499 Deus
1255 2480 1311 2508 per

358 2504 491 2536 verbum
524 2517 617 2537 ¹sunm
649 2508 819 2547 pollicetur
849 2518 882 2539 se
913 2508 1004 2539 nobis
1036 2520 1197 2549 nunquam
1221 2511 1309 2542 defu-

357 2554 476 2586 turum,
517 2549 601 2579 illius
631 2551 796 2589 promissis
823 2552 1070 2591 acquiescamus.
1126 2555 1232 2593 Atque
1267 2555 1311 2584 ita

357 2590 409 2620 fiet
435 2597 466 2621 ut
498 2591 699 2623 imminentia
722 2593 862 2633 pericula
885 2600 1064 2624 metuamus
1087 2595 1224 2634 quidem,
1255 2597 1309 2628 sed

1261 501 1315 532 sed
1342 510 1343 519 ¹

358 544 413 575 ubi
432 544 464 575 in
485 543 625 575 hostium
646 554 763 575 venere
783 552 997 585 conspectum,
1023 551 1154 585 repente
1173 544 1315 574 animum
1340 554 1343 572 ὲ

974 1954 1028 1985 Sic
1051 1956 1212 1994 apostolus
1235 1956 1311 1987 tide·
1336 1991 1338 1997 y

359 1995 403 2025 les
427 1994 586 2033 admonet,
617 2000 650 2025 ut
673 1995 846 2026 anchoram
871 1996 943 2027 fidei
969 2008 1044 2027 suae
1069 2009 1131 2028 non
1157 2000 1187 2028 in
1212 2005 1311 2030 terre·
1337 1999 1338 2004 ’

1179 191 1373 225 HOMILIA
1399 195 1505 227 XLV.

1334 2614 1337 2637 l

357 2642 419 2662 non
449 2632 536 2664 ultra
567 2634 710 2666 modum:
746 2642 778 2667 ct
808 2647 934 2677 semper
962 2637 1033 2667 forti
1064 2638 1169 2668 animo
1200 2640 1309 2676 simus,
1334 2641 1336 2660 ἴ

2293 198 2332 228 12

1371 289 1630 330 quandoquidem
1653 292 1808 323 auxilium
1833 298 1979 322 nostrum
2003 291 2037 322 in
2057 291 2126 322 Deo
2149 292 2247 323 situm
2271 300 2330 330 est,

1371 332 1404 363 in
1439 342 1500 372 quo
1533 333 1611 374 solo,
1646 340 1789 366 nostram
1823 334 2045 365 infirmitatem
2076 334 2223 371 fatentes,
2255 345 2330 366 con-

1371 375 1575 414 quiescimus
1621 376 1729 416 Quare
1760 378 1833 408 lieet
1864 377 1994 413 infirmi,
2027 386 2190 416 nunquam
2219 382 2328 408 tamen

1371 416 1515 450 adversis
1549 419 1624 450 ullis
1658 419 1753 451 rebus
1787 420 1982 459 deiiciemur,
2024 419 2102 459 quin
2138 418 2228 451 Deus
2260 420 2329 460 ipse

1372 459 1518 492 labantes
1550 463 1724 494 sustineat:
1759 462 2030 503 quemadmodum
2065 462 2098 492 in
2132 462 2238 501 priore
2271 472 2330 494 sua

1371 503 1525 534 canonica
1547 503 1685 537 Ioannes
1709 516 1767 537 nos
1790 505 1891 537 docet.

1455 546 1671 579 Transeamus
1701 548 1852 588 deinceps
1878 547 1917 579 ad
1948 547 2123 588 sequentia,
2154 547 2187 578 in
2213 547 2328 587 quibus

1369 586 1449 618 Saul
1473 588 1590 620 dicitur
1613 591 1794 622 constitisse
1818 592 1851 621 in
1876 590 2003 630 Galgal,
2027 595 2060 620 et
2078 589 2121 620 ibi
2140 589 2327 621 Samuelem

1368 640 1426 670 per
1459 638 1580 671 septem
1615 633 1683 665 dies
1716 634 1962 674 exspectavisse.
2008 632 2103 672 Quod
2139 632 2177 664 de
2211 632 2328 665 Gabaa

1369 673 1485 711 Saulis,
1505 674 1556 706 hie
1575 683 1854 714 commemoratur,
1874 677 1935 707 fuit
1953 686 1970 706 e
1990 676 2119 715 regione
2139 675 2327 707 Bethaven:

1367 716 1421 755 qui
1453 722 1559 748 tamen
1592 718 1678 750 locus
1709 729 1771 750 non
1801 720 1846 750 ita
1879 720 1967 759 prius
1998 718 2236 754 nominabatur.
2269 717 2327 750 sed

1367 758 1473 797 potius
1496 759 1612 792 Bethel
1642 760 1739 802 (quod
1769 761 1871 793 obiter
1899 761 2018 793 dietum
2050 760 2131 802 esto)
2154 767 2187 792 et
2209 771 2326 792 nomen

1365 801 1550 841 impositum
1575 810 1644 835 erat
1665 814 1683 834 a
1706 804 1828 841 Iacobo,
1856 803 2125 844 quemadmodum
2149 804 2226 835 satis
2249 810 2325 835 nota

1365 849 1413 874 est
1437 845 1584 877 historia:
1620 846 1675 878 sed
1704 847 1754 878 hic
1784 848 1906 878 ratione
1931 857 2042 878 eorum
2066 857 2147 886 quae
2170 846 2322 886 deinceps

1364 887 1569 928 contigerunt
1587 890 1719 929 spiritus
1738 890 1799 921 Dei
1818 890 1960 930 loquitur
1980 890 2018 921 de
2038 889 2215 920 Bethaven.
2240 889 2323 920 Nam

1365 929 1450 968 quod
1484 930 1527 961 ibi
1563 932 1701 972 populus
1735 932 1774 963 ad
1806 932 2022 964 idololatriam
2057 941 2232 963 conversus
2266 937 2323 969 est,

1366 971 1439 1003 licet
1464 973 1503 1004 ad
1527 973 1632 1005 Iacobi
1661 975 1845 1015 exemplum
1873 982 1904 1007 et
1928 975 2140 1006 imitationem
2166 975 2226 1005 Dei
2256 974 2324 1006 cul·

1366 1020 1433 1045 tum
1469 1017 1666 1056 simularent,
1707 1028 1801 1057 quem
1837 1019 1943 1058 potius
1978 1018 2117 1048 ludibrio
2152 1017 2324 1055 habebant,

1366 1058 1541 1098 prophetae
1564 1059 1669 1091 locum
1693 1060 1793 1097 illum,
1818 1071 1911 1101 quem
1935 1067 2029 1091 antea
2053 1060 2186 1091 Iacobus
2205 1059 2324 1091 Bethe-

1366 1100 1428 1131 lem
1452 1102 1684 1140 nominaverat,
1716 1103 1797 1134 idest
1819 1103 1947 1134 domum
1972 1103 2043 1140 Dei,
2073 1109 2203 1143 propter
2226 1103 2324 1144 insig-

1366 1153 1440 1174 nem
1474 1145 1562 1176 illam
1595 1146 1750 1177 visionem
1785 1156 1879 1186 quam
1914 1157 1951 1178 eo
1985 1146 2052 1177 loco
2088 1146 2251 1182 habuerat,
2286 1150 2325 1176 ut

1365 1187 1520 1227 scriptum
1555 1193 1603 1219 est
1634 1189 1752 1220 Genes.
1787 1188 1828 1219 23
1856 1200 1923 1229 cap.
1956 1188 2127 1220 Bethaven
2161 1187 2322 1226 dixerunt,

1366 1236 1400 1260 ut
1430 1231 1474 1260 ita
1504 1229 1654 1262 docerent
1685 1232 1789 1263 Iacobi
1819 1238 1962 1272 posteros
1992 1232 2130 1271 pessime
2158 1231 2189 1261 in
2215 1241 2323 1262 exem-

1365 1273 1455 1312 plum
1480 1274 1616 1305 traxisse
1635 1274 1741 1305 Iacobi
1770 1275 1899 1314 factum,
1929 1285 1965 1305 eo
1989 1274 2055 1305 loco
2080 1274 2181 1305 altare
2205 1275 2236 1304 iu
2261 1283 2323 1313 quo

1366 1316 1524 1347 visionem
1557 1316 1713 1347 habuerat
1743 1317 1907 1358 erigentis.
1953 1317 2036 1348 Nam
2067 1317 2228 1347 mandatis
2263 1317 2323 1347 Dei

1365 1369 1479 1398 parere
1506 1358 1578 1390 illos
1608 1360 1783 1400 oportebat,
1814 1360 1868 1400 qui
1899 1359 2108 1400 prohibuerat
2138 1359 2210 1390 illos
2233 1358 2322 1390 dein-

1365 1412 1439 1442 ceps
1469 1401 1529 1432 sibi
1560 1402 1661 1433 ullum
1692 1403 1793 1434 altare
1823 1413 1862 1434 ex
1894 1413 1952 1433 suo
1987 1403 2118 1433 arbitrio
2147 1407 2179 1433 et
2209 1402 2323 1432 volun-

1366 1450 1432 1475 tate
1454 1449 1654 1484 construere;
1685 1445 1942 1486 quandoquidem
1966 1445 2026 1476 Dei
2051 1450 2118 1475 erat
2142 1444 2223 1485 legis
2246 1445 2324 1484 ipsis

1365 1488 1540 1527 imponere,
1569 1493 1600 1519 et
1624 1488 1683 1519 sibi
1707 1488 1848 1520 debitum
1873 1488 2025 1519 honorem
2051 1497 2189 1527 poscere.
2236 1488 2324 1518 Deus

1365 1541 1440 1561 vero
1469 1530 1626 1570 templum
1660 1531 1693 1562 in
1725 1536 1834 1562 monte
1864 1530 1943 1562 Sion
1975 1531 2137 1561 aedificari
2168 1530 2323 1568 iusserat;

1365 1573 1501 1613 populus
1536 1579 1644 1604 autem
1678 1575 1710 1604 in
1742 1574 1859 1605 Bethel
1894 1572 2107 1605 sacrificabat:
2142 1579 2174 1603 ct
2206 1573 2324 1604 idcirco

1365 1616 1538 1656 prophetae
1558 1616 1677 1653 dieunt,
1702 1617 1841 1648 Domum
1861 1616 1948 1647 illam
1970 1615 2087 1647 Bcthel
2107 1615 2138 1646 in
2161 1621 2324 1655 posterum

1367 1659 1546 1696 Bethaven,
1585 1659 1616 1689 id
1648 1665 1695 1690 est
1726 1660 1856 1690 domum
1886 1659 2064 1699 iniquitatis
2095 1665 2244 1689 vocatum
2273 1658 2323 1689 iri.

1366 1701 1537 1733 Caeterum
1561 1702 1646 1741 quod
1671 1701 1762 1733 Sauli
1786 1710 1914 1742 tempus
1938 1712 1956 1732 a
1979 1700 2130 1732 Samuele
2149 1701 2326 1741 praescrip-

1366 1749 1433 1775 tum
1465 1744 1591 1781 dicitur,
1625 1745 1802 1776 seeundum
1838 1744 1924 1784 quod
1958 1744 2138 1783 exspectari
2173 1754 2191 1774 a
2224 1743 2324 1775 Saule

1366 1787 1483 1824 debuit,
1515 1788 1634 1818 mirum
1666 1787 1767 1818 videri
1798 1793 1915 1828 posset,
1949 1793 1980 1817 et
2014 1787 2144 1817 Saulem
2177 1797 2232 1826 spe
2266 1796 2324 1817 sua

1366 1830 1495 1861 interim
1527 1830 1685 1861 frustrari.
1731 1830 1814 1861 Nam
1845 1840 1944 1870 quare
1974 1829 2115 1866 Samuel,
2147 1829 2173 1860 si
2203 1839 2222 1860 a
2253 1828 2323 1860 Deo

1365 1873 1571 1904 constitutum
1596 1878 1674 1909 erat,
1700 1873 1896 1913 praescripto
1920 1878 2066 1913 tempore
2085 1883 2145 1903 non
2170 1870 2322 1902 advenie-

1365 1915 1442 1947 bat?
1488 1916 1575 1947 Sane
1606 1915 1748 1947 defectus
1772 1916 1823 1947 hie
1846 1920 1979 1955 apparet
2002 1916 2171 1954 maximus,
2201 1919 2234 1945 et
2256 1914 2324 1954 qui-

1365 1958 1437 1989 dem
1461 1959 1518 1989 soli
1546 1958 1687 1989 Samueli
1712 1959 1842 1989 videtur
1864 1958 2082 1998 imputandus.
2128 1957 2170 1988 Et
2192 1956 2322 1997 quidem

1365 2001 1482 2041 aliquis
1510 2001 1595 2032 dicat
1626 2001 1723 2032 etiam
1755 2001 1931 2041 prophetae
1960 2001 2088 2032 nomine
2118 2000 2252 2031 abusum
2281 1998 2322 2030 ad

1365 2044 1498 2075 Saulem
1529 2044 1762 2084 decipiendum,
1792 2054 1828 2075 ac
1857 2043 1989 2084 proinde
2014 2043 2075 2074 Dei
2098 2052 2213 2074 nomen
2238 2041 2320 2072 blas-

1365 2087 1491 2126 phemis
1521 2087 1688 2118 hominum
1719 2087 1851 2118 vocibus
1885 2086 2070 2126 exposuisse
2104 2084 2320 2116 lacerandum.

1365 2129 1446 2160 Nam
1467 2140 1565 2169 quum
1587 2129 1676 2161 Deus
1697 2129 1816 2170 aliquid
1837 2140 1892 2169 per
1911 2129 2082 2169 propbetas
2101 2127 2204 2165 edicit,
2227 2137 2321 2167 opor-

1365 2178 1410 2203 tet
1440 2172 1520 2203 illud
1551 2172 1677 2213 impleri
1709 2183 1742 2204 re
1766 2173 1844 2213 ipsa,
1874 2177 1910 2203 ut
1932 2182 1997 2202 non
2021 2172 2141 2202 frustra
2165 2169 2254 2201 Deus
2273 2169 2320 2200 lo·

1365 2221 1483 2255 quutus
1524 2215 1689 2254 videatur,
1731 2221 1760 2246 et
1803 2215 1913 2246 nullus
1953 2215 2120 2245 hominum
2156 2212 2320 2244 mentibus

1364 2257 1535 2297 serupulus
1566 2259 1735 2289 iniieiatur.
1781 2258 2069 2289 Vcrumcnimvero
2091 2256 2246 2286 memoria
2269 2266 2318 2287 re-

1366 2300 1539 2340 petendum
1572 2301 1662 2331 nobis
1685 2309 1742 2338 est,
1773 2299 1858 2340 quod
1877 2309 1970 2339 saepe
1993 2301 2024 2329 iu
2049 2299 2147 2329 sacris
2170 2299 2319 2337 occurrit,

1365 2354 1480 2383 nempe
1513 2344 1618 2374 Doum
1649 2354 1743 2383 saepe
1771 2353 1900 2374 suorum
1926 2342 2095 2381 explorare
2119 2341 2318 2381 patientiam,

1364 2396 1464 2425 quum
1495 2396 1559 2417 non
1590 2392 1722 2426 apparet
1752 2386 1829 2425 ipsis
1858 2385 2013 2416 auxilium
2043 2385 2149 2414 serens
2179 2390 2244 2415 tam
2271 2394 2319 2415 re-

1364 2434 1460 2468 pente
1490 2439 1585 2468 quam
1618 2429 1678 2468 ipsi
1709 2433 1867 2468 optarent,
1901 2433 1956 2458 aut
1985 2427 2044 2458 sibi
2076 2432 2317 2466 persuaserant:

1364 2478 1419 2501 aut-
1449 2471 1545 2502 etiam
1573 2471 1701 2511 quando
1731 2470 1859 2502 videtur
1882 2470 1977 2501 verbo
2001 2480 2057 2500 suo
2082 2469 2317 2509 quodammodo

1364 2524 1555 2553 repugnare.
1602 2514 1748 2553 Exempli
1779 2513 1891 2553 gratia,
1923 2513 2005 2552 apud
2031 2512 2148 2542 Isaiam
2180 2512 2316 2553 prophe—

1363 2562 1428 2587 tam
1454 2556 1542 2588 Deus
1568 2557 1646 2588 dicit
1675 2567 1708 2588 se
1738 2556 1894 2595 cogitasse
1925 2555 1963 2586 de
1987 2555 2077 2586 nohis
2098 2554 2316 2586 subveniendo

1363 2605 1535 2638 antequam
1567 2599 1606 2630 ad
1636 2599 1740 2639 ipsum
1765 2598 1986 2628 voeifercmur.
2032 2598 2124 2637 Quae
2149 2597 2315 2638 promissio

1364 2641 1403 2672 ad
1433 2643 1534 2673 nostri
1565 2641 1716 2681 temporis
1744 2640 1853 2671 fideles
1885 2642 2033 2679 pertinet,
2066 2641 2111 2671 vel
2144 2642 2211 2681 ipso
2234 2644 2315 2672 teste
