2551 3044
213 223 283 254 ⁴701

225 326 304 348 num
335 315 396 355 ipsi
428 325 493 345 non
525 313 743 349 adhibeamus,
774 318 829 344 aut
860 312 887 343 si
917 310 1007 342 nobis
1038 315 1192 349 tanquam

226 358 456 390 instrumentis
479 357 526 387 uti
552 356 627 386 velit
650 356 689 387 ad
713 356 821 386 hostes
845 353 1102 395 prosternendos,
1127 357 1192 382 tam

228 402 322 433 facile
346 401 515 440 negotium
536 400 733 434 effecturum,
759 403 793 428 ut
816 398 950 429 iocando
970 396 1077 436 potius
1097 405 1193 435 quam

228 442 348 483 aliquid
380 441 505 482 agendo
537 440 620 471 serio
649 451 802 480 magnam
834 440 1001 471 victoriam
1032 439 1095 469 iam
1129 437 1194 467 adi-

217 488 402 527 piscamur.
438 483 522 514 Nam
547 484 605 514 etsi
627 483 735 514 David
756 484 870 523 viginti
891 488 1028 523 quatuor
1041 481 1194 511 horarum

229 529 343 569 spatio,
366 537 384 557 a
410 535 544 565 vespera
563 526 718 557 nimirum
737 525 776 556 ad
797 536 975 566 vesperam,
1000 524 1109 554 hostes
1122 533 1193 562 per-

228 569 392 610 sequendo
426 568 597 605 iaborarit,
636 569 724 599 iocus
759 574 867 599 tamt-n
898 569 985 599 visus
1019 572 1082 602 est,
1126 566 1195 596 Deo

228 621 375 644 mensam
411 611 480 650 ipso
514 610 615 642 veluti
651 617 881 651 praeparante.
916 616 947 641 et
978 609 1016 639 de
1050 608 1195 639 hostibus

229 653 508 693 triumphantibus
522 654 680 694 genioque
693 653 937 693 indulgentibus
951 652 1116 683 victoriam
1131 650 1194 681 lar-

229 698 336 738 giente
366 702 432 726 tam
462 696 589 726 facilem
620 702 655 727 ut
685 697 830 736 occupati
862 701 987 727 tantum
1018 694 1138 724 milites
1161 693 1194 723 in

228 739 293 771 illis
305 738 550 776 interficiendis,
575 741 706 779 quinon
721 739 759 770 ad
779 749 931 779 pugnam,
957 736 1012 769 sed
1033 736 1071 767 ad
1085 736 1196 776 epulas

228 793 263 814 se
286 788 566 821 comparaverant.

315 824 487 855 Caeterum
511 823 588 856 hinc
619 826 715 856 etiam
741 823 954 855 admonemur
976 832 1104 862 semper
1128 833 1196 853 esse

230 867 322 898 nobis
347 866 537 904 cavendum,
569 872 601 898 et
625 868 714 898 velut
737 867 770 898 in
800 867 930 906 specula
953 864 1196 896 consistendum

230 910 305 941 licet
328 909 393 940 alta
423 919 500 948 pace
533 914 565 940 et
588 910 684 941 rebus
706 909 849 940 maxime
878 908 1027 940 secundis
1050 913 1195 939 utamur:

231 962 306 984 nam
331 952 389 982 etsi
415 951 503 982 nulla
528 954 719 992 necessitate
743 963 925 993 urgeamur,
950 956 981 982 et
1002 951 1098 990 paulo
1118 951 1195 981 libe-

229 995 297 1026 rius
321 995 430 1025 vivere
454 994 544 1025 nullo
575 995 753 1027 facessente
783 995 875 1026 nobis
904 994 1070 1034 negotium
1096 993 1195 1033 possi-

228 1048 311 1075 mus,
340 1039 488 1067 fraenare
511 1042 618 1069 tamen
650 1042 777 1078 oportet
801 1044 928 1069 nostros
959 1037 1132 1077 appetitus,
1165 1040 1197 1066 et

229 1080 373 1111 habenas
396 1079 555 1112 adducere
579 1092 619 1112 ne
638 1081 758 1112 feroces
778 1091 874 1120 equos
893 1080 1067 1110 imitemur.
1090 1078 1197 1110 Multa

230 1123 351 1163 passim
375 1129 548 1154 occurrunt
570 1123 720 1164 exempla
743 1124 775 1154 in
800 1123 908 1159 sacris,
934 1132 1044 1153 eorum
1069 1122 1122 1162 qui
1146 1132 1195 1152 re-

230 1166 290 1197 bus
319 1165 468 1196 secundis
494 1166 544 1196 usi
575 1174 605 1197 et
635 1167 729 1207 genio
760 1166 965 1206 indulgentes
988 1165 1196 1203 gravissimas

229 1218 349 1248 poenas
368 1208 401 1238 in
426 1218 459 1238 se
482 1207 681 1240 derivarunt.
707 1209 798 1240 Deus
820 1210 906 1240 enim
926 1208 997 1239 vult
1015 1217 1073 1238 nos
1093 1207 1194 1238 vitam

229 1260 326 1291 agere
350 1260 423 1281 cum
447 1250 554 1291 aliqua
576 1262 652 1283 eura
676 1258 707 1283 et
730 1251 955 1288 sollicitudine,
979 1261 1042 1281 non
1066 1249 1193 1289 quidem

229 1293 268 1324 de
297 1293 399 1333 ipsius
430 1294 634 1333 providentia
662 1300 694 1326 et
724 1305 800 1326 cura
829 1294 958 1334 speciali
991 1293 1105 1324 diffisi:
1139 1292 1194 1323 sed

232 1346 273 1366 ne
296 1336 360 1366 otio
383 1341 416 1366 et
446 1337 680 1377 tranquillitate
711 1338 882 1369 abutamur
904 1337 936 1367 in
969 1336 1039 1367 cibo
1063 1340 1094 1366 et
1117 1340 1194 1375 potu

231 1379 317 1409 vitae
339 1378 528 1410 felicitatem
558 1387 725 1420 ponentes.
772 1379 990 1419 Quamobrem
1015 1378 1195 1409 sollicitudo

219 1421 287 1452 illa
309 1420 349 1451 de
373 1431 435 1460 qua
458 1422 620 1462 loquimur
644 1433 716 1454 cum
736 1434 862 1454 summa
875 1432 952 1462 pace
964 1427 995 1452 et
1013 1421 1196 1461 tranquilli-

229 1469 297 1494 tate
321 1465 492 1495 coniuncta
516 1470 574 1496 est.
609 1466 704 1498 Unde
726 1476 804 1497 vero
828 1465 1046 1504 tranquillitas
1069 1463 1133 1495 nisi
1155 1474 1195 1494 ex

230 1506 288 1537 illa
310 1508 519 1546 persuasione
540 1519 636 1548 quam
655 1509 777 1540 habent
796 1508 906 1539 fideles
924 1507 1031 1538 Deum
1051 1507 1084 1537 in
1104 1516 1195 1537 suam

230 1549 412 1581 clientelam
443 1550 529 1590 ipsos
559 1554 733 1591 accepisse,
768 1556 799 1582 et
830 1561 888 1591 pro
918 1551 1059 1590 ipsorum
1091 1550 1196 1580 salute

230 1598 384 1632 perpetuo
417 1592 560 1632 vigilare,
591 1594 726 1634 ideoque
756 1594 822 1625 fore
854 1598 889 1625 ut
916 1594 1003 1633 ipsos
1027 1602 1195 1632 nunquam

231 1633 381 1665 deserat?
416 1635 648 1668 Verumtamen
679 1638 740 1668 ista
770 1637 936 1677 persuasio
966 1646 1030 1666 non
1062 1634 1197 1674 impedit

230 1687 340 1717 preces
364 1687 443 1716 quas
466 1679 615 1711 omnibus
643 1679 730 1710 horis
753 1680 792 1710 ad
816 1680 920 1719 ipsum
945 1678 1078 1709 fundere
1102 1678 1202 1714 debe-v

230 1730 314 1757 mus,
329 1720 598 1759 quemadmodum
613 1722 719 1753 David
740 1722 888 1762 exemplo
906 1732 963 1753 suo
984 1722 1083 1757 docet,
1098 1731 1195 1760 quum

233 1763 294 1798 ait,
339 1763 476 1794 Domine
510 1764 544 1795 in
578 1776 694 1796 manus
726 1770 799 1796 tuas
833 1764 1020 1796 commendo
1054 1764 1195 1794 animam

232 1814 348 1836 meam.
391 1805 480 1837 Hinc
510 1807 610 1847 igitur
640 1808 784 1839 fidelium
816 1808 871 1838 illa
902 1806 1082 1838 sollicitudo
1113 1806 1197 1846 quod

232 1849 319 1879 vitae
342 1858 418 1879 suae
449 1849 672 1881 infirmitatem
705 1856 735 1882 et
764 1851 1012 1882 inconstantiam
1042 1850 1196 1889 sentiunt⁷

232 1895 264 1921 et
286 1896 442 1930 tanquam
466 1902 484 1922 a
507 1894 597 1924 tenui
629 1894 693 1924 filio
717 1893 911 1933 pendentem
935 1894 1050 1930 sciunt,
1082 1898 1113 1922 et
1135 1892 1195 1922 cir-

231 1934 426 1964 cumstantia
456 1936 599 1974 pericula
628 1942 842 1976 cognoscunt,
875 1947 914 1966 ex
942 1936 1056 1975 quibus
1086 1935 1197 1965 nullus

233 1975 391 2007 evadendi
416 1977 503 2008 locus
526 1978 669 2017 daretur,
693 1979 754 2010 nisi
778 1979 868 2009 Deus
891 1979 959 2019 ipse
982 1988 1074 2018 opem
1099 1978 1196 2008 ferret

233 2018 463 2050 laborantibus.
495 2020 588 2059 Quae
612 2032 689 2052 sane
713 2032 774 2052 non
789 2021 828 2052 ad
841 2021 1095 2061 desperationem
1110 2021 1196 2060 ipsos

233 2061 385 2100 impellit:
409 2061 464 2093 sed
496 2065 602 2103 potius
633 2065 773 2095 studium
806 2065 839 2095 in
869 2065 947 2103 ipsis
971 2064 1196 2094 vehementius

233 2105 381 2143 precibus
404 2106 607 2146 confugiendi
631 2107 670 2137 ad
684 2107 789 2137 Deum
814 2114 844 2137 et
866 2107 989 2137 alarum
1013 2106 1113 2145 ipsius
1126 2116 1196 2136 um-

236 2145 324 2176 bram
343 2148 514 2186 expetendi
534 2150 661 2181 excitat.
687 2149 773 2188 Quid
794 2160 870 2180 vero
883 2156 994 2179 contra
1013 2148 1195 2180 increduli?

235 2187 369 2235 Temere
392 2200 425 2220 se
448 2191 481 2221 in
504 2193 637 2231 quaevis
660 2192 802 2232 pericula
825 2192 1009 2227 coniiciunt,
1042 2197 1195 2230 tanquam

235 2236 363 2270 penitus
382 2236 541 2265 excaecati
561 2240 594 2265 et
612 2235 749 2274 stupidi:
774 2235 864 2274 quasi
878 2246 956 2266 vero
970 2234 1076 2265 Deum
1089 2235 1195 2274 ipsum

235 2282 459 2313 provocarent,
488 2284 518 2307 et
548 2278 730 2309 excaecatis
753 2278 853 2308 oculis
885 2278 955 2308 sine
978 2277 1196 2317 periculorum

235 2315 489 2362 apprehensione
512 2320 618 2352 Deum
642 2321 749 2360 ipsum
774 2320 978 2352 lacesserent.
1013 2318 1106 2358 Quae
1130 2319 1195 2359 spi-

234 2357 360 2388 ritualis
383 2365 431 2389 est
453 2361 589 2394 ebrietas
612 2363 651 2394 de
674 2374 735 2402 qua
747 2373 842 2402 saepe
855 2363 888 2393 in
901 2362 1000 2394 sacris
1012 2362 1134 2393 mentio
1148 2362 1194 2393 fit.

235 2399 300 2432 Sed
325 2404 434 2431 tamen
458 2413 495 2434 ea
525 2416 601 2444 pace
630 2412 661 2436 et
692 2406 926 2445 tranquillitate
952 2415 1016 2436 non
1041 2405 1196 2435 fruuntur

234 2442 441 2490 quatfideleffi
463 2456 557 2485 quam
585 2448 662 2488 ipsis
685 2448 777 2479 Deus
808 2448 932 2487 adimit,
961 2453 993 2478 et
1017 2447 1116 2478 variis
1138 2447 1195 2478 sti·

234 2485 330 2517 mulis
353 2488 513 2526 exagitat:
544 2490 621 2521 adeo
650 2497 686 2521 ut
716 2492 784 2522 sine
813 2501 910 2522 causa
940 2495 1132 2526 terreantur,
1164 2494 1195 2520 et

235 2528 275 2559 ad
299 2529 431 2575 umbrae
450 2540 526 2562 suae
549 2540 756 2572 conspectum
779 2533 963 2570 formident,
987 2538 1023 2563 ut
1035 2533 1195 2572 scriptura

235 2572 386 2611 loquitur.
430 2572 581 2613 Denique
610 2575 704 2607 rebus
735 2577 896 2616 prosperis
927 2577 972 2607 sic
1001 2580 1131 2606 utamur
1154 2585 1194 2605 ne

234 2614 474 2652 insolescamus,
499 2620 530 2646 et
548 2621 654 2647 tamen
676 2618 709 2648 in
722 2618 793 2649 Deo
812 2619 1031 2650 exhilaremur
1049 2618 1194 2657 persuasi

233 2658 338 2688 Deum
380 2657 463 2697 quod
502 2658 536 2689 in
576 2659 714 2691 Psalmis
753 2662 922 2700 profitetur
965 2659 1192 2701 perfecturum,

871 217 919 248 IN
944 217 968 247 1.
993 216 1081 247 Llss.
1107 214 1305 246 SAMUEL.
1331 215 1427 246 CAP.
1451 215 1564 246 XXX.
2148 218 2209 248 702

1247 320 1360 347 nempe
1384 320 1416 340 se
1440 309 1563 340 dilectis
1576 309 1644 339 suis
1660 309 1767 339 omnia
1781 309 1959 339 necessaria
1979 308 2208 349 benignissime

1247 352 1450 391 largiturum.
1493 352 1669 390 Fugiamus
1700 353 1806 391 itaque
1835 357 1998 391 stuporem
2030 352 2121 383 illurn
2153 355 2207 393 qui

1246 396 1313 424 sine
1338 405 1433 425 causa
1457 395 1570 424 deindo
1594 394 1684 424 nobis
1714 404 1865 433 pavorem
1891 395 2014 430 aflerat,
2049 396 2207 436 rebusque

1246 436 1394 467 secundis
1418 443 1449 466 ct
1462 438 1526 467 otio
1546 448 1581 467 ac
1606 437 1837 476 tranquillitate
1856 436 1902 467 sic
1921 444 2052 468 utamur
2077 445 2109 468 ut
2134 449 2207 479 per-

1247 486 1342 518 petuo
1367 479 1545 518 vigilemus,
1569 485 1600 509 et
1620 478 1681 509 Dei
1705 479 1869 510 custodiae
1889 490 1945 510 nos
1959 481 2206 514 committamus.

1219 527 1221 535 ⁴
1247 522 1419 553 Caeterum
1442 523 1468 552 si
1493 532 1550 552 nos
1569 522 1680 552 multis
1712 522 1861 561 periculis
1885 523 1978 554 obiici
2010 529 2041 553 et
2065 526 2206 556 exerceri

1248 565 1336 595 Deus
1368 564 1438 594 vult
1472 570 1580 595 nostro
1612 565 1691 594 bono
1722 565 1751 594 id
1780 565 1848 595 fieri
1881 566 2038 596 sciamus:
2076 577 2149 597 nam
2180 569 2207 599 si

1246 617 1343 646 quum
1369 607 1509 646 undique
1534 607 1679 637 hostibus
1702 608 1879 645 cingamur,
1904 613 1935 638 et
1960 609 2040 638 varii
2065 610 2207 650 undique

1246 660 1391 680 rumores
1415 649 1597 686 audiantur,
1627 656 1658 679 et
1682 650 1774 680 multi
1799 651 1867 681 dira
1891 651 1981 681 nobis
2005 652 2206 691 minitentur,

1247 702 1305 723 nos
1330 698 1436 722 tamen
1462 692 1637 722 insolenter
1661 692 1753 722 rebus
1777 693 1894 723 nostris
1925 694 2056 732 utimur,
2087 701 2116 725 et
2142 696 2207 727 otio

1247 735 1454 771 inebriamur,
1483 734 1559 774 quid
1585 735 1674 765 nobis
1698 736 1787 765 fieret
1810 736 1835 765 si
1860 741 2044 767 terrestrem
2069 738 2207 777 aliquem

1248 778 1432 817 paradisum
1457 778 1543 808 nacti
1567 787 1719 815 essemus,
1741 783 1771 808 et
1796 778 1935 817 undique
1949 779 2041 810 nobis
2065 781 2207 812 mundus

1248 821 1316 851 sine
1334 820 1431 850 ullius
1444 819 1577 859 periculi
1592 821 1771 859 suspicione
1783 820 1962 852 arrideret?
1989 821 2057 852 Nae
2077 833 2209 863 magno-

1248 873 1323 903 pere
1347 862 1555 893 metuendum
1581 869 1671 897 esset,
1696 874 1736 893 ne
1759 864 1843 893 omni
1863 874 1940 894 cura
1964 864 2086 895 abiecta
2101 866 2207 897 Deum

1249 907 1344 936 etiam
1368 906 1520 936 oblivioni
1546 905 1754 937 traderemus.
1779 906 1895 936 Nostro
1922 907 2022 946 igitur
2041 908 2207 940 commodo

1248 950 1285 979 fit
1308 954 1343 978 ut
1362 948 1503 987 undique
1523 949 1690 987 cingamur
1710 948 1862 985 hostibus,
1887 955 1921 979 ut
1936 950 2029 980 multi
2047 951 2208 982 tumultus

1248 992 1438 1028 excitentur,
1472 998 1506 1021 ut
1534 991 1645 1021 multis
1673 991 1769 1022 minis
1800 997 1995 1023 terreamur:
2028 1004 2144 1033 nempe
2172 999 2209 1025 ut

1248 1034 1308 1064 hac
1339 1034 1464 1064 ratione
1494 1033 1652 1064 discamus
1683 1040 1823 1064 nostram
1853 1034 1992 1074 inopiam
2017 1037 2145 1074 sentire,
2176 1041 2209 1068 et

1248 1077 1287 1108 ad
1302 1077 1407 1107 Deum
1427 1076 1664 1107 ardentioribus
1677 1077 1758 1107 votis
1780 1087 1958 1117 assurgere,
1982 1083 2014 1108 et
2026 1079 2085 1109 sub
2108 1079 2210 1119 ipsius

1247 1119 1407 1160 praesidio
1432 1120 1493 1149 tuti
1519 1129 1595 1149 esse.
1641 1119 1742 1150 Porro
1767 1130 1805 1150 ex
1830 1120 1889 1151 hac
1913 1121 2047 1151 victoria
2071 1121 2209 1154 Davidis

1247 1162 1327 1193 illud
1351 1162 1473 1193 dictum
1497 1168 1630 1202 apparet
1643 1172 1756 1192 verum
1773 1172 1842 1193 esse
1862 1163 1944 1202 quod
1959 1169 2033 1194 ante
2057 1164 2208 1203 diximus,

1247 1216 1311 1236 non
1346 1215 1415 1235 esse
1449 1204 1519 1235 Deo
1553 1204 1684 1235 difficile
1718 1205 1886 1235 victoriam
1926 1206 2100 1237 concedere
2134 1218 2207 1239 cum

1247 1249 1365 1289 exigua
1394 1258 1490 1278 manu
1522 1248 1675 1278 adversus
1704 1248 1865 1278 infinitam
1897 1248 2035 1279 hostium
2060 1250 2206 1281 multitu-

1249 1291 1372 1322 dinem:
1411 1290 1681 1330 quemadmodum
1713 1291 1745 1320 in
1775 1290 1902 1321 Davide
1932 1292 1972 1322 sit
2001 1293 2208 1332 conspicuum

1248 1335 1302 1374 qui
1333 1333 1579 1373 quadringentis
1610 1339 1735 1364 tantum
1766 1334 1937 1364 comitatus
1971 1334 2127 1366 militibus
2161 1340 2209 1366 tot

1247 1376 1503 1407 Amalecitarum
1538 1376 1639 1406 millia
1673 1377 1871 1416 profligavit,
1913 1381 1948 1407 ut
1982 1377 2210 1416 quadringenti

1248 1425 1374 1450 tantum
1395 1419 1584 1459 superstites
1608 1419 1683 1458 fuga
1707 1420 1765 1449 sibi
1785 1418 2018 1460 consuluerint,
2043 1426 2073 1450 et
2093 1421 2135 1451 24
2156 1421 2210 1452 ho-

1248 1473 1358 1493 rarum
1382 1463 1484 1502 spatio
1509 1462 1674 1493 victoriam
1701 1462 1739 1492 de
1758 1467 1803 1492 tot
1830 1462 1975 1492 hostibus
1994 1470 2209 1503 consequutus

1248 1506 1298 1541 sit,
1331 1510 1519 1544 tantamque
1542 1505 1681 1535 hostium
1707 1510 1846 1544 stragem
1871 1504 2015 1536 ediderit.
2061 1505 2209 1538 Profecto

1248 1547 1378 1579 videtur
1399 1547 1468 1588 ipse
1492 1547 1582 1578 Deus
1612 1548 1796 1588 profligatos
1826 1547 1931 1578 hostes
1954 1547 2091 1587 praedae
2115 1560 2210 1589 expo-

1249 1592 1362 1629 suisse,
1393 1596 1424 1621 et
1446 1589 1566 1620 Davidi
1589 1590 1806 1630 militibusque
1835 1590 1934 1629 ipsius
1958 1601 2102 1621 mensam
2127 1598 2208 1623 stra-

1250 1635 1342 1670 visse,
1367 1638 1398 1664 et
1422 1633 1460 1664 ad
1484 1633 1588 1664 cibum
1613 1638 1644 1663 et
1657 1639 1766 1672 potum
1787 1633 1949 1671 invitasse,
1972 1633 2051 1664 adeo
2064 1639 2101 1664 ut
2112 1634 2209 1674 plane

1249 1676 1431 1707 admirabili
1461 1676 1583 1707 ratione
1614 1677 1776 1716 negotium
1801 1675 1886 1706 istud
1911 1676 2001 1706 Deus
2024 1678 2207 1709 confecerit.

1248 1720 1335 1751 Hinc
1358 1719 1475 1749 iterum
1501 1719 1660 1750 discamus
1683 1729 1740 1749 1105
1764 1719 1839 1749 licet
1862 1719 1963 1749 simus
1987 1719 2128 1758 impares
2152 1720 2208 1751 ho-

1247 1763 1371 1793 minum
1400 1762 1550 1801 opinione
1580 1761 1719 1792 hostium
1751 1761 1873 1792 viribus
1911 1761 2106 1798 resistendo,
2145 1773 2209 1794 non

1247 1811 1395 1846 oportere
1430 1810 1536 1835 tamen
1571 1805 1714 1835 animum
1747 1803 1962 1843 despondere,
2007 1810 2038 1834 et
2072 1804 2111 1835 de
2145 1805 2209 1836 Dei

1248 1849 1368 1879 auxilio
1399 1847 1583 1886 desperare,
1621 1857 1713 1886 quem
1743 1853 1865 1878 certum
1894 1851 1943 1876 est
1972 1857 2068 1886 posse
2099 1847 2209 1880 hostes

1248 1892 1393 1922 infinitos
1417 1891 1483 1921 sola
1507 1901 1563 1921 sua
1588 1890 1708 1920 virtute
1732 1891 1780 1920 vel
1805 1889 1870 1920 solo
1893 1889 1971 1919 flatu
1998 1890 2208 1929 pessundare,

1249 1944 1347 1973 quum
1380 1934 1501 1964 viribus
1531 1933 1679 1963 omnibus
1714 1932 1859 1963 destituti
1895 1931 2082 1963 videbimur.
2128 1933 2211 1964 Vult

1248 1978 1334 2007 enim
1366 1977 1453 2007 Deus
1484 1986 1540 2005 nos
1572 1976 1649 2005 adeo
1680 1975 1798 2006 debiles
1823 1981 1853 2005 et
1884 1975 2030 2005 infirmos
2058 1987 2144 2014 esse,
2175 1981 2211 2007 ut

1249 2020 1336 2050 omni
1356 2019 1538 2059 arrogantia
1552 2019 1690 2058 spoliati,
1714 2026 1744 2048 et
1763 2017 1979 2058 periculorum
1995 2018 2210 2050 circumstan-

1248 2063 1327 2093 tium
1352 2061 1574 2102 magnitudine
1599 2062 1711 2098 territi,
1735 2061 1773 2091 ad
1798 2062 1901 2100 ipsum
1921 2060 2108 2091 ardentibus
2128 2062 2211 2093 votis

1248 2106 1417 2144 confugere
1430 2105 1600 2139 (1150301115,
1624 2105 1702 2134 utin
1717 2104 1807 2134 nobis
1821 2103 1897 2133 illud
1919 2103 2101 2142 impleatur,
2125 2104 2210 2144 quod

1248 2149 1292 2179 ait
1305 2147 1465 2177 Dominus
1484 2158 1541 2186 per
1560 2147 1760 2187 prophetam,
1784 2157 1846 2176 non
1860 2146 2018 2177 currubus
2042 2152 2098 2177 aut
2118 2148 2209 2187 equis

1246 2191 1414 2222 victoriam
1439 2190 1570 2229 acquiri,
1602 2189 1657 2220 sed
1683 2190 1741 2219 Dei
1766 2190 1884 2219 virtute
1914 2189 1969 2228 qui
1995 2199 2085 2219 suam
2110 2190 2210 2221 eccle-

1247 2235 1326 2265 siam
1350 2233 1394 2262 ita
1417 2232 1583 2272 gubernat,
1609 2238 1639 2262 et
1652 2232 1849 2272 superiorem
1868 2231 1934 2263 suis
1955 2231 2100 2263 hostibus
2124 2233 2209 2264 facit.

1331 2275 1400 2306 Iam
1425 2286 1499 2305 vero
1523 2276 1617 2315 agite,
1640 2277 1690 2305 etc.
