2551 3044
310 209 372 240 727

311 313 384 334 cere
408 303 512 341 ipsum
537 299 690 338 colemus,
714 308 815 338 eaque
834 297 1022 337 integritate
1041 305 1105 335 qua
1123 293 1286 326 debemus.

316 345 425 384 Quare
447 353 546 383 quum
571 341 719 372 hostibus
743 350 794 371 res
818 339 979 371 secundae
1003 337 1185 376 succedent,
1207 336 1286 368 adeo

314 394 349 418 ut
381 386 539 417 adversus
569 394 686 425 puram
718 383 907 423 religionem
942 391 1038 421 quam
1063 390 1082 411 a
1107 380 1175 410 Deo
1198 389 1286 410 acce-

315 430 421 469 pimus
445 428 632 460 efferantur,
652 431 683 457 et
702 436 772 457 cam
792 425 1004 461 subsannent,
1029 423 1060 453 id
1080 422 1150 453 fieri
1170 432 1286 461 agnos-

315 482 426 502 camus
457 470 541 510 quod
573 479 610 499 ea
641 469 744 499 simus
774 467 875 504 abusi,
905 473 937 497 et
967 466 1120 496 simulate
1151 469 1185 495 et
1213 474 1286 495 cum

315 513 480 554 hypocrisi
508 512 614 542 Deum
639 510 852 542 coluerimus:
877 514 935 539 aut
957 517 1045 539 asoto
1069 514 1102 538 et
1122 507 1286 538 luxuriose

314 556 504 590 vixerimus,
538 555 690 593 Dcusque
723 553 814 583 nobis
846 551 905 583 hoc
929 561 986 582 suo
1010 550 1126 581 iudicio
1146 549 1286 590 flagitio-

315 609 386 629 rum
418 603 602 628 nostrorum
632 596 838 626 acerbitatem
863 600 895 625 et
920 591 1180 633 magnitudinem
1206 591 1287 622 velit

313 640 492 671 ostendere.

314 689 372 717 est,
398 692 527 713 causam
552 687 582 711 et
606 681 807 712 occasionem
832 689 903 710 esse
927 685 962 709 ut
982 678 1044 708 Dei
1065 687 1182 708 nomen
1202 676 1285 708 blas-

313 725 440 765 phemis
479 725 688 764 profanorum
721 722 853 753 vocibus
883 720 1040 756 laedatur,
1079 725 1286 751 sacrosancta

313 768 415 807 ipsius
446 767 597 797 maiestas
630 765 784 801 violetur,
819 770 1060 795 sacrosanctum
1085 762 1189 802 ipsius
1212 772 1285 792 ver-

312 810 389 841 bum
419 820 482 840 non
514 808 610 839 modo
641 814 880 842 contemnatur,
919 805 975 836 sed
1014 805 1112 836 etiam
1150 803 1286 844 pedibus

313 851 530 889 conculcetur,
563 861 680 886 nonne,
716 851 857 889 inquam,
883 849 945 879 ista
968 853 1045 879 sunt
1068 846 1231 878 horrenda
1254 853 1286 876 et

314 893 508 934 stupenda?-
545 892 673 931 (Quibus
703 902 800 931 quum
830 891 1030 923 occasionem
1062 890 1284 930 praebeamus,

313 944 343 968 et
366 945 494 967 autores
517 946 629 966 eorum
655 935 757 975 ipsius
781 934 883 965 sancti
902 933 1036 973 spiritus
1055 942 1110 963 ore
1129 932 1284 967 dicamur,

313 989 421 1010 nonne
445 979 560 1009 merito
583 978 721 1018 spoliare
745 987 802 1007 nos
827 981 903 1006 nota
927 975 990 1013 illa,
1020 985 1116 1015 quam
1141 973 1284 1013 dederat,

313 1022 474 1062 gratuitae
498 1021 682 1060 adoptionis
702 1018 827 1059 potest?
854 1028 961 1049 nonne
980 1028 998 1048 a
1017 1028 1051 1049 se
1071 1017 1180 1057 procul
1201 1016 1285 1047 able-

313 1075 397 1103 gare,
423 1070 577 1103 tanquam
603 1062 753 1103 indignos
777 1072 857 1101 quos
882 1066 968 1091 terra
988 1059 1170 1091 sustineat?
1196 1058 1284 1090 Talis

313 1117 390 1147 ergo
421 1107 480 1137 fuit
512 1105 759 1136 Philistinorum
795 1103 980 1143 triumphus
1015 1103 1126 1133 divino
1155 1101 1283 1139 iudicio,

313 1149 511 1189 quo-terreri
532 1158 589 1178 nos
608 1152 742 1187 oportet,
764 1157 803 1177 ne
823 1147 854 1177 iu
875 1145 1010 1176 eandem
1031 1155 1104 1176 cum
1126 1144 1284 1176 Israelitis

312 1192 440 1231 culpam
478 1190 669 1221 incidamus.
716 1190 889 1221 Caeterum
925 1199 964 1219 cx
996 1197 1034 1219 eo
1065 1187 1148 1227 quod
1179 1186 1283 1218 Phili-

313 1234 392 1265 staei
429 1240 494 1264 tam
532 1233 616 1273 grati
648 1242 718 1263 sese
749 1232 817 1263 suis
848 1230 941 1262 idolis
972 1230 1138 1267 exhibent,
1174 1234 1284 1260 nostra

312 1275 515 1316 ingratitudo
553 1275 658 1315 magis
692 1281 833 1315 apparet,
872 1274 927 1313 qui
960 1273 1041 1304 bona
1071 1282 1282 1312 quaecunque

313 1318 480 1355 habemus,
525 1318 594 1348 Deo
637 1325 769 1357 accepta
812 1326 876 1347 non
911 1316 1091 1346 referimus.
1148 1314 1283 1346 Ethnici

314 1361 455 1401 quidem,
480 1361 593 1399 fateor,
617 1360 732 1391 virtuti
756 1369 835 1390 suae
858 1363 891 1389 et
915 1358 1107 1398 prudentiae
1130 1357 1282 1388 victorias

312 1413 387 1434 suas
411 1403 651 1434 adscribebant:
676 1403 731 1433 sed
756 1406 863 1433 tamen
888 1401 957 1441 ipso
976 1406 1114 1432 naturae
1133 1399 1231 1430 ductu
1251 1405 1283 1430 et

313 1456 408 1477 sensu
433 1445 574 1476 naturali
599 1445 764 1476 convincti
790 1443 859 1474 Deo
879 1445 974 1474 etiam
996 1443 1116 1482 gratias
1135 1442 1281 1482 agebant.

312 1488 397 1519 Nam
429 1488 490 1518 etsi
521 1498 634 1518 verum
670 1488 774 1518 Deum
807 1486 886 1518 coeli
920 1493 953 1517 et
976 1491 1081 1517 terrae
1105 1490 1280 1516 creatorem

311 1541 376 1562 non
412 1535 624 1570 agnoverunt,
660 1529 715 1560 scd
748 1530 787 1560 ad
822 1529 1017 1560 Astarothos
1050 1538 1124 1559 suos
1159 1533 1190 1557 et
1219 1527 1283 1557 alia

312 1572 495 1604 istiusmodi
531 1572 617 1602 idola
655 1572 880 1612 confugerunt,
927 1571 1136 1602 nihilominus
1174 1574 1281 1600 tamen

312 1615 445 1646 coelitus
470 1615 638 1646 victoriam
660 1615 737 1653 ipsis
757 1614 945 1654 contingere
964 1613 1202 1649 existimarunt,
1229 1622 1282 1643 ne-

312 1668 374 1697 que
413 1658 489 1689 solis
526 1656 712 1687 hominibus
743 1657 893 1688 victorias
923 1666 999 1687 suas
1029 1655 1282 1695 adscripserunt.

312 1700 400 1731 Hinc
423 1699 503 1730 illud
530 1699 697 1739 vulgatum
719 1698 790 1739 plus
811 1709 902 1738 posse
921 1698 954 1729 in
976 1698 1058 1729 bello
1077 1697 1283 1738 prudentiam

313 1748 345 1774 et
368 1742 561 1782 sapientiam
581 1752 677 1781 quam
700 1741 868 1772 hominum
891 1741 991 1772 vires:
1016 1747 1053 1772 ut
1071 1741 1147 1771 hinc
1165 1750 1282 1780 agnos—

313 1795 425 1816 camus
451 1785 557 1815 Dcum
583 1783 722 1815 voluisse
746 1794 860 1815 omncs
880 1783 1028 1814 homines
1046 1781 1284 1814 inexcusabiles

312 1826 457 1863 reddere,
489 1836 588 1866 quum
620 1827 705 1866 ipsos
737 1825 801 1857 Dei
823 1832 1069 1866 contemptores,
1101 1829 1132 1856 et
1154 1825 1285 1865 ignaros

312 1869 461 1900 homines
493 1869 591 1900 voluit
628 1874 736 1899 tamen
768 1868 896 1908 aliquod
929 1879 1048 1899 numen
1073 1877 1283 1908 cognoscere:

314 1918 348 1943 ut
372 1913 415 1942 ita
446 1912 679 1951 profiterentur
702 1921 735 1941 se
759 1911 814 1941 uni
841 1911 910 1942 Deo
936 1921 1101 1941 summum
1128 1910 1282 1940 honorem

314 1960 346 1985 et
365 1954 581 1985 obedientiam
603 1953 738 1985 deferre.
786 1952 852 1984 Sed
872 1953 1005 1984 interim
1027 1963 1126 1992 quum
1146 1952 1282 1992 gloriam

312 2003 344 2027 et
378 1997 579 2028 maiestatem
614 1995 718 2035 ipsius
752 1995 791 2026 ad
828 2005 879 2026 res
913 2001 1057 2026 mortuas
1091 2001 1124 2026 et
1148 1994 1283 2026 caducas

313 2039 513 2070 transferunt
548 2044 579 2069 et
614 2038 858 2074 transformant,
894 2038 1064 2078 dupliciter
1098 2038 1144 2068 rei
1175 2047 1283 2068 coram

313 2082 381 2121 ipso
404 2082 499 2112 fiunt.

1153 201 1354 233 HOMILIA
1380 199 1485 231 CVII.

2248 198 2309 229 728

1313 305 1316 316 ·
1341 294 1430 330 latio,
1455 291 1612 332 quidquid
1636 291 1713 331 ipsis
1735 291 1991 332 praestiterunt?
2038 291 2160 332 Pompa
2179 292 2308 332 quidem

539 638 710 677 Quantum
731 638 826 672 cuim,
850 637 990 669 obsecro.
1010 635 1098 666 istud
1119 640 1285 674 peccatum
1312 667 1313 693 ἶ
1339 680 1560 713 comempmffl
1592 673 1701 703 veniat
1745 680 1777 703 et
1806 673 1900 703 nihili
1928 674 1984 704 fiat

1703 698 1709 710 ‚
1984 696 1994 704 η.

1340 344 1372 368 et
1409 338 1586 376 apparatus
1623 334 1766 365 solennis
1803 344 1839 365 ae
1875 333 2117 374 magnificentia
2151 333 2309 374 quaedam

1339 379 1507 419 apparuit:
1538 375 1595 407 scd
1625 375 1732 407 inanis
1762 375 1817 407 illa
1848 377 1907 407 fuit
1936 377 2126 408 ostentatio:
2156 378 2309 417 quemad-

1339 422 1470 452 modum
1496 419 1636 459 loquitur
1658 417 1813 450 Habacuc
1836 419 2011 458 propheta:
2045 420 2239 451 Sacrificant
2262 419 2309 450 illi

1339 464 1406 495 suis
1431 462 1533 500 idolis,
1557 460 1613 492 sed
1637 471 1696 492 suo
1719 462 1778 492 reti
1802 461 2002 492 sacrificant:
2025 461 2056 492 id
2080 468 2130 493 est.
2151 462 2212 493 sibi
2231 462 2309 502 ipsis

1340 515 1481 545 ¹<uaeque
1515 503 1706 534 industriae.
1763 504 1819 535 Sic
1853 504 1997 543 papistas
2030 504 2126 535 hodie
2160 504 2308 536 videmus

1341 558 1456 588 pompa
1480 545 1619 586 quadam
1644 552 1675 576 et
1699 546 1942 586 magnificentia
1967 546 2038 578 Deo
2061 548 2185 587 gratias
2203 557 2309 587 agere,

1339 600 1429 621 suani
1470 588 1663 619 industriam
1705 588 1899 628 praedicare,
1946 589 2098 620 virtutem
2140 589 2308 620 hominum

1340 632 1471 664 laudare
1502 638 1533 661 et
1566 630 1775 661 vehementer
1804 631 1968 667 extollere,
2000 638 2036 663 ut
2068 632 2157 663 Deus
2187 632 2248 662 iam
2274 633 2308 662 in

2040 674 2107 706 Nos
2130 685 2206 705 vero
2230 675 2310 706 istas

1339 717 1560 750 caeremonias
1589 716 1751 747 intuentes
1775 715 2006 751 abominemur,
2037 716 2164 756 Deique
2187 717 2308 757 gloriae

1339 768 1368 792 et
1395 759 1526 790 honoris
1550 757 1657 788 studio
1676 758 1722 789 sic
1741 758 1925 798 flagremus,
1951 764 1986 789 ut
2005 759 2211 798 blasphemas
2231 760 2308 790 istas

1340 812 1433 834 voees
1457 812 1495 832 ex
1521 800 1628 830 auimo
1652 800 1866 831 detestemur:
1901 809 1931 832 ct
1955 808 2068 832 contra
2094 801 2163 832 Deo
2185 803 2309 842 gratias

1338 855 1472 886 agamus
1503 844 1628 873 sincere
1651 850 1683 873 et
1706 842 1862 882 quidquid
1887 843 2044 874 habemus
2069 844 2226 875 honorum
2252 844 2309 874 uni

1311 886 1313 893 ⁸
1338 888 1385 918 illi
1415 894 1581 925 acceptum
1613 885 1772 916 feramus:
1803 893 1835 916 et
1857 893 1923 922 tam
1949 886 2056 917 verbis
2079 896 2174 926 quam
2200 887 2308 918 animo

546 2081 655 2120 Quare
679 2086 716 2111 ut
736 2080 843 2111 Deum
864 2080 985 2112 honore
1004 2080 1110 2112 debito
1129 2080 1283 2116 colamus,
1308 2109 1310 2118 χ

313 2124 410 2154 talem
451 2124 578 2163 qualem
621 2133 690 2154 sose
732 2122 825 2154 nobis
866 2123 1017 2163 patefacit
1051 2123 1310 2163 agnoscamusz]

313 2165 397 2206 quod
435 2167 504 2197 fieri
540 2166 650 2205 nequit
686 2165 756 2197 sine
790 2165 890 2206 ipsius
925 2166 1032 2197 verbo.
1078 2164 1162 2204 Quis
1196 2165 1282 2195 enim

1307 2175 1310 2196 l

313 2209 443 2239 divinae
468 2208 645 2239 voluntatis
670 2207 754 2238 fidus
779 2218 848 2239 esse
872 2213 978 2248 potest
1001 2207 1101 2244 testis,
1125 2208 1188 2238 nisi
1212 2217 1283 2237 eam
1308 2227 1310 2244 2

313 2261 352 2282 ex
378 2252 480 2290 ipsius
505 2251 603 2282 verbo
627 2250 850 2281 intellexerit?
897 2249 1064 2290 Quidquid
1087 2250 1188 2291 igitur
1212 2249 1283 2280 reli-

313 2294 419 2334 gionis
450 2294 520 2324 sine
551 2293 612 2324 Dei
646 2293 744 2324 verbo
777 2303 834 2324 nos
863 2292 982 2324 habero
1012 2292 1282 2328 existimabimus,

314 2336 396 2366 nihil
427 2336 489 2367 nisi
521 2335 678 2367 diabolica
708 2336 894 2376 superstitio
917 2341 950 2367 et
972 2335 1079 2366 illusio
1102 2334 1282 2375 apparebit:

312 2379 339 2410 si
374 2378 503 2418 quidem
540 2379 573 2409 in
609 2378 675 2409 solo
710 2377 771 2409 Dei
808 2378 905 2409 verbo
939 2378 1042 2409 divini
1077 2377 1184 2408 cultus
1207 2386 1285 2407 vera

314 2422 397 2452 ratio
434 2421 631 2452 continetur.
677 2420 844 2460 Quidquid
883 2421 983 2461 igitur
1018 2420 1163 2461 papistae
1199 2419 1285 2450 bona

1308 2274 1311 2305 Ξ

1307 2329 1311 2356 Γ

1308 2374 1311 2390 v

1307 2399 1311 2436 l

1309 2445 1311 2455 ι

313 2463 495 2494 intentione
520 2464 651 2499 faciunt,
676 2464 745 2493 sine
770 2462 831 2493 Dei
856 2463 964 2499 verbo,
988 2473 1077 2494 mera
1096 2467 1144 2494 est
1163 2461 1283 2493 abomi-
1308 2463 1311 2470 ¹

313 2506 419 2536 natio:
455 2506 711 2545 quandoquidem
749 2505 794 2536 ita
828 2505 1032 2536 deflexerunt
1063 2514 1082 2536 a
1116 2514 1192 2535 vero
1222 2503 1283 2535 Dei
1310 2518 1311 2522 ¹

314 2549 414 2586 cultu,
438 2554 475 2578 ut
496 2548 535 2578 do
559 2547 629 2579 Deo
652 2547 735 2579 nihil
760 2547 880 2584 norint,
905 2548 968 2579 nisi
993 2547 1076 2588 quod
1106 2548 1283 2578 finxerunt.
1309 2556 1311 2570 ³

313 2590 487 2621 Caeterum
512 2601 610 2630 quum
636 2589 823 2621 idololatrae
844 2591 910 2621 suis
937 2589 1121 2622 Astarothis
1139 2593 1172 2620 et
1190 2588 1284 2620 idolis
1309 2609 1311 2618 Α

1309 2623 1311 2658 Ι
1335 2633 1362 2661 et
1380 2630 1498 2660 venisse
1520 2633 1616 2670 noctu,
1639 2633 1665 2661 et
1683 2640 1812 2671 corpora
1837 2629 1948 2661 Saulis
1969 2631 1995 2660 et
2015 2628 2155 2668 filiorum
2177 2637 2192 2658 e
2214 2637 2303 2658 muro

315 2633 436 2672 gratias
467 2638 612 2673 egerunt,
642 2632 718 2673 quid
749 2632 834 2663 aliud
869 2633 927 2663 fuit
951 2643 1047 2673 quam
1071 2641 1160 2663 mera
1183 2631 1284 2663 simu-

1337 931 1421 970 grati
1451 930 1560 965 simus,
1592 937 1631 958 ne
1661 937 1696 958 os
1725 932 1871 958 nostrum
1903 929 2055 968 superbia
2079 935 2111 960 et
2133 929 2309 960 ambitione

1337 980 1472 1012 turgens
1505 975 1662 1010 arguatur
1685 970 1854 1001 mendacii.
1900 971 2049 1002 lnterum
2084 982 2183 1011 quum
2212 981 2309 1012 paga-

1338 1025 1453 1046 norum
1478 1012 1609 1043 illorum
1633 1019 1665 1042 et
1683 1011 1928 1044 idololatrarum
1945 1013 2178 1054 gratitudinem
2199 1014 2308 1045 videa-

1338 1068 1409 1088 mus
1433 1057 1463 1087 in
1489 1054 1632 1086 colendis
1657 1065 1776 1095 magna
1798 1065 1918 1096 pompa
1941 1063 1973 1087 et
1997 1056 2227 1096 superstitione
2246 1056 2308 1088 diis

1337 1101 1412 1137 suis,
1437 1108 1535 1138 quum
1560 1097 1657 1128 rebus
1680 1098 1831 1129 secundis
1851 1104 2030 1137 uterentur,
2054 1109 2095 1130 ne
2111 1109 2147 1130 eo
2166 1098 2308 1139 stuporis

1336 1150 1390 1174 aut
1426 1140 1608 1172 dementiae
1643 1140 1748 1179 potius
1786 1141 1966 1181 veniamus,
2011 1148 2046 1172 ut
2081 1141 2151 1172 Deo
2184 1141 2308 1182 grat-ias

1337 1194 1433 1225 agere
1464 1184 1502 1214 de
1531 1183 1670 1222 acceptis
1701 1182 1740 1213 ab
1769 1182 1838 1222 ipso
1874 1183 2037 1215 beneficiis
2059 1184 2321 1215 obliviscamur:-

1337 1228 1392 1258 sed
1427 1226 1465 1256 do
1499 1224 1651 1256 omuibus
1685 1224 1730 1255 illi
1765 1225 1887 1266 gratias
1921 1235 2064 1267 agamus,
2099 1232 2132 1257 et
2161 1226 2201 1257 ad
2231 1236 2306 1258 eum

1338 1280 1438 1301 unum
1463 1269 1496 1298 in
1520 1267 1616 1298 rebus
1639 1265 1825 1299 difficilibus
1849 1274 1880 1299 et
1899 1269 2047 1309 angustis
2065 1268 2305 1310 confugiamus.

1336 1313 1431 1344 Hanc
1454 1311 1492 1341 ob
1517 1320 1645 1341 causam
1669 1311 1800 1341 crebrae
1822 1312 1855 1341 in
1879 1312 1979 1343 sacris
1995 1316 2170 1343 occurrunt
2187 1311 2306 1342 exhor-

1338 1355 1483 1390 tationes,
1519 1360 1557 1383 ut
1587 1353 1650 1383 Dei
1682 1352 1912 1384 beneficiorum
1940 1364 2108 1392 memores,
2142 1354 2307 1386 canticum

1338 1397 1441 1428 laudis
1481 1396 1541 1435 ipsi
1583 1404 1746 1426 canamus.
1793 1395 1879 1427 Hinc
1921 1396 1994 1428 illae
2029 1396 2168 1428 Davidis
2202 1405 2307 1434 voces,

1338 1440 1433 1475 Deus,
1457 1438 1573 1477 inquit,
1590 1437 1700 1476 posuit
1721 1437 1756 1468 in
1778 1447 1828 1468 ore
1850 1448 1914 1470 meo
1937 1440 2089 1470 canticum
2112 1449 2233 1470 omum.
2263 1439 2307 1470 Et

1337 1482 1490 1513 Ieremias
1514 1480 1681 1520 propheta.
1717 1479 1841 1511 Novum
1863 1482 2026 1520 cantic-um,
2060 1481 2114 1520 ait,
2149 1481 2237 1513 Deus
2259 1482 2306 1512 in-

1335 1525 1436 1556 stituit
1466 1523 1546 1563 quod
1568 1523 1624 1553 toti
1653 1532 1729 1553 suae
1761 1522 1906 1555 ecclesiae
1926 1524 2023 1555 dedit.-
2056 1524 2174 1564 quibus
2198 1523 2306 1555 verbis

1336 1566 1412 1607 quid
1439 1565 1525 1599 aliud
1550 1564 1672 1596 indicat
1694 1575 1790 1604 quam
1814 1566 1899 1605 quod
1923 1567 2077 1598 ecelesiae
2100 1576 2221 1597 novum
2245 1566 2306 1606 ipsi

1335 1610 1457 1650 gratias
1493 1607 1610 1648 agendi
1644 1607 1733 1638 dedit
1773 1608 2030 1649 argumentum?
2076 1609 2173 1640 Hanc
2206 1609 2307 1650 igitur

1336 1653 1514 1684 doctrinam
1545 1651 1660 1681 animis
1692 1650 1809 1682 nostris
1838 1652 1981 1691 penitius
2011 1652 2196 1692 infigamus,
2237 1651 2306 1682 Deo

1335 1705 1405 1727 sese
1441 1693 1532 1724 nobis
1566 1693 1740 1732 propitium
1775 1699 1808 1724 et
1841 1695 2017 1734 benignum
2055 1694 2234 1731 exhibenti,
2275 1700 2307 1724 et

1336 1737 1419 1768 dona
1453 1736 1618 1767 liberalius
1654 1735 1815 1776 largienti,
1849 1744 1881 1767 et
1915 1737 2013 1768 rebus
2047 1736 2178 1768 afflictis
2211 1746 2306 1776 opem

1335 1780 1460 1815 ferenti,
1493 1778 1615 1819 gratias
1646 1778 1845 1810 immortales
1876 1779 2027 1820 agendas,
2062 1779 2174 1811 laudes
2203 1779 2307 1819 ipsius

1337 1821 1574 1862 praedicandas,
1605 1827 1636 1852 et
1667 1820 1803 1861 publice,
1833 1827 1871 1853 ut
1895 1828 2048 1860 meretur,
2077 1821 2305 1858 decantandas,

1336 1876 1376 1896 ne
1407 1866 1511 1904 ipsum
1544 1865 1614 1895 iuro
1644 1874 1703 1895 suo
1735 1863 1929 1901 fraudemus,
1963 1870 1996 1896 et
2017 1864 2166 1905 sacrilegi
2189 1864 2306 1896 simus:

1336 1908 1406 1938 Deo
1435 1908 1519 1937 enim
1550 1917 1627 1937 suus
1658 1906 1760 1937 honor
1789 1907 1937 1947 eripitur,
1972 1917 2072 1947 quum
2103 1907 2142 1938 de
2165 1907 2307 1946 acceptis

1336 1951 1375 1981 ab
1395 1951 1462 1990 ipso
1484 1949 1648 1980 beneficiis
1665 1950 1790 1990 gratiae
1810 1960 1873 1981 non
1894 1957 2038 1990 aguntur
2054 1960 2135 1990 quae
2147 1948 2306 1980 debentur

1334 1999 1366 2024 et
1390 1993 1580 2023 nominatim
1605 2001 1704 2032 quum
1729 2002 1813 2023 novo
1838 1992 1992 2024 beneficio
2005 1991 2165 2024 nosDeus
2185 1991 2304 2032 affecit,

1336 2046 1419 2066 novo
1442 2035 1538 2065 etiam
1562 2035 1687 2066 cantico
1711 2033 1817 2065 laudis
1839 2035 1940 2075 ipsius
1960 2035 2156 2075 praedicare,
2180 2040 2213 2065 et
2231 2044 2304 2074 gra-

1336 2079 1397 2108 tias
1426 2077 1472 2108 illi
1503 2087 1599 2118 agere
1630 2086 1689 2108 nos
1718 2082 1854 2117 oportet.
1900 2076 2007 2108 Deum
2039 2076 2125 2107 enim
2149 2075 2304 2107 laudandi

1336 2130 1430 2151 mane
1460 2122 1651 2160 vesperique
1681 2120 1760 2150 satis
1790 2130 1945 2160 magnum
1971 2122 2201 2159 argumentum
2226 2129 2304 2159 quo-

1337 2163 1414 2193 tidie
1446 2162 1614 2193 habemus:
1653 2161 1709 2193 sed
1745 2173 1844 2201 quum
1875 2161 2134 2193 extraordinaria
2164 2161 2304 2201 quadam

1336 2205 1460 2236 ratione
1483 2216 1552 2235 sese
1575 2205 1755 2237 beneficum
1780 2214 1858 2245 erga
1881 2215 1939 2236 nos
1963 2203 2122 2240 exhibuit,
2146 2213 2182 2234 eo
2206 2205 2304 2234 etiam

1337 2248 1439 2278 maius
1477 2253 1705 2287 argumentum
1744 2247 1836 2278 nobis
1871 2246 2074 2288 suppeditari
2107 2245 2304 2277 sacrosancti

1336 2290 1476 2321 nominis
1514 2290 1614 2329 ipsius
1651 2291 1761 2329 magni
1796 2289 1935 2321 faciendi
1966 2289 2116 2321 sciamus.
2161 2288 2245 2319 Nam
2276 2288 2304 2320 si

1336 2333 1397 2363 hac
1427 2333 1459 2363 in
1490 2339 1581 2372 parte
1610 2333 1691 2364 muti
1721 2332 1885 2368 fuerimus,
1916 2332 2121 2371 officiumque
2151 2330 2304 2371 neglexe-

1336 2375 1448 2414 rimus,
1479 2386 1518 2405 eu
1542 2375 1658 2414 quibus
1681 2375 1841 2417 iudicibus
1871 2373 2144 2406 condemnemur:
2182 2372 2303 2404 Philis-

1336 2418 1417 2448 taeis
1447 2417 1632 2454 idololatris,
1665 2418 1717 2457 qui
1749 2419 1815 2449 suis
1845 2417 1938 2448 idolis
1968 2417 2123 2448 maiorem
2148 2415 2303 2446 honorem

1335 2470 1431 2500 quam
1457 2470 1514 2490 uos
1539 2461 1661 2491 viventi
1687 2461 1756 2491 Deo
1778 2459 2006 2491 exhibuerunt.

1421 2502 1490 2533 Iam
1519 2502 1558 2532 ad
1588 2503 1722 2533 alteram
1745 2507 1915 2535 contextus
1939 2505 2065 2541 partem
2089 2504 2302 2539 transeamus,

1336 2546 1367 2576 in
1399 2555 1462 2585 qua
1492 2543 1643 2576 dicuntur
1671 2546 1788 2577 incolae
1828 2544 1919 2576 labes
1965 2542 2092 2575 Galaad
2121 2542 2159 2573 de
2187 2552 2222 2573 re
2243 2545 2304 2574 tota

1335 2587 1475 2618 certiores
1503 2587 1579 2625 facti
1607 2588 1717 2627 fuisse,
1748 2590 1775 2620 et
1803 2586 1972 2627 fortissimi
1994 2586 2106 2626 quique
2128 2585 2304 2617 swrrexisse
