2551 3044
131 208 190 238 461

763 202 809 232 IN
835 204 860 233 Ι.
886 203 973 234 ΙιΙΒ.
995 203 1192 234 sAMUEn.
1230 204 1326 234 (JAP.
1351 203 1481 234 XXIII.

2051 204 2113 235 462

132 303 310 339 obtineant,
340 300 372 331 id
396 299 465 330 Deo
490 298 616 330 volente
639 302 670 327 et
694 296 900 336 permittente
924 297 991 327 fieri
1016 297 1095 327 scia·
1123 314 1125 335 s
1150 307 1221 327 cum
1253 297 1353 337 ipsius
1382 298 1537 328 dedecore
1567 303 1597 328 et
1629 297 1825 328 detrimento
1851 298 1919 328 fieri
1944 297 2114 329 videbatur

134 355 205 376 mus
239 349 270 374 et
298 343 496 383 singularem
527 340 697 372 utilitatem
730 349 769 369 ex
801 349 837 369 co
869 339 1095 379 percipiamus.

134 387 220 427 Quid
257 386 342 417 enim
380 384 498 423 alioqui
534 382 625 413 nobis
663 381 789 411 miseris
828 382 934 417 fieret,
974 382 998 411 si
1029 380 1093 411 dia-

134 469 332 513 perducere?
356 479 450 508 quam
470 467 580 498 infelix
601 472 683 497 esset
704 472 814 496 nostra
838 465 998 497 conditio?
1031 465 1094 497 Sed

133 524 231 555 quum
256 512 346 543 Deus
378 512 445 550 ipse
475 514 612 540 testatur
641 520 673 539 se
704 508 809 548 ipsum
842 519 900 538 nos
929 509 992 539 illis
1024 519 1095 548 per·
1121 502 1122 530 ἶ

133 558 269 592 mittere,
299 560 330 584 et
360 553 448 583 velut
476 552 509 582 in
540 561 656 582 manus
680 551 823 590 ipsorum
848 551 984 587 tradere,
1016 550 1094 581 adeo
1121 559 1122 578 1

134 606 170 630 ut
199 596 356 628 increduli
387 602 419 626 et
448 594 584 634 improbi
613 594 760 624 homines
783 603 878 633 saepe
902 604 958 624 nos
981 594 1013 623 in
1037 604 1095 624 sua

132 645 289 681 potestate
324 638 498 672 retineant,
536 642 567 667 et
600 637 691 676 gravi
726 637 801 676 iugo
836 641 1001 675 premant,
1036 636 1095 666 hoc

131 683 223 714 nobis
259 691 449 721 persuasum
480 686 564 715 esto,
604 678 683 709 nihil
715 678 801 718 ipsos
831 678 1004 709 adversum
1037 689 1094 709 nos

131 735 234 765 posse,
259 724 319 754 nisi
340 730 498 763 quatenus
521 722 598 761 ipsis
624 721 713 752 Deus
737 721 879 752 habenas
903 721 1095 760 permiserit.

132 767 202 799 Hoc
244 768 347 806 ipsum
388 767 420 796 in
456 764 582 795 Davide
624 770 775 803 tanquam
812 765 909 794 totius
943 764 1095 794 ecelesiae

132 852 262 884 modum
293 858 325 882 et
350 851 482 890 ipsemet
506 849 640 880 Domini
664 850 764 880 nostri
791 850 861 879 Iesu
887 849 1010 879 Christi
1035 849 1096 879 fuit

130 896 244 936 figura.
279 893 319 924 In
338 894 407 934 ipso
427 893 525 933 igitur
544 892 686 922 fidelium
712 893 853 922 omnium
878 891 1093 922 conditionem

129 937 250 969 intueri
282 937 364 967 licet.

132 1023 202 1053 dira
228 1031 370 1062 quaeque
396 1021 562 1056 moliendi,
598 1026 630 1050 et
656 1020 681 1050 si
712 1020 770 1050 hac
800 1030 863 1050 non
896 1020 1095 1056 successerit,

133 1066 195 1096 alia
225 1065 276 1095 via
298 1063 515 1104 aggrediendi,
546 1063 674 1093 fortiter
697 1068 803 1093 tamen
830 1062 985 1092 adversus
1009 1063 1095 1101 ipsos

131 1114 268 1144 stemus,
303 1106 473 1146 Deumque
514 1106 655 1137 sciamus
698 1105 755 1135 hac
790 1105 915 1135 ratione
946 1104 1027 1135 velle
1061 1105 1094 1134 in

132 1204 170 1224 ex
201 1193 343 1232 ipsorum
367 1192 513 1222 faucibus
536 1191 668 1230 eripere,
701 1189 855 1230 quidquid
879 1190 969 1230 impii
994 1190 1041 1220 illi
1065 1194 1096 1220 et

131 1235 266 1275 improbi
298 1234 443 1265 homines
475 1234 577 1264 moliti
601 1233 772 1264 adversum
798 1243 855 1263 nos
879 1233 998 1263 fuerint
1022 1233 1095 1263 irri-

131 1285 198 1309 tum
228 1277 303 1314 fore,
334 1282 366 1307 et
395 1278 427 1307 in
459 1282 571 1308 tenues
595 1286 690 1306 auras
714 1276 891 1312 abiturum,
925 1275 1094 1315 Deumque

130 1330 188 1351 nos
219 1330 259 1350 ex
287 1321 430 1359 ipsorum
460 1324 619 1359 potestate
650 1319 871 1350 liberaturum.
923 1319 1030 1357 Atque
1061 1318 1092 1348 in

130 1363 190 1394 hac
224 1361 286 1393 Dei
325 1363 531 1403 providentia
572 1361 662 1392 nobis
703 1367 751 1392 est
791 1361 1093 1401 conquiescendum.

129 1405 237 1436 Deum
274 1405 403 1445 quidem
435 1415 512 1436 sane
542 1405 664 1445 precari
700 1403 852 1435 debemus
882 1409 918 1434 ut
952 1403 1093 1434 hostium

130 1453 313 1479 nostrorum
344 1447 499 1478 malitiam
530 1447 701 1478 immutet:
740 1446 794 1477 sed
825 1446 1036 1477 nihilominus
1068 1446 1093 1477 si

129 1490 232 1522 modis
262 1490 332 1522 istis
364 1499 421 1521 nos
444 1490 515 1521 vult
538 1500 697 1526 exercere,
731 1495 821 1521 tanto
845 1489 1094 1520 vehementiori-

129 1534 187 1565 bus
219 1537 251 1564 et
279 1533 518 1564 ardentioribus
543 1533 623 1564 votis
647 1533 685 1563 ad
710 1533 817 1572 ipsum
842 1532 1092 1571 confugiendum
1119 1571 1121 1574 Α

235 1582 272 1606 ut
306 1576 366 1615 ipsi
401 1586 457 1607 nos
493 1576 615 1615 placide
648 1575 872 1613 subiiciamus,
908 1585 1028 1614 nosque
1062 1581 1093 1605 et
1120 1578 1121 1616 l

130 1583 194 1613 est,

131 1619 374 1650 nostra'omnia
398 1619 457 1658 ipsi
482 1619 733 1655 summittamus,
764 1619 888 1648 exitum
915 1628 1008 1657 quem
1033 1617 1092 1657 ipsi

130 1661 293 1701 placuerit,
318 1661 478 1701 patienter
496 1661 739 1701 praestolantes.
797 1660 891 1699 Quod
916 1660 1092 1700 perfectum

128 1704 167 1735 iri
199 1715 263 1735 non
293 1714 464 1744 possumus
496 1704 652 1744 dubitare,
682 1703 939 1744 quandoquidem
971 1714 989 1733 a
1022 1703 1093 1733 Deo

129 1757 243 1778 sumus
267 1747 299 1777 in
324 1757 494 1778 numerum
520 1747 659 1778 filiorum
684 1747 836 1785 adoptati,
861 1752 891 1777 et
917 1756 973 1785 pro
997 1745 1092 1777 eccle-

129 1789 195 1820 siae
216 1789 370 1820 membris
393 1790 523 1830 recepti.

216 1831 375 1872 Deinceps
412 1833 559 1872 sequitur
599 1832 816 1863 Ionathanum
859 1831 899 1862 ad
935 1830 1092 1861 Davidem

129 1875 257 1906 venisse
286 1875 318 1905 in
350 1874 511 1906 desertum
535 1876 630 1915 Ziph,
660 1875 711 1906 his
742 1874 865 1905 verbis:
895 1873 939 1904 Et
959 1874 1095 1904 surrexit

129 1917 279 1949 Ionatlzas
299 1917 387 1956 filius
407 1917 495 1956 Saul,
519 1921 546 1949 et
568 1918 645 1949 abiit
667 1917 709 1948 ad
734 1917 839 1948 David
862 1917 895 1947 ¹in
918 1916 1045 1956 sylvam,
1069 1919 1094 1946 et

129 1960 308 2000 confortavit
340 1970 452 1991 manus
486 1962 553 1992 eius
585 1962 619 1992 in
653 1960 730 1991 Deo.

128 2004 255 2034 timeas:
287 2013 381 2042 neque
413 2004 495 2034 enim
527 2004 660 2034 inveniet
688 2006 716 2034 te
743 2013 856 2033 manus
886 2001 966 2033 Saul
990 2002 1094 2041 patris

129 2047 206 2077 mei.-
236 2049 262 2076 et
290 2048 324 2076 tu
352 2045 497 2085 reqnabz's
518 2056 614 2085 super
637 2046 748 2082 Israel,
773 2048 800 2076 et
822 2055 876 2085 eqo
897 2055 946 2075 ero
969 2045 1024 2075 tibi
1047 2055 1093 2076 se-

131 2089 264 2121 nundus.-
292 2088 346 2119 sed
376 2091 403 2119 et
427 2088 506 2120 Saul
525 2092 614 2128 pater
636 2099 722 2120 meus
744 2089 800 2119 scit
823 2087 888 2118 hoc.
934 2086 1094 2118 Percussit

132 2140 201 2172 eryo
223 2133 348 2170 uterque
368 2131 477 2171 foedus
497 2142 599 2163 coram
623 2132 765 2162 Domino.
806 2131 858 2161 Ex
882 2130 999 2170 quibus
1024 2141 1093 2161 ver·

131 2173 180 2204 bis
203 2180 335 2214 apparet
358 2183 453 2214 quam
479 2174 618 2205 fideliter
641 2180 673 2205 et
695 2179 882 2205 constanter
893 2172 1092 2204 Ionathanus

133 2216 305 2247 amicitiam
335 2227 408 2247 cum
441 2216 569 2248 Davide
599 2217 747 2248 coluerit:
775 2217 866 2247 cuius
894 2216 1093 2246 constantiae

132 2263 165 2288 at
183 2258 256 2289 fidei
278 2259 348 2289 laus
372 2269 435 2290 non
459 2260 504 2291 sic
528 2260 589 2300 ipsi
614 2258 786 2291 tribuenda
807 2259 883 2298 quin
908 2257 947 2288 ad
971 2258 1092 2289 fontem

133 2306 165 2331 et
199 2301 355 2341 originem
390 2302 619 2333 ascendamus:
660 2312 760 2342 quum
793 2302 926 2332 minime
961 2301 1093 2331 dubium

132 2343 174 2374 sit
193 2343 288 2375 fuisse
305 2344 402 2375 fidem
416 2344 477 2376 Dei
497 2344 762 2385 promissionibus
782 2345 900 2375 nixam.
933 2344 1093 2374 Davidem

132 2386 218 2416 enim
248 2393 379 2418 unctum
402 2386 565 2419 Samuelis
593 2388 772 2419 ministerio
803 2386 934 2423 sciebat,
971 2397 1094 2427 regem-

133 2438 194 2468 que
207 2428 268 2459 Dei
291 2430 442 2461 mandato
465 2430 686 2472 designatum:
708 2430 791 2470 quod
815 2439 914 2470 quum
938 2429 1094 2466 intuetur,

133 2470 245 2502 statuit
278 2478 424 2512 oportere
454 2473 515 2504 Dei
553 2474 751 2505 voluntatem
782 2478 814 2504 et
843 2472 1007 2502 decretum
1037 2473 1095 2503 im—

133 2512 223 2553 pleri.
274 2513 362 2546 Hinc
389 2515 446 2546 illa
475 2516 649 2547 Ionathani
679 2515 759 2547 fides
787 2522 820 2547 et
849 2515 1032 2546 constantia
1062 2515 1094 2545 in

132 2555 274 2587 amicitia
301 2567 377 2598 erga
397 2557 574 2590 Davidem:
605 2569 686 2598 quae
711 2568 775 2589 non
799 2564 848 2590 est
867 2557 982 2588 leviter
1005 2568 1094 2597 prae-

134 2597 303 2629 tereunda:
327 2600 583 2640 quandoquidem
603 2601 805 2632 Ionathanus
828 2599 954 2641 placide
977 2611 1010 2631 se
1033 2600 1095 2630 Dei

134 2640 293 2672 voluntati
323 2652 381 2682 per
409 2643 599 2683 prophetam
630 2644 807 2683 patefactae
837 2642 1005 2683 submisit,
1036 2644 1094 2673 etsi

410 935 629 974 Quamobrem
663 934 809 965 hostibus
840 934 965 964 nullum
997 935 1094 965 finem
1121 942 1122 950 ¹

131 979 322 1012 facientibus
352 978 520 1009 adversum
545 978 602 1008 nos
628 978 717 1007 varia
740 977 872 1008 consilia
894 977 1039 1013 ineundi,
1066 983 1094 1006 et
1120 985 1122 1006 3

782 1960 935 1998 Dixitque
966 1960 1010 1990 ei:
1046 1959 1121 1990 Ne·

1149 338 1226 370 haec
1256 341 1398 371 mutatio.
1452 340 1532 370 Nam
1565 341 1775 380 promissione
1807 340 1862 370 illa
1893 350 1986 380 quam
2018 340 2112 372 Iona—

1122 390 1123 405 1
1149 382 1268 412 thanus
1300 383 1483 413 intuebatur
1515 383 1547 413 in
1580 384 1719 414 amicitia
1744 382 1880 414 Davidis
1909 393 2111 423 permanent-3,

135 430 224 461 bolus
250 434 281 459 et
308 426 466 458 increduli
494 435 552 455 sua
578 424 712 455 consilia
744 431 875 463 possent
903 424 940 453 ad
973 425 1094 454 exitum
1121 428 1122 433 ¹

1148 435 1165 454 a
1179 426 1380 455 successione
1398 426 1428 455 in
1451 427 1569 464 regiam
1591 426 1780 466 dignitatem
1802 426 1979 457 arcebatur.
2004 425 2113 464 Quare

1148 467 1230 505 quod
1256 467 1471 498 Ionathanum
1500 468 1603 499 David
1636 476 1700 499 tani
1725 476 1831 498 arctae
1855 469 2018 499 amicitiae
2043 469 2112 499 vin—

1147 509 1219 540 culo
1239 510 1418 543 coniunxit,
1444 511 1573 541 Saulem
1595 510 1750 541 adversus
1769 511 1906 542 eundem
1929 517 1992 542 tam
2019 511 2112 542 vehe—

1148 559 1273 581 menter
1302 553 1439 583 exacuit.
1487 553 1579 584 Unde
1610 561 1741 593 apparet
1767 564 1861 593 quam
1888 554 1985 584 variis
2008 553 2111 585 modis

1147 594 1209 624 Dei
1246 595 1376 624 verbum
1414 597 1444 625 in
1483 596 1663 626 bominibus
1697 602 1867 635 operetur:
1901 597 1972 627 aliis
2001 597 2049 627 ira
2080 602 2111 627 et

1148 637 1257 667 surore
1287 638 1515 675 aestuantibus,
1546 638 1617 668 aliis
1642 649 1716 669 vero
1740 649 1808 669 sese
1832 639 1955 678 placide
1979 639 2112 670 submit-

1148 679 1289 709 tentibus
1331 686 1361 710 et
1403 680 1643 720 deficientibus,
1679 682 1765 720 ipsus
1801 682 1868 711 Deo
1903 692 1959 711 suo
1995 682 2110 721 spiritu

1121 750 1123 758 ,
1148 728 1257 752 sancto
1282 723 1490 761 gubernante,
1518 729 1550 752 ut
1575 725 1707 754 verbum
1733 724 1832 763 ipsius
1857 735 1918 754 non
1943 723 2044 755 solum
2069 725 2110 755 sit

1122 785 1123 792 .
1148 774 1227 794 auro
1245 770 1275 794 et
1296 771 1428 805 argento
1452 766 1633 804 pretiosius,
1658 766 1711 796 sed
1737 767 1831 797 ctiam
1857 767 1951 797 melle
1975 767 2108 797 dulcius.

131 811 268 850 quadam
303 809 443 849 imagine
477 817 648 847 possumus
681 807 909 845 contemplari,
944 805 1123 846 quemad-3,

1121 880 1123 890 ,
1148 851 1304 880 rationem
1328 851 1560 889 investigamus
1584 862 1664 890 quae
1679 852 1757 881 Saul
1782 852 1936 882 adversus
1949 851 2109 883 Davidem

1121 891 1122 899 ¹
1148 893 1277 927 exarsit,
1302 893 1340 923 ad
1363 893 1420 923 Dei
1447 893 1577 923 verbum
1604 895 1746 924 Samueii
1771 895 1977 925 commissum
2003 905 2109 926 assur-

1150 807 1189 836 Et
1215 807 1272 838 hoc
1297 807 1452 847 singulari
1477 808 1696 839 observatione
1721 809 1851 849 (lignum
1873 816 1930 840 cst.
1976 809 2059 839 Nam
2083 810 2109 840 si

1147 935 1287 974 gendum
1317 942 1373 966 est.
1421 935 1549 966 Veritas
1574 947 1648 976 ergo
1673 937 1726 967 illa
1750 937 1925 976 prophetae
1949 937 2110 976 patefacta

1148 978 1208 1007 fuit
1237 978 1339 1008 instar
1361 978 1438 1008 facis
1461 978 1641 1009 cuiusdam:
1674 990 1734 1018 qua
1759 979 1835 1011 Saul
1861 981 1905 1010 sic
1928 980 2109 1010 inflamma-

1147 1024 1209 1054 tur.
1246 1026 1280 1050 ut
1312 1021 1344 1050 in
1381 1021 1519 1051 furorem
1556 1027 1587 1051 et
1623 1021 1740 1052 rabiem
1773 1029 1859 1053 totus
1890 1028 2107 1054 convertatur.

1147 1062 1347 1093 Ionathanus
1379 1074 1453 1093 vero
1483 1071 1595 1094 contra
1627 1063 1710 1095 filius
1734 1065 1834 1104 ipsius
1859 1065 2018 1095 Davidem
2043 1075 2110 1096 am-

133 1156 240 1181 nostra
260 1149 364 1180 salute
384 1149 569 1188 glorificari·
593 1158 628 1179 ac
652 1158 751 1187 quum
773 1148 834 1187 ipsi
859 1147 1013 1187 placuerit
1039 1158 1095 1177 nos
1120 1139 1122 1159 ³
1147 1106 1307 1144 Plemimr'
1332 1106 1494 1145 Vitamque
1514 1117 1570 1154 pr'o
1594 1107 1663 1146 ipso
1687 1108 1829 1147 exponit.
1854 1114 1885 1137 et
1909 1108 2009 1147 patris
2030 1108 2109 1138 Obli-

1146 1148 1289 1186 viscitur,
1312 1159 1463 1188 spemque
1488 1159 1593 1188 regiae
1617 1148 1783 1183 dignitatis
1808 1150 1995 1180 retinendae
2017 1161 2108 1190 pror-

1146 1202 1200 1221 sus
1224 1191 1340 1230 abiicit,
1376 1191 1558 1230 Daviaelique
1582 1192 1723 1222 debitum
1748 1193 1892 1232 reliquit:
1929 1192 2012 1232 quod
2035 1203 2111 1224 sane

1147 1244 1277 1273 prorsus
1313 1233 1537 1264 admirandum
1574 1241 1630 1265 est.
1684 1235 1776 1273 Quod
1807 1245 1905 1274 quum
1937 1237 2110 1273 intuemur,

1146 1276 1280 1307 minime
1305 1275 1404 1306 videri
1429 1276 1523 1306 debet
1547 1277 1639 1307 hodie
1663 1278 1810 1308 insolens.
1842 1279 1867 1308 si
1892 1278 1952 1308 Dei
1978 1279 2110 1309 verbum

1148 1325 1211 1348 tam
1232 1320 1339 1350 varios
1364 1324 1492 1358 tamque
1516 1326 1734 1360 repugnantes
1758 1327 1788 1350 et
1813 1320 1955 1351 diversos
1978 1321 2110 1352 effectus

1147 1362 1289 1393 sortitur.
1316 1362 1465 1401 Exempli
1479 1362 1598 1402 gratia:
1620 1362 1727 1394 Unum
1749 1369 1779 1393 et
1801 1362 1883 1393 idem
1903 1363 2109 1403 evangelium

1146 1405 1360 1444 praedicatur,
1383 1405 1471 1435 cuius
1492 1410 1596 1435 tamen
1617 1415 1710 1444 quam
1733 1406 1811 1436 varii
1835 1405 1990 1436 effectus?
2025 1406 2109 1436 Nam

1147 1447 1200 1477 alii
1232 1447 1358 1487 quidem
1392 1447 1553 1483 docentur,
1585 1447 1637 1478 alii
1669 1449 1861 1488 ringuntur,
1898 1453 1931 1479 et
1959 1448 2110 1480 dentibus

1147 1490 1334 1520 infrendent
1370 1490 1523 1520 adversus
1554 1490 1658 1521 Deum
1698 1497 1728 1521 et
1757 1490 1915 1531 evangelii
1946 1490 2108 1530 praedica-

1147 1534 1275 1563 tionem.
1321 1532 1414 1570 Quod
1445 1543 1520 1563 sane
1544 1532 1605 1563 Dei
1636 1533 1734 1563 verbo
1766 1544 1827 1563 non
1861 1544 2029 1573 possumus
2051 1534 2108 1564 im-

1147 1582 1270 1615 putare,
1300 1575 1390 1614 quasi
1422 1576 1535 1605 vitium
1569 1575 1645 1605 illud
1671 1576 1731 1616 ipsi
1756 1582 1871 1606 natura
1895 1586 1954 1606 sua
1976 1577 2106 1608 inesset.

1148 1618 1237 1649 Deus
1267 1619 1351 1649 enin]
1383 1619 1460 1648 satis
1483 1625 1593 1658 aperte
1617 1618 1814 1649 demonstrat
1838 1618 2028 1650 mortalibus
2051 1620 2106 1649 ad-

1146 1671 1262 1691 versus
1274 1660 1336 1691 Dei
1362 1660 1492 1691 verbum
1519 1662 1726 1700 pervicaciter
1749 1661 1998 1698 calcitrantibus,
2023 1661 2107 1692 nihi-

1147 1703 1285 1734 lominus
1327 1708 1431 1733 tamen
1475 1703 1552 1734 illud
1594 1704 1712 1734 bonum
1755 1714 1833 1735 esse.
1891 1703 2106 1744 Contemptus

1146 1747 1246 1787 igitur
1265 1746 1319 1776 ille
1338 1748 1525 1781 necessario,
1551 1757 1612 1776 non
1633 1757 1650 1777 a
1671 1747 1775 1786 verbo,
1798 1746 1852 1777 sed
1877 1747 1916 1777 ab
1939 1746 2106 1777 hominum

1146 1789 1349 1821 contumacia
1384 1796 1415 1819 et
1446 1789 1617 1819 rebellione
1652 1796 1836 1828 promanat,
1872 1789 1926 1828 qni
1955 1789 2107 1829 superbia

1147 1833 1248 1863 inflati
1280 1832 1389 1862 audita
1420 1831 1578 1872 evangelii
1603 1831 1747 1861 doctrina
1771 1838 1924 1872 tanquam
1950 1831 2108 1863 immanes

1146 1875 1266 1905 bestiae
1290 1885 1387 1905 cornu
1413 1874 1474 1904 Dei
1499 1874 1697 1905 maiestatem
1723 1882 1833 1914 petere
1857 1886 1918 1905 non
1945 1882 2107 1905 verentur.

1149 1918 1211 1948 Alii
1246 1928 1319 1948 vero
1350 1917 1438 1956 prius
1471 1917 1567 1947 variis
1591 1917 1872 1956 superstitionibus
1895 1916 2053 1956 impliciti,
2077 1924 2108 1947 et

1146 1961 1256 1991 multis
1285 1960 1371 1990 vitiis
1402 1959 1516 1998 dediti,
1544 1959 1589 1990 sic
1621 1960 1707 1990 verbi
1739 1959 1840 1990 divini
1872 1959 2107 1999 praedicatione

1147 2009 1335 2043 tanguntur,
1360 2007 1395 2033 ut
1414 2009 1615 2042 peccatorum
1636 2003 1718 2032 serio
1741 2012 1836 2032 sensu
1860 2003 2052 2040 afficiantur,
2076 2009 2107 2033 et

1145 2051 1386 2086 regenerentur,
1409 2056 1443 2076 ac
1467 2045 1569 2085 magis
1592 2046 1757 2085 magisque
1781 2045 1971 2075 deiiciantnr
1993 2052 2024 2075 et
2047 2045 2107 2075 hu-

1146 2089 1313 2119 milientur
1343 2098 1449 2119 coram
1474 2087 1624 2126 Domino,
1654 2088 1698 2118 sic
1731 2094 1765 2117 ut
1788 2097 1845 2127 pro
1869 2092 1985 2118 natura
2009 2097 2104 2127 quam

1146 2131 1236 2171 prius
1266 2131 1397 2162 efferam
1427 2130 1597 2167 habebant,
1629 2129 1706 2160 adeo
1737 2134 1771 2159 ut
1794 2129 1923 2160 odorem
1947 2130 2107 2170 evangelii

1145 2174 1229 2205 ferre
1269 2184 1333 2204 non
1369 2178 1509 2213 possent,
1551 2183 1653 2212 neque
1687 2177 1874 2211 paterentur
1908 2172 2015 2203 ulcera
2049 2183 2107 2203 sua

1146 2217 1289 2254 tractari,
1317 2216 1510 2247 contrariam
1539 2225 1668 2255 prorsus
1687 2214 1824 2245 induant
1843 2221 1875 2245 et
1893 2215 2107 2245 immutentur

1147 2271 1164 2290 a
1188 2259 1338 2295 Domino,
1370 2259 1414 2289 sic
1444 2263 1481 2288 ut
1511 2268 1567 2298 pro
1598 2258 1726 2288 leonina
1750 2257 1832 2297 pelle
1856 2257 1994 2288 induant
2017 2257 2106 2297 agni-

1147 2312 1230 2336 nam.
1262 2312 1357 2341 seque
1381 2301 1442 2331 Dei
1473 2301 1543 2331 voci
1567 2300 1746 2335 subiiciant,
1777 2307 1808 2330 et
1831 2299 1870 2330 ad
1894 2300 1994 2340 ipsius
2017 2301 2106 2330 obse·

1146 2347 1254 2385 quium
1284 2349 1486 2383 componant.
1532 2342 1616 2373 Hinc
1647 2343 1747 2382 igitur
1774 2348 1908 2382 apparet
1932 2342 1992 2372 Dei
2017 2343 2106 2373 verbi

1146 2387 1381 2427 praedicatione
1411 2386 1488 2416 alios
1515 2385 1715 2421 exacerbari,
1752 2385 1830 2415 alios
1861 2395 1937 2415 vero
1967 2385 2105 2415 domari:

1146 2431 1178 2460 in
1199 2429 1269 2460 aliis
1288 2428 1493 2460 rebellionem
1516 2434 1547 2458 et
1571 2427 1803 2459 contumaciam
1828 2427 1956 2468 augeri:
1979 2428 2013 2458 in
2036 2427 2107 2458 aliis

1147 2482 1221 2503 vero
1235 2477 1358 2502 tantam
1371 2471 1582 2501 mutationem
1596 2471 1675 2507 fieri,
1700 2475 1734 2500 ut
1756 2471 1927 2510 pristinam
1949 2469 2105 2500 malitiam

1146 2515 1314 2550 abiiciant‚
1349 2518 1381 2544 et
1415 2512 1563 2544 omnibus
1595 2513 1816 2544 affectionibus
1846 2513 1915 2544 Deo
1945 2518 1976 2543 et
2006 2513 2107 2552 ipsius

1147 2557 1274 2588 veritati
1311 2555 1567 2596 repugnantibus
1604 2555 1754 2586 nuntium
1786 2555 1961 2586 remittant.
2014 2554 2107 2594 Quae

1147 2610 1245 2639 quum
1287 2599 1456 2634 intuemur,
1498 2607 1710 2638 agnoscamus
1750 2609 1808 2629 nos
1848 2609 1865 2628 a
1899 2597 2034 2628 minimo
2068 2597 2107 2628 ad

1148 2642 1324 2674 maximum
1362 2641 1516 2672 adversus
1546 2640 1652 2671 Deum
1684 2640 1818 2672 rebelles
1846 2647 1876 2671 et
1907 2646 2110 2671 contumaces
