2551 3044
389 228 452 259 335

390 320 538 352 avellere.
584 317 671 356 Quin
694 322 725 347 et
743 316 844 356 ipsius
865 321 998 356 apparet
1021 313 1236 355 ingratitudo:
1267 313 1350 354 quod

391 365 430 395 ab
461 363 529 402 ipso
560 359 714 391 Samuele
744 365 870 397 unctuS,
905 365 935 388 et
971 357 1071 397 ipsius
1104 356 1283 387 ministerio
1316 356 1350 387 in

392 405 513 446 regiam
542 402 733 443 dignitatem
763 407 902 436 evectus,
937 400 1001 431 iam
1037 399 1120 430 ferre
1154 409 1216 430 non
1251 399 1351 439 possit

391 449 489 480 ullam
519 445 743 481 mutationem,
773 450 805 475 et
833 443 952 483 accepti
987 441 1132 473 beneficii
1164 441 1351 472 memoriam

391 490 528 526 abiiciat,
553 488 626 519 licet
649 497 800 518 revocare
825 487 858 517 in
883 486 1069 517 memoriam
1093 484 1186 515 illum
1204 488 1353 525 oportue-

391 539 442 565 rat
475 532 534 564 Dei
568 529 761 571 peculiarem
801 528 1046 560 beneficentiam
1080 537 1144 567 qua
1176 527 1210 558 iu
1243 536 1352 567 regem

391 581 523 608 evectus
546 573 660 604 suerat.

478 620 650 649 Caeterum
686 615 774 646 missi
816 625 834 645 a
866 612 967 645 Saule
1003 611 1159 643 satellites
1193 611 1352 643 Davidem

393 658 668 701 comprehensuri,
686 658 838 689 dicuntur
851 655 1106 696 prophetavisse,
1125 656 1276 695 quoniam
1289 653 1352 684 Dei

393 704 526 745 spiritus
550 703 652 732 fuctus
675 707 723 732 est
745 710 842 739 super
863 709 932 731 eos:
963 698 1078 738 quibus
1100 708 1166 728 non
1190 702 1352 728 reverten-

395 748 480 779 tibus
503 752 535 776 et
565 744 620 775 alii
652 743 740 774 missi
770 747 854 778 sunt,
885 742 939 782 qui
969 746 1002 772 ct
1023 740 1084 781 ipsi
1107 740 1352 780 prophetarunt,

394 790 493 821 donec
522 794 555 818 et
583 786 671 818 tertii
694 786 908 822 mitterentur,
938 784 994 824 qui
1023 783 1120 815 etiam
1144 789 1175 813 et
1197 783 1255 822 ipsi
1280 792 1352 822 pro-

394 833 578 873 phetarunt,
602 829 691 869 quasi
713 828 800 859 Deus
818 828 904 868 ipsos
923 832 1084 858 momento
1102 825 1352 857 immutavisset.
1378 827 1380 836 '

397 875 433 906 Si
464 874 537 913 quis
574 873 682 911 itaque
713 876 811 910 petat,
849 870 901 901 ubi
937 868 1128 910 prophetare
1156 867 1352 904 didicissent,
1378 881 1379 903 ;

396 914 657 957 respondendum
682 914 788 944 Deum
819 911 994 953 aliquando
1016 912 1085 942 sine
1108 911 1221 942 mediis
1244 910 1355 941 huma-

395 961 447 991 nis
469 958 609 998 operari:
639 964 670 988 et
700 955 871 996 aliquando
901 965 958 986 sua
987 955 1070 985 dona
1100 954 1204 985 facere
1227 953 1353 992 conspi-
1378 975 1379 982 1

395 1013 455 1035 cua
478 1002 511 1032 in
534 1000 574 1031 iis
597 999 652 1040 qui
675 998 876 1039 diligentiam
899 997 1053 1029 adhibent
1075 1003 1106 1028 et
1125 995 1233 1027 studio
1251 996 1352 1027 seien-

397 1046 475 1076 tiam
509 1043 691 1083 acquirunt.
745 1041 856 1081 Neque
897 1041 984 1071 enim
1018 1039 1104 1071 ullus
1138 1048 1280 1078 unquam
1314 1037 1353 1068 ad

396 1088 495 1120 ullam
527 1085 724 1117 functionem
747 1084 808 1115 erit
830 1083 964 1114 idoneus
987 1082 1048 1113 nisi
1072 1081 1161 1112 Deus
1185 1081 1275 1112 illum
1299 1080 1353 1111 do-

399 1131 448 1162 nis
471 1128 660 1160 necessariis
683 1138 740 1167 per
762 1132 907 1158 sanctum
931 1135 1025 1157 suum
1045 1125 1192 1164 spiritum
1212 1128 1354 1155 exornet.

398 1172 464 1205 Sed
488 1172 566 1203 haec
589 1169 770 1201 differentia
793 1175 849 1205 est,
873 1167 956 1209 quod
977 1167 1150 1207 aliquando
1173 1166 1356 1197 immediate

398 1226 493 1248 suum
527 1213 677 1254 spiritum
711 1211 864 1250 effundat,
905 1209 1077 1251 aliquando
1110 1209 1205 1241 certis
1240 1208 1354 1240 mediis

397 1258 564 1297 largiatur.
610 1255 693 1287 Nam
717 1261 749 1286 et
771 1254 898 1292 scholis,
928 1260 961 1285 et
983 1252 1074 1283 libris
1097 1257 1128 1283 ct
1150 1252 1223 1283 aliis
1246 1251 1354 1282 istius-

398 1300 485 1333 modi
515 1297 719 1330 inferioribus
750 1296 864 1328 mediis
892 1296 995 1327 utitur
1023 1305 1078 1335 per
1108 1304 1190 1334 quac
1220 1294 1253 1325 in
1276 1294 1354 1334 ipsis

399 1348 560 1384 operatur.
617 1341 711 1378 Nam,
740 1339 880 1377 obsecro,
914 1343 1061 1379 potestne
1096 1337 1210 1377 aliquis
1243 1342 1354 1376 suopte

399 1385 528 1426 ingenio
558 1388 590 1415 et
621 1390 753 1414 naturae
784 1382 906 1413 viribus
936 1381 976 1412 ad
1005 1385 1090 1411 artes
1120 1380 1200 1411 ullas
1229 1389 1354 1419 promo-

399 1429 467 1460 veri
492 1427 554 1458 nisi
578 1425 754 1457 doceatur?
797 1424 951 1465 Sapietne
976 1423 1098 1463 aliquis,
1122 1429 1179 1453 aut
1201 1422 1355 1453 doctusne

399 1470 515 1503 evadet
544 1469 641 1500 etiam
670 1467 785 1499 ductus
815 1468 849 1498 in
870 1466 998 1504 scholis,
1028 1475 1068 1496 au
1099 1465 1260 1496 modestus
1284 1474 1355 1504 pro-

400 1514 470 1554 pria
493 1510 673 1543 industria?
710 1510 846 1541 Minime
869 1509 1024 1550 gentium.
1070 1508 1134 1539 Sed
1158 1507 1227 1539 Deo
1251 1507 1356 1538 inedia
1381 1519 1383 1535 ε

401 1556 457 1588 illa
498 1564 579 1594 quae
623 1553 846 1585 subordinavit
885 1551 1102 1583 benedicente.
1157 1549 1357 1589 Quandoque

401 1608 478 1630 vero
501 1597 590 1628 Deus
619 1596 688 1627 sine
718 1595 836 1627 scholis
865 1600 921 1625 aut
950 1593 1021 1625 aliis
1051 1593 1220 1624 ordinariis
1244 1592 1357 1623 mediis

400 1651 459 1682 per
478 1650 571 1671 suum
591 1638 740 1679 spiritum
760 1643 909 1677 operatur
927 1635 1120 1673 immediate,
1144 1641 1179 1666 ut
1198 1646 1234 1666 co
1254 1636 1358 1666 maius

400 1687 626 1724 argumentum
650 1680 830 1712 laudandae
853 1680 953 1719 ipsius
976 1684 1007 1710 et
1031 1679 1193 1719 potentiae
1216 1682 1246 1709 et
1271 1678 1359 1709 boni-

402 1726 478 1757 tatis
507 1723 667 1764 praebeat.
714 1723 785 1754 1100
818 1722 952 1762 contigit
982 1722 1020 1752 iis
1050 1721 1088 1752 de
1115 1721 1229 1761 quibus
1250 1720 1301 1752 hic
1324 1722 1359 1751 fit

403 1767 539 1800 mentio:
570 1767 624 1807 qui
654 1765 782 1806 quidem
814 1764 1058 1805 prophetarunt,
1089 1763 1144 1794 scd
1172 1765 1254 1795 sicut
1284 1763 1359 1794 olim

403 1811 496 1842 asina
518 1809 651 1841 Balaam
682 1808 816 1848 loquuta
845 1813 894 1839 cst
916 1808 987 1838 sine
1009 1817 1105 1838 sensu
1129 1811 1159 1837 et
1178 1806 1360 1846 intelligen-

404 1855 461 1885 tia:
486 1863 588 1892 neque
611 1852 697 1882 enim
721 1855 790 1882 erat
812 1850 873 1890 ipsi
893 1849 1049 1881 naturale.
1074 1849 1156 1880 Nam
1177 1849 1266 1880 Deus
1290 1849 1362 1880 bru-

403 1898 445 1927 tis
468 1893 687 1927 animantibus
708 1903 771 1924 non
793 1892 880 1923 dedit
898 1902 1027 1923 sensum
1048 1891 1086 1922 ad
1105 1891 1360 1931 intelligendum,

405 1948 508 1979 neque
537 1948 573 1968 os
602 1936 642 1967 ad
670 1935 875 1976 loquendum,
905 1945 986 1975 quae
1017 1934 1202 1965 hominibus
1225 1934 1361 1974 largitus

1180 219 1382 252 HOMILIA
1408 218 1570 252 LXXIII.

404 1986 463 2020 est,
492 1984 529 2011 ut
557 1984 588 2010 et
617 1978 810 2019 intelligant,
840 1983 871 2009 et
899 1982 1086 2017 conceptum
1115 1977 1231 2007 mentis
1254 1977 1361 2016 expri-

405 2027 505 2060 mant,
542 2022 713 2062 Deumque
735 2022 769 2052 in
801 2020 913 2061 primis
945 2020 1134 2060 glorificent,
1165 2019 1204 2049 ad
1227 2029 1320 2058 quem
1344 2030 1361 2050 a

404 2067 474 2097 Deo
503 2065 707 2105 potissimum
741 2063 868 2095 formati
905 2072 1025 2094 sumus.

406 2108 591 2140 hominibus
620 2117 729 2138 vocem
760 2105 972 2143 articulatam,
1003 2110 1036 2136 et
1064 2105 1097 2135 in
1134 2114 1170 2134 eo
1200 2111 1362 2144 praestare

407 2152 507 2183 voluit
540 2150 674 2182 cacteris
709 2147 935 2186 animantibus,
977 2147 1059 2188 quod
1097 2147 1234 2178 invicem
1268 2146 1361 2178 collo-

407 2201 561 2234 quuntur,
591 2199 621 2224 et
644 2192 825 2232 exprimere
848 2189 982 2222 dicendo
1003 2200 1097 2221 ecnsa
1120 2194 1262 2229 possunt,
1287 2200 1361 2220 ean-

407 2238 479 2268 dcm
503 2242 534 2267 et
565 2236 640 2266 feris
672 2235 775 2275 potuit
798 2233 891 2265 dare:
921 2233 1130 2274 quamobrem
1160 2242 1361 2272 nequaquam

407 2278 590 2311 mirandum
623 2278 649 2309 si
680 2277 799 2308 milites
836 2276 913 2307 istos
943 2275 981 2307 de
1008 2275 1124 2315 quibus
1157 2274 1209 2306 hic
1238 2275 1363 2314 agimus
1388 2280 1389 2284 ¹

407 2323 475 2353 sine
501 2332 598 2352 sensu
624 2320 726 2351 voluit
749 2319 952 2360 prophetare.
988 2318 1052 2350 Sed
1077 2328 1139 2348 non
1164 2322 1211 2348 est
1231 2327 1363 2357 magno-

407 2375 482 2405 pcrc
512 2364 602 2394 nobis
634 2362 844 2394 laborandum
876 2360 1180 2402 prophetaverintne
1210 2359 1256 2390 illi
1289 2369 1362 2390 cum

407 2406 635 2446 intelligentia:
668 2416 708 2436 an
740 2415 816 2436 vero
843 2410 879 2435 ut
901 2404 990 2444 picae
1013 2410 1068 2434 aut
1091 2413 1168 2434 aves
1190 2402 1271 2433 aliae
1294 2412 1365 2441 gar-

409 2451 472 2481 rire
502 2449 607 2480 solent
630 2447 758 2488 loquuti
781 2447 866 2479 sint:
896 2446 1035 2478 sufficiat
1058 2444 1148 2477 nobis
1177 2454 1364 2485 quacunque

409 2493 531 2524 ratione
560 2492 679 2523 suetum
704 2491 756 2530 sit,
789 2490 849 2521 Dci
881 2490 1033 2520 virtutem
1065 2493 1096 2519 et
1125 2488 1300 2528 potentiam
1332 2487 1362 2517 in

408 2578 441 2609 in
465 2579 571 2614 finem,
597 2576 685 2607 Deus
704 2576 775 2606 illos
795 2575 855 2606 hac
879 2575 911 2606 iu
932 2584 965 2605 re
984 2573 1196 2614 occupaverit,
1219 2577 1255 2603 ut
1273 2578 1365 2603 extra
1389 2584 1391 2600 ‹

409 2631 442 2651 se
465 2625 497 2650 et
520 2619 610 2659 quasi
634 2624 740 2650 mente
763 2618 851 2654 moti,
883 2617 1054 2658 divinoque
1082 2616 1237 2647 instinctu
1266 2615 1363 2646 afflati

412 2661 570 2694 Davidem
600 2661 756 2692 intactum
786 2659 986 2701 reliquerint.
1039 2658 1195 2697 Sufficiat,
1225 2657 1364 2698 inquam,

1076 2062 1140 2101 Qui
1170 2072 1246 2092 vero
1276 2055 1389 2092 dediti

2302 218 2365 249 336

1375 318 1377 357 j
1404 324 1493 344 nosse
1512 313 1557 343 sic
1577 313 1703 344 afflatos
1725 311 1836 343 divino
1856 312 2020 349 instinctu,
2045 318 2080 343 ut
2100 321 2157 352 pro
2176 312 2261 344 malo
2280 313 2366 354 quod

1401 364 1495 386 autea
1520 354 1638 386 Davidi
1662 355 1866 397 quaerebant,
1891 355 1994 394 ipsius
2012 354 2107 385 saluti
2131 361 2163 385 et
2185 355 2362 388 commodis

1402 398 1596 436 studuerint,
1619 405 1650 428 et
1675 397 1783 429 Saulis
1804 397 1913 428 odium
1934 398 1965 427 in
1986 396 2147 428 Davidem
2166 402 2366 438 contempse-

1403 442 1476 472 rint.
1523 439 1614 471 Idem
1633 445 1666 470 et
1688 439 1838 480 deinceps
1857 439 1949 471 Sauli
1973 440 2146 480 contigisse
2169 439 2362 473 videbimus.

1405 483 1494 514 Deus
1523 482 1631 522 itaque
1654 482 1699 514 sic
1724 482 1868 523 ipsorum
1891 482 2061 514 consilium
2085 487 2117 513 et
2140 490 2282 513 mentem
2305 484 2366 515 im-

1404 525 1550 562 mutavit,
1575 531 1610 555 ut
1633 535 1695 556 non
1718 524 1812 556 modo
1842 535 1906 556 non
1936 523 2241 564 comprehenderint
2263 524 2367 558 Davi-

1404 568 1476 599 dem
1499 578 1539 598 ex
1563 567 1648 608 regis
1666 567 1828 605 mandato,
1850 573 1886 599 ut
1903 574 2017 598 contra
2036 567 2267 608 prophetarum
2287 568 2367 600 socii

1404 611 1478 642 facti
1501 610 1573 641 sint.
1619 610 1663 640 Et
1690 609 1777 641 istud
1801 610 1890 641 Deus
1912 615 2063 650 operatus
2085 616 2143 648 est,
2174 614 2212 641 ut
2235 620 2269 641 re
2292 611 2362 651 ipsa

1405 658 1556 684 testatum
1585 652 1704 684 faceret
1726 662 1760 684 se
1785 652 1952 683 hominum
1974 652 2072 684 corda
2092 653 2124 683 in
2149 658 2309 692 potestate
2332 658 2366 685 et

1404 696 1552 726 manibus
1581 694 1707 732 habere,
1735 705 1816 735 quae
1847 705 1904 735 pro
1927 705 1986 725 sua
2013 695 2180 727 voluntate
2202 696 2313 727 flectat
2335 700 2371 727 et

1405 738 1556 778 impellat.
1603 737 1646 768 Et
1678 737 1717 768 de
1752 737 1861 769 Saulis
1894 737 2034 768 militum
2069 745 2135 769 tam
2169 738 2224 778 qui
2258 738 2366 778 primi,

1405 791 1499 821 quam
1523 780 1577 820 qui
1601 780 1733 812 secundi
1756 786 1789 810 et.
1811 780 1897 811 tertii
1922 787 2080 811 venerant
2109 780 2279 820 prophetia
2302 780 2368 813 dic-

1404 830 1472 854 tum
1492 830 1568 855 esto.
1603 822 1691 854 Sane
1714 822 1846 854 Saulem
1871 822 2080 854 vehementer
2102 823 2174 854 istis
2197 824 2367 863 oportebat

1404 865 1605 904 commoveri,
1629 870 1662 896 et
1691 875 1865 905 agnoscere
1894 875 1928 896 se
1952 864 2033 895 nihil
2063 864 2220 897 adversus
2250 866 2366 897 Domi-

1406 919 1481 939 num
1514 907 1688 948 pugnando
1718 918 1921 948 promovere:
1953 906 2007 939 sed
2037 907 2084 939 ita
2113 913 2224 940 tamen
2253 908 2365 940 obstu-

1406 952 1475 991 puit
1504 958 1539 981 ut
1570 951 1629 982 Dei
1658 960 1790 981 manum
1825 960 1888 981 non
1923 950 2069 982 senserit.
2123 950 2207 982 Nam
2237 956 2270 982 et
2299 951 2370 992 ipse

1406 993 1535 1025 tandem
1558 1003 1656 1033 quum
1686 1003 1720 1025 se
1742 1002 1762 1024 a
1783 992 1974 1024 satellitibus
2004 992 2071 1024 ludi
2095 993 2228 1031 videret,
2267 993 2366 1026 Naio-

1406 1037 1498 1067 thum
1525 1035 1698 1067 contendit.
1749 1035 1802 1067 Ex
1830 1036 1946 1076 quibus
1976 1042 2110 1075 apparet
2138 1035 2301 1076 improbos
2333 1040 2367 1068 et

1406 1079 1580 1119 flagitiosos
1611 1078 1758 1109 homines
1798 1078 1897 1110 nullis
1936 1077 2222 1117 admonitionibus,
2268 1078 2367 1110 nullis

1405 1121 1606 1152 documentis
1629 1120 1669 1152 ad
1691 1121 1804 1152 salutis
1829 1122 1914 1152 viam
1937 1119 2052 1152 adduci
2076 1131 2178 1161 posse,
2207 1120 2263 1153 sed
2286 1132 2365 1154 con-

1406 1172 1455 1195 tra
1485 1165 1587 1205 magis
1617 1174 1653 1195 ac
1683 1164 1784 1203 magis
1813 1163 1968 1200 indurari,
1998 1162 2268 1203 quemadmodum
2298 1165 2368 1205 ipse

1406 1206 1561 1247 propheta
1590 1207 1703 1238 Esaias
1739 1211 1875 1237 testatus
1904 1211 1961 1243 est,
1991 1205 2168 1246 Improbos,
2201 1207 2275 1238 licet
2297 1206 2362 1240 Dei

1406 1250 1540 1291 gloriam
1559 1249 1766 1288 conspiciant,
1786 1259 1849 1280 non
1863 1247 2122 1280 animadvertere
2140 1255 2261 1286 tamen,
2280 1250 2366 1290 quod

1407 1292 1542 1332 caligine
1565 1291 1764 1323 suffocentur
1786 1293 1931 1331 ipsorum
1953 1290 2044 1322 oculi.
2091 1291 2142 1323 En
2166 1298 2203 1324 ut
2225 1293 2364 1333 improbi

1408 1335 1511 1375 magis
1533 1344 1569 1366 ac
1588 1334 1691 1375 magis
1710 1334 1772 1365 Dei
1792 1334 1985 1366 indurantur
2003 1334 2163 1374 operibus,
2187 1340 2219 1366 et
2241 1345 2260 1366 a
2278 1342 2368 1368 recta

1409 1378 1460 1409 via
1478 1377 1608 1418 longius
1626 1386 1753 1417 semper
1771 1377 1899 1409 abeunt.
1924 1376 2011 1408 Hinc
2030 1377 2243 1409 admonemur
2261 1378 2369 1410 Deum

1408 1420 1540 1462 precari,
1574 1430 1615 1451 ne
1645 1430 1745 1460 quum
1775 1430 1851 1451 suae
1879 1419 2001 1460 gloriae
2031 1420 2123 1460 signa
2145 1419 2284 1452 ediderit
2305 1431 2367 1454 nos

1409 1472 1550 1502 unquam
1572 1462 1660 1494 sinat
1681 1462 1736 1493 illa
1758 1468 1980 1494 contemnere:
2004 1462 2060 1493 sed
2084 1463 2192 1502 potius
2214 1463 2280 1495 illis
2302 1474 2371 1496 ma-

1409 1507 1458 1547 gis
1480 1515 1516 1536 ac
1539 1505 1642 1545 magis
1665 1504 1704 1536 ad
1728 1505 1943 1536 humilitatem
1973 1504 2166 1542 erudiamur¹
2198 1506 2290 1546 eique
2311 1507 2368 1539 de-

1409 1549 1508 1581 bitam
1533 1548 1667 1588 gloriam
1691 1552 1723 1579 et
1745 1547 1898 1579 honorem
1922 1547 2103 1580 reddamus.
2145 1549 2190 1580 Et
2212 1559 2274 1589 quo
2297 1559 2372 1591 gra-

1409 1592 1483 1623 vius
1504 1590 1721 1630 increpaverit
1739 1597 1865 1622 nostras
1884 1591 2078 1630 iniquitates,
2102 1601 2139 1623 eo
2158 1592 2262 1632 magis
2282 1602 2369 1624 com-

1410 1644 1597 1665 moveamur
1625 1640 1657 1664 et
1679 1632 1800 1673 pudore
1827 1633 2053 1665 suffundamur
2076 1639 2207 1675 propter
2229 1640 2372 1675 peccata,

1410 1687 1509 1717 eoque
1533 1675 1700 1707 ardentius
1729 1676 1762 1707 in
1785 1676 1886 1717 ipsius
1915 1676 2038 1707 cultum
2061 1676 2216 1715 feramur,
2246 1681 2284 1708 ut
2306 1687 2374 1709 una

1410 1720 1452 1751 sit
1481 1725 1590 1751 nostra
1620 1717 1783 1750 beatitudo
1814 1724 1845 1750 ot
1875 1719 2022 1758 felicitas,
2053 1719 2160 1751 Deum
2190 1723 2259 1752 t-oto
2282 1720 2373 1753 vitae

1410 1761 1569 1794 curriculo
1591 1762 1696 1793 colere
1719 1768 1751 1793 et
1774 1761 1896 1793 honore
1919 1761 2026 1794 debito
2050 1762 2192 1795 afficere.

1496 1805 1565 1836 Iam
1586 1814 1662 1836 vero
1684 1805 1778 1845 agite,
1802 1807 1853 1836 etc.

1658 1977 1905 2017 HOMILIA.
1928 1975 2124 2015 LXXIII.

1497 2061 1547 2092 22.
1571 2061 1658 2093 Abiit
1679 2062 1773 2093 etiam
1794 2062 1860 2101 ipse
1882 2061 1916 2092 in
1940 2060 2106 2100 Ramatha,
2129 2063 2156 2093 et
2175 2061 2257 2093 venit
2273 2071 2370 2103 usque

1386 2102 1389 2134 ἒ
1413 2105 1454 2136 ad
1476 2105 1638 2135 cisternam
1665 2114 1811 2143 maynam
1833 2114 1910 2144 quae
1931 2106 1976 2134 est
1997 2104 2032 2134 in
2055 2103 2160 2140 Socho,
2191 2106 2218 2135 et
2238 2104 2371 2137 interro-

1387 2150 1389 2189 ᾖ
1411 2148 1503 2187 (savit,
1533 2150 1560 2178 et
1581 2148 1677 2179 dizit.-
1707 2147 1748 2178 In
1769 2157 1826 2186 quo
1853 2147 1914 2178 loco
1939 2148 2012 2177 sunt
2035 2145 2162 2178 Samuel
2185 2149 2211 2177 et
2232 2146 2368 2179 David?

1388 2203 1389 2214 π
1413 2191 1583 2228 dicamque
1605 2192 1648 2220 cst
1678 2190 1715 2227 ei,
1744 2199 1806 2220 eece
1836 2190 1867 2220 in
1891 2188 2008 2220 Naiotk
2038 2192 2110 2220 sunt
2135 2190 2169 2220 in
2199 2188 2367 2223 Ramatlta.

1388 2250 1389 2266 ι
1414 2233 1463 2263 23.
1509 2232 1551 2263 Et
1582 2232 1656 2264 abiit
1680 2232 1714 2262 -ἰη-
1739 2232 1855 2263 Naiotb
1887 2232 1921 2263 in
1946 2230 2112 2272 Ramatha,
2141 2235 2168 2264 ct
2194 2233 2297 2272 factus
2325 2236 2371 2265 est

1414 2276 1503 2306 nciam
1534 2285 1626 2314 super
1653 2284 1723 2306 eum
1752 2275 1885 2313 spiritus
1914 2273 1984 2311 Dei,
2014 2276 2041 2305 et
2071 2275 2247 2307 ambulabat
2275 2276 2377 2316 inyre-

1388 2354 1390 2366 .
1414 2318 1510 2355 diens,
1540 2320 1566 2349 et
1582 2317 1784 2358 prophetabat
1811 2317 1982 2356 usqueslmn
2003 2319 2119 2349 veniret
2142 2318 2175 2349 in
2200 2317 2317 2350 Naioth
2341 2319 2375 2350 in

1417 2360 1582 2391 Ramatha.
1606 2361 1654 2391 24.
1689 2360 1732 2391 Et
1754 2360 1936 2400 exspoliavit
1957 2359 2049 2390 eliam
2071 2361 2137 2401 ipse
2158 2370 2191 2393 se
2212 2361 2373 2393 vestimen·

1388 2421 1390 2434 «,
1414 2404 1454 2434 {Is
1476 2404 1551 2441 suis,
1581 2406 1607 2435 ct
1624 2403 1819 2443 prophetavit
1847 2413 1916 2435 cum
1938 2404 2065 2435 caeteris
2087 2413 2190 2435 coram
2216 2403 2376 2436 Samuele:

1415 2449 1441 2475 et
1463 2447 1567 2477 cecidit
1598 2446 1700 2478 nudus
1721 2448 1783 2476 tota
1812 2446 1862 2477 (lie
1884 2446 1940 2477 illa
1963 2447 1990 2476 et
2011 2449 2102 2478 nocte.
2154 2446 2240 2478 Unde
2261 2449 2290 2479 ct
2311 2446 2377 2479 exi-

462 2535 466 2539 ·
610 2534 616 2539 ·
770 2533 774 2538 .
942 2532 947 2537 ¹
1300 2529 1305 2535 ·
1390 2502 1391 2512 1
1416 2489 1457 2518 rit
1476 2488 1686 2528 proverbium.-
1709 2488 1796 2520 Num
1817 2492 1844 2520 et
1867 2488 1944 2521 Saul
1965 2488 2044 2520 ‘inter
2061 2488 2261 2530 prophetas?

408 2536 487 2575 ipsis
510 2543 711 2574 conspicuam
732 2533 845 2564 fuisse:
870 2537 906 2563 ut
928 2531 1002 2563 licet
1025 2542 1061 2562 eo
1086 2531 1247 2562 venissent
1267 2529 1363 2560 alium
1390 2529 1392 2575 ξ
